[
    {
        "date": "2024-03-28",
        "symbol": "J",
        "period": "Q2",
        "revenuefromcontractwithcustomerincludingassessedtax": 4269093000,
        "costofgoodsandservicessold": 3364478000,
        "grossprofit": 904615000,
        "sellinggeneralandadministrativeexpense": 623627000,
        "operatingincomeloss": 280988000,
        "investmentincomeinterest": 9405000,
        "interestexpense": 44232000,
        "othernonoperatingincomeexpense": -4576000,
        "nonoperatingincomeexpense": -39403000,
        "incomelossfromcontinuingoperationsbeforeincometaxesextraordinaryitemsnoncontrollinginterest": 241585000,
        "incometaxexpensebenefit": 67283000,
        "incomelossfromcontinuingoperationsincludingportionattributabletononcontrollinginterest": 174302000,
        "incomelossfromdiscontinuedoperationsnetoftax": -768000,
        "profitloss": 173534000,
        "incomelossfromcontinuingoperationsattributabletononcontrollingentity": 7340000,
        "netincomelossattributabletoredeemablenoncontrollinginterestcontinuingoperations": 4082000,
        "incomelossfromcontinuingoperations": 162880000,
        "netincomeloss": 162112000,
        "incomelossfromcontinuingoperationsperbasicshare": 1.3,
        "incomelossfromdiscontinuedoperationsnetoftaxperbasicshare": -0.01,
        "earningspersharebasic": 1.29,
        "incomelossfromcontinuingoperationsperdilutedshare": 1.29,
        "incomelossfromdiscontinuedoperationsnetoftaxperdilutedshare": -0.01,
        "earningspersharediluted": 1.28,
        "othercomprehensiveincomelossforeigncurrencytransactionandtranslationadjustmentbeforetax": -34872000,
        "othercomprehensiveincomelosscashflowhedgegainlossafterreclassificationandtax": 1925000,
        "othercomprehensiveincomelosspensionandotherpostretirementbenefitplansadjustmentbeforetax": -4294000,
        "othercomprehensiveincomelossbeforetax": -28653000,
        "othercomprehensiveincomelosscashflowhedgegainlossafterreclassificationtax": 526000,
        "othercomprehensiveincomelosspensionandotherpostretirementbenefitplanstax": -473000,
        "othercomprehensiveincomelosstax": 999000,
        "othercomprehensiveincomelossnetoftax": -29652000,
        "comprehensiveincomenetoftaxincludingportionattributabletononcontrollinginterest": 143882000,
        "netincomelossattributabletononcontrollinginterest": 7340000,
        "comprehensiveincomenetoftax": 132460000
    },
    {
        "date": "2023-12-28",
        "symbol": "J",
        "period": "Q1",
        "revenuefromcontractwithcustomerincludingassessedtax": 4159225000,
        "costofgoodsandservicessold": 3308687000,
        "grossprofit": 850538000,
        "sellinggeneralandadministrativeexpense": 646475000,
        "operatingincomeloss": 204063000,
        "investmentincomeinterest": 8233000,
        "interestexpense": 43352000,
        "othernonoperatingincomeexpense": -3195000,
        "nonoperatingincomeexpense": -38314000,
        "incomelossfromcontinuingoperationsbeforeincometaxesextraordinaryitemsnoncontrollinginterest": 165749000,
        "incometaxexpensebenefit": -16279000,
        "incomelossfromcontinuingoperationsincludingportionattributabletononcontrollinginterest": 182028000,
        "incomelossfromdiscontinuedoperationsnetoftax": -574000,
        "profitloss": 181454000,
        "incomelossfromcontinuingoperationsattributabletononcontrollingentity": 7226000,
        "netincomelossattributabletoredeemablenoncontrollinginterestcontinuingoperations": 2618000,
        "incomelossfromcontinuingoperations": 172184000,
        "netincomeloss": 171610000,
        "incomelossfromcontinuingoperationsperbasicshare": 1.38,
        "earningspersharebasic": 1.37,
        "incomelossfromcontinuingoperationsperdilutedshare": 1.37,
        "earningspersharediluted": 1.37,
        "othercomprehensiveincomelossforeigncurrencytransactionandtranslationadjustmentbeforetax": 108048000,
        "othercomprehensiveincomelosscashflowhedgegainlossafterreclassificationandtax": -27666000,
        "othercomprehensiveincomelosspensionandotherpostretirementbenefitplansadjustmentbeforetax": 10753000,
        "othercomprehensiveincomelossbeforetax": 69629000,
        "othercomprehensiveincomelosscashflowhedgegainlossafterreclassificationtax": -7196000,
        "othercomprehensiveincomelosspensionandotherpostretirementbenefitplanstax": -462000,
        "othercomprehensiveincomelosstax": -6734000,
        "othercomprehensiveincomelossnetoftax": 76363000,
        "comprehensiveincomenetoftaxincludingportionattributabletononcontrollinginterest": 257817000,
        "netincomelossattributabletononcontrollinginterest": 7226000,
        "comprehensiveincomenetoftax": 247973000
    },
    {
        "date": "2023-09-28",
        "symbol": "J",
        "period": "Q4",
        "revenuefromcontractwithcustomerincludingassessedtax": 4288711000,
        "costofgoodsandservicessold": 3377146000,
        "grossprofit": 911565000,
        "sellinggeneralandadministrativeexpense": 633737000,
        "operatingincomeloss": 277828000,
        "investmentincomeinterest": 7546000,
        "interestexpense": 43631000,
        "othernonoperatingincomeexpense": -1544000,
        "nonoperatingincomeexpense": -37629000,
        "incomelossfromcontinuingoperationsbeforeincometaxesextraordinaryitemsnoncontrollinginterest": 240199000,
        "incometaxexpensebenefit": 72852000,
        "incomelossfromcontinuingoperationsincludingportionattributabletononcontrollinginterest": 167347000,
        "incomelossfromdiscontinuedoperationsnetoftax": -353000,
        "profitloss": 166994000,
        "incomelossfromcontinuingoperationsattributabletononcontrollingentity": 9227000,
        "netincomelossattributabletoredeemablenoncontrollinginterestcontinuingoperations": 8389000,
        "incomelossfromcontinuingoperations": 149731000,
        "netincomeloss": 149378000,
        "incomelossfromcontinuingoperationsperbasicshare": 1.2600000000000002,
        "earningspersharebasic": 1.2400000000000004,
        "incomelossfromcontinuingoperationsperdilutedshare": 1.2499999999999993,
        "earningspersharediluted": 1.25,
        "othercomprehensiveincomelossforeigncurrencytransactionandtranslationadjustmentbeforetax": -93796000,
        "othercomprehensiveincomelosscashflowhedgegainlossafterreclassificationandtax": -6189000,
        "othercomprehensiveincomelosspensionandotherpostretirementbenefitplansadjustmentbeforetax": -12635000,
        "othercomprehensiveincomelossbeforetax": -87350000,
        "othercomprehensiveincomelossforeigncurrencytranslationadjustmenttax": -1480000,
        "othercomprehensiveincomelosscashflowhedgegainlossafterreclassificationtax": -1190000,
        "othercomprehensiveincomelosspensionandotherpostretirementbenefitplanstax": -886000,
        "othercomprehensiveincomelosstax": -1784000,
        "othercomprehensiveincomelossnetoftax": -85566000,
        "comprehensiveincomenetoftaxincludingportionattributabletononcontrollinginterest": 81428000,
        "netincomelossattributabletononcontrollinginterest": 9227000,
        "comprehensiveincomenetoftax": 63812000
    },
    {
        "date": "2023-06-29",
        "symbol": "J",
        "period": "Q3",
        "revenuefromcontractwithcustomerincludingassessedtax": 4186702000,
        "costofgoodsandservicessold": 3329959000,
        "grossprofit": 856743000,
        "sellinggeneralandadministrativeexpense": 587002000,
        "operatingincomeloss": 269741000,
        "investmentincomeinterest": 7830000,
        "interestexpense": 43787000,
        "othernonoperatingincomeexpense": -7099000,
        "nonoperatingincomeexpense": -43056000,
        "incomelossfromcontinuingoperationsbeforeincometaxesextraordinaryitemsnoncontrollinginterest": 226685000,
        "incometaxexpensebenefit": 54166000,
        "incomelossfromcontinuingoperationsincludingportionattributabletononcontrollinginterest": 172519000,
        "incomelossfromdiscontinuedoperationsnetoftax": 294000,
        "profitloss": 172813000,
        "incomelossfromcontinuingoperationsattributabletononcontrollingentity": 8204000,
        "netincomelossattributabletoredeemablenoncontrollinginterestcontinuingoperations": 370000,
        "incomelossfromcontinuingoperations": 163945000,
        "netincomeloss": 164239000,
        "incomelossfromcontinuingoperationsperbasicshare": 1.29,
        "earningspersharebasic": 1.3,
        "incomelossfromcontinuingoperationsperdilutedshare": 1.29,
        "earningspersharediluted": 1.29,
        "othercomprehensiveincomelossforeigncurrencytransactionandtranslationadjustmentbeforetax": 55482000,
        "othercomprehensiveincomelosscashflowhedgegainlossafterreclassificationandtax": 15644000,
        "othercomprehensiveincomelosspensionandotherpostretirementbenefitplansadjustmentbeforetax": 6765000,
        "othercomprehensiveincomelossbeforetax": 64361000,
        "othercomprehensiveincomelossforeigncurrencytranslationadjustmenttax": -5293000,
        "othercomprehensiveincomelosscashflowhedgegainlossafterreclassificationtax": 3637000,
        "othercomprehensiveincomelosspensionandotherpostretirementbenefitplanstax": -363000,
        "othercomprehensiveincomelosstax": -1293000,
        "othercomprehensiveincomelossnetoftax": 65654000,
        "comprehensiveincomenetoftaxincludingportionattributabletononcontrollinginterest": 238467000,
        "netincomelossattributabletononcontrollinginterest": 8204000,
        "comprehensiveincomenetoftax": 229893000
    },
    {
        "date": "2023-03-30",
        "symbol": "J",
        "period": "Q2",
        "revenuefromcontractwithcustomerincludingassessedtax": 4078333000,
        "costofgoodsandservicessold": 3188039000,
        "grossprofit": 890294000,
        "sellinggeneralandadministrativeexpense": 600431000,
        "operatingincomeloss": 289863000,
        "investmentincomeinterest": 7630000,
        "interestexpense": 40613000,
        "othernonoperatingincomeexpense": -4566000,
        "nonoperatingincomeexpense": -37549000,
        "incomelossfromcontinuingoperationsbeforeincometaxesextraordinaryitemsnoncontrollinginterest": 252314000,
        "incometaxexpensebenefit": 19060000,
        "incomelossfromcontinuingoperationsincludingportionattributabletononcontrollinginterest": 233254000,
        "incomelossfromdiscontinuedoperationsnetoftax": -75000,
        "profitloss": 233179000,
        "incomelossfromcontinuingoperationsattributabletononcontrollingentity": 7803000,
        "netincomelossattributabletoredeemablenoncontrollinginterestcontinuingoperations": 8863000,
        "incomelossfromcontinuingoperations": 216588000,
        "netincomeloss": 216513000,
        "incomelossfromcontinuingoperationsperbasicshare": 1.6999999999999997,
        "incomelossfromdiscontinuedoperationsnetoftaxperbasicshare": 0,
        "earningspersharebasic": 1.7099999999999997,
        "incomelossfromcontinuingoperationsperdilutedshare": 1.7,
        "incomelossfromdiscontinuedoperationsnetoftaxperdilutedshare": 0,
        "earningspersharediluted": 1.6999999999999997,
        "othercomprehensiveincomelossforeigncurrencytransactionandtranslationadjustmentbeforetax": 21950000,
        "othercomprehensiveincomelosscashflowhedgegainlossafterreclassificationandtax": -19811000,
        "othercomprehensiveincomelosspensionandotherpostretirementbenefitplansadjustmentbeforetax": -7000,
        "othercomprehensiveincomelossbeforetax": 2146000,
        "othercomprehensiveincomelossforeigncurrencytranslationadjustmenttax": -968000,
        "othercomprehensiveincomelosscashflowhedgegainlossafterreclassificationtax": -5047000,
        "othercomprehensiveincomelosspensionandotherpostretirementbenefitplanstax": -351000,
        "othercomprehensiveincomelosstax": -5664000,
        "othercomprehensiveincomelossnetoftax": 7810000,
        "comprehensiveincomenetoftaxincludingportionattributabletononcontrollinginterest": 240989000,
        "netincomelossattributabletononcontrollinginterest": 7803000,
        "comprehensiveincomenetoftax": 224323000
    },
    {
        "date": "2022-12-29",
        "symbol": "J",
        "period": "Q1",
        "revenuefromcontractwithcustomerincludingassessedtax": 3798668000,
        "costofgoodsandservicessold": 2983955000,
        "grossprofit": 814713000,
        "sellinggeneralandadministrativeexpense": 576908000,
        "operatingincomeloss": 237805000,
        "investmentincomeinterest": 3007000,
        "interestexpense": 40077000,
        "othernonoperatingincomeexpense": -3254000,
        "nonoperatingincomeexpense": -40324000,
        "incomelossfromcontinuingoperationsbeforeincometaxesextraordinaryitemsnoncontrollinginterest": 197481000,
        "incometaxexpensebenefit": 50103000,
        "incomelossfromcontinuingoperationsincludingportionattributabletononcontrollinginterest": 147378000,
        "incomelossfromdiscontinuedoperationsnetoftax": -708000,
        "profitloss": 146670000,
        "incomelossfromcontinuingoperationsattributabletononcontrollingentity": 7031000,
        "netincomelossattributabletoredeemablenoncontrollinginterestcontinuingoperations": 3992000,
        "incomelossfromcontinuingoperations": 136355000,
        "netincomeloss": 135647000,
        "incomelossfromcontinuingoperationsperbasicshare": 1.08,
        "incomelossfromdiscontinuedoperationsnetoftaxperbasicshare": -0.01,
        "earningspersharebasic": 1.07,
        "incomelossfromcontinuingoperationsperdilutedshare": 1.07,
        "incomelossfromdiscontinuedoperationsnetoftaxperdilutedshare": -0.01,
        "earningspersharediluted": 1.06,
        "othercomprehensiveincomelossforeigncurrencytransactionandtranslationadjustmentbeforetax": 165335000,
        "othercomprehensiveincomelosscashflowhedgegainlossafterreclassificationandtax": -10144000,
        "othercomprehensiveincomelosspensionandotherpostretirementbenefitplansadjustmentbeforetax": 22266000,
        "othercomprehensiveincomelossbeforetax": 132925000,
        "othercomprehensiveincomelossforeigncurrencytranslationadjustmenttax": 6609000,
        "othercomprehensiveincomelosscashflowhedgegainlossafterreclassificationtax": -3270000,
        "othercomprehensiveincomelosspensionandotherpostretirementbenefitplanstax": -308000,
        "othercomprehensiveincomelosstax": 3647000,
        "othercomprehensiveincomelossnetoftax": 129278000,
        "comprehensiveincomenetoftaxincludingportionattributabletononcontrollinginterest": 275948000,
        "netincomelossattributabletononcontrollinginterest": 7031000,
        "comprehensiveincomenetoftax": 264925000
    },
    {
        "date": "2022-09-29",
        "symbol": "J",
        "period": "Q4",
        "revenuefromcontractwithcustomerincludingassessedtax": 3881048000,
        "costofgoodsandservicessold": 3045367000,
        "grossprofit": 835681000,
        "sellinggeneralandadministrativeexpense": 527141000,
        "operatingincomeloss": 308540000,
        "investmentincomeinterest": 1565000,
        "interestexpense": 32696000,
        "othernonoperatingincomeexpense": 2451000,
        "nonoperatingincomeexpense": -28680000,
        "incomelossfromcontinuingoperationsbeforeincometaxesextraordinaryitemsnoncontrollinginterest": 279860000,
        "incomelossfromcontinuingoperationsincludingportionattributabletononcontrollinginterest": 240503000,
        "incomelossfromdiscontinuedoperationsnetoftax": 544000,
        "profitloss": 241047000,
        "incomelossfromcontinuingoperationsattributabletononcontrollingentity": 8502000,
        "netincomelossattributabletoredeemablenoncontrollinginterestcontinuingoperations": 7339000,
        "incomelossfromcontinuingoperations": 224662000,
        "netincomeloss": 225206000,
        "incomelossfromcontinuingoperationsperbasicshare": 1.7499999999999996,
        "earningspersharebasic": 1.7499999999999996,
        "incomelossfromcontinuingoperationsperdilutedshare": 1.7500000000000002,
        "earningspersharediluted": 1.7500000000000002,
        "othercomprehensiveincomelossforeigncurrencytransactionandtranslationadjustmentbeforetax": -155466000,
        "othercomprehensiveincomelosspensionandotherpostretirementbenefitplansadjustmentbeforetax": -43868000,
        "othercomprehensiveincomelossbeforetax": -21843000,
        "othercomprehensiveincomelossforeigncurrencytranslationadjustmenttax": -15947000,
        "othercomprehensiveincomelosspensionandotherpostretirementbenefitplanstax": -2477000,
        "othercomprehensiveincomelosstax": 10775000,
        "othercomprehensiveincomelossnetoftax": -32618000,
        "comprehensiveincomenetoftaxincludingportionattributabletononcontrollinginterest": 208429000,
        "netincomelossattributabletononcontrollinginterest": 8502000,
        "comprehensiveincomenetoftax": 192588000
    },
    {
        "date": "2022-06-30",
        "symbol": "J",
        "period": "Q3",
        "revenuefromcontractwithcustomerincludingassessedtax": 3827093000,
        "costofgoodsandservicessold": 3002618000,
        "grossprofit": 824475000,
        "sellinggeneralandadministrativeexpense": 558713000,
        "operatingincomeloss": 265762000,
        "investmentincomeinterest": 1042000,
        "interestexpense": 26129000,
        "othernonoperatingincomeexpense": 31440000,
        "nonoperatingincomeexpense": 6353000,
        "incomelossfromcontinuingoperationsbeforeincometaxesextraordinaryitemsnoncontrollinginterest": 272115000,
        "currentincometaxexpensebenefit": 59491000,
        "incomelossfromcontinuingoperationsincludingportionattributabletononcontrollinginterest": 212624000,
        "incomelossfromdiscontinuedoperationsnetoftax": -343000,
        "profitloss": 212281000,
        "incomelossfromcontinuingoperationsattributabletononcontrollingentity": 8773000,
        "netincomelossattributabletoredeemablenoncontrollinginterestcontinuingoperations": 7525000,
        "incomelossfromcontinuingoperations": 196326000,
        "netincomeloss": 195983000,
        "incomelossfromcontinuingoperationsperbasicshare": 1.53,
        "earningspersharebasic": 1.53,
        "incomelossfromcontinuingoperationsperdilutedshare": 1.52,
        "earningspersharediluted": 1.52,
        "othercomprehensiveincomelossforeigncurrencytransactionandtranslationadjustmentbeforetax": -187841000,
        "othercomprehensiveincomelosscashflowhedgegainlossreclassificationbeforetax": -9440000,
        "othercomprehensiveincomelosspensionandotherpostretirementbenefitplansadjustmentbeforetax": -28584000,
        "othercomprehensiveincomelossbeforetax": -149817000,
        "othercomprehensiveincomelossforeigncurrencytranslationadjustmenttax": -482000,
        "othercomprehensiveincomelosscashflowhedgegainlossreclassificationtax": -4115000,
        "othercomprehensiveincomelosspensionandotherpostretirementbenefitplanstax": -688000,
        "othercomprehensiveincomelosstax": 4321000,
        "othercomprehensiveincomelossnetoftax": -154138000,
        "comprehensiveincomenetoftaxincludingportionattributabletononcontrollinginterest": 58143000,
        "netincomelossattributabletononcontrollinginterest": 8773000,
        "comprehensiveincomenetoftax": 41845000
    },
    {
        "date": "2022-03-31",
        "symbol": "J",
        "period": "Q2",
        "revenuefromcontractwithcustomerincludingassessedtax": 3834059000,
        "costofgoodsandservicessold": 2963649000,
        "grossprofit": 870410000,
        "sellinggeneralandadministrativeexpense": 704195000,
        "operatingincomeloss": 166215000,
        "investmentincomeinterest": 381000,
        "interestexpense": 21995000,
        "othernonoperatingincomeexpense": 10681000,
        "nonoperatingincomeexpense": -10933000,
        "incomelossfromcontinuingoperationsbeforeincometaxesextraordinaryitemsnoncontrollinginterest": 155282000,
        "currentincometaxexpensebenefit": 46166000,
        "incomelossfromcontinuingoperationsincludingportionattributabletononcontrollinginterest": 109116000,
        "incomelossfromdiscontinuedoperationsnetoftax": -1000,
        "profitloss": 109115000,
        "incomelossfromcontinuingoperationsattributabletononcontrollingentity": 10261000,
        "netincomelossattributabletoredeemablenoncontrollinginterestcontinuingoperations": 10038000,
        "incomelossfromcontinuingoperations": 88817000,
        "netincomeloss": 88816000,
        "incomelossfromcontinuingoperationsperbasicshare": 0.69,
        "earningspersharebasic": 0.69,
        "incomelossfromcontinuingoperationsperdilutedshare": 0.68,
        "earningspersharediluted": 0.68,
        "othercomprehensiveincomelossforeigncurrencytransactionandtranslationadjustmentbeforetax": -45827000,
        "othercomprehensiveincomelosscashflowhedgegainlossreclassificationbeforetax": -46491000,
        "othercomprehensiveincomelosspensionandotherpostretirementbenefitplansadjustmentbeforetax": -12036000,
        "othercomprehensiveincomelossbeforetax": 12700000,
        "othercomprehensiveincomelossforeigncurrencytranslationadjustmenttax": 400000,
        "othercomprehensiveincomelosscashflowhedgegainlossreclassificationtax": -12290000,
        "othercomprehensiveincomelosspensionandotherpostretirementbenefitplanstax": -728000,
        "othercomprehensiveincomelosstax": 13418000,
        "othercomprehensiveincomelossnetoftax": -718000,
        "comprehensiveincomenetoftaxincludingportionattributabletononcontrollinginterest": 108397000,
        "netincomelossattributabletononcontrollinginterest": 10261000,
        "comprehensiveincomenetoftax": 88098000
    },
    {
        "date": "2021-12-30",
        "symbol": "J",
        "period": "Q1",
        "revenuefromcontractwithcustomerincludingassessedtax": 3380625000,
        "costofgoodsandservicessold": 2584151000,
        "grossprofit": 796474000,
        "sellinggeneralandadministrativeexpense": 619141000,
        "operatingincomeloss": 177333000,
        "investmentincomeinterest": 1501000,
        "interestexpense": 19426000,
        "othernonoperatingincomeexpense": 9682000,
        "nonoperatingincomeexpense": -8243000,
        "incomelossfromcontinuingoperationsbeforeincometaxesextraordinaryitemsnoncontrollinginterest": 169090000,
        "currentincometaxexpensebenefit": 15889000,
        "incomelossfromcontinuingoperationsincludingportionattributabletononcontrollinginterest": 153201000,
        "incomelossfromdiscontinuedoperationsnetoftax": -232000,
        "profitloss": 152969000,
        "incomelossfromcontinuingoperationsattributabletononcontrollingentity": 9252000,
        "netincomelossattributabletoredeemablenoncontrollinginterestcontinuingoperations": 9683000,
        "incomelossfromcontinuingoperations": 134266000,
        "netincomeloss": 134034000,
        "incomelossfromcontinuingoperationsperbasicshare": 1.04,
        "earningspersharebasic": 1.04,
        "incomelossfromcontinuingoperationsperdilutedshare": 1.03,
        "earningspersharediluted": 1.03,
        "othercomprehensiveincomelossforeigncurrencytransactionandtranslationadjustmentbeforetax": -8685000,
        "othercomprehensiveincomelosscashflowhedgegainlossreclassificationbeforetax": -8855000,
        "othercomprehensiveincomelosspensionandotherpostretirementbenefitplansadjustmentbeforetax": -8039000,
        "othercomprehensiveincomelossbeforetax": 8209000,
        "othercomprehensiveincomelossforeigncurrencytranslationadjustmenttax": -2990000,
        "othercomprehensiveincomelosscashflowhedgegainlossreclassificationtax": -2945000,
        "othercomprehensiveincomelosspensionandotherpostretirementbenefitplanstax": -1468000,
        "othercomprehensiveincomelosstax": 1423000,
        "othercomprehensiveincomelossnetoftax": 6786000,
        "comprehensiveincomenetoftaxincludingportionattributabletononcontrollinginterest": 159755000,
        "netincomelossattributabletononcontrollinginterest": 9252000,
        "comprehensiveincomenetoftax": 140820000
    },
    {
        "date": "2021-09-30",
        "symbol": "J",
        "period": "Q4",
        "revenuefromcontractwithcustomerincludingassessedtax": 3586488000,
        "costofgoodsandservicessold": 2758723000,
        "grossprofit": 827765000,
        "sellinggeneralandadministrativeexpense": 576248000,
        "operatingincomeloss": 251517000,
        "investmentincomeinterest": 770000,
        "interestexpense": 19926000,
        "othernonoperatingincomeexpense": -61981000,
        "nonoperatingincomeexpense": -81137000,
        "incomelossfromcontinuingoperationsincludingportionattributabletononcontrollinginterest": 71036000,
        "incomelossfromdiscontinuedoperationsnetoftax": -1682000,
        "profitloss": 69354000,
        "incomelossfromcontinuingoperationsattributabletononcontrollingentity": 9847000,
        "incomelossfromcontinuingoperations": 44827000,
        "netincomeloss": 43145000,
        "incomelossfromcontinuingoperationsperbasicshare": 0.3500000000000001,
        "earningspersharebasic": 0.33000000000000007,
        "earningspersharediluted": 0.33000000000000007,
        "othercomprehensiveincomelossforeigncurrencytransactionandtranslationadjustmentbeforetax": -53480000,
        "othercomprehensiveincomelosspensionandotherpostretirementbenefitplansadjustmentbeforetax": -156220000,
        "othercomprehensiveincomelossbeforetax": 107902000,
        "othercomprehensiveincomelossforeigncurrencytranslationadjustmenttax": -5565000,
        "othercomprehensiveincomelosspensionandotherpostretirementbenefitplanstax": 40479000,
        "othercomprehensiveincomelosstax": 31933000,
        "othercomprehensiveincomelossnetoftax": 75969000,
        "comprehensiveincomenetoftaxincludingportionattributabletononcontrollinginterest": 145323000,
        "netincomelossattributabletononcontrollinginterest": 9847000,
        "comprehensiveincomenetoftax": 119114000
    },
    {
        "date": "2021-07-01",
        "symbol": "J",
        "period": "Q3",
        "revenuefromcontractwithcustomerincludingassessedtax": 3576436000,
        "costofgoodsandservicessold": 2759501000,
        "grossprofit": 816935000,
        "sellinggeneralandadministrativeexpense": 553189000,
        "operatingincomeloss": 263746000,
        "investmentincomeinterest": 1001000,
        "interestexpense": 20011000,
        "othernonoperatingincomeexpense": 38658000,
        "nonoperatingincomeexpense": 19648000,
        "incomelossfromcontinuingoperationsbeforeincometaxesminorityinterestandincomelossfromequitymethodinvestments": 283394000,
        "currentincometaxexpensebenefit": 109187000,
        "incomelossfromcontinuingoperationsincludingportionattributabletononcontrollinginterest": 174207000,
        "incomelossfromdiscontinuedoperationsnetoftax": 385000,
        "profitloss": 174592000,
        "incomelossfromcontinuingoperationsattributabletononcontrollingentity": 9182000,
        "incomelossfromcontinuingoperations": 165409000,
        "netincomeloss": 165794000,
        "incomelossfromcontinuingoperationsperbasicshare": 0.8299999999999996,
        "earningspersharebasic": 0.8300000000000001,
        "earningspersharediluted": 0.8300000000000001,
        "othercomprehensiveincomelossforeigncurrencytransactionandtranslationadjustmentbeforetax": -1823000,
        "othercomprehensiveincomelosscashflowhedgegainlossreclassificationbeforetax": 7017000,
        "othercomprehensiveincomelosspensionandotherpostretirementbenefitplansadjustmentbeforetax": -3778000,
        "othercomprehensiveincomelossbeforetax": -5062000,
        "othercomprehensiveincomelossforeigncurrencytranslationadjustmenttax": -2361000,
        "othercomprehensiveincomelosscashflowhedgegainlossreclassificationtax": 1774000,
        "othercomprehensiveincomelosspensionandotherpostretirementbenefitplanstax": -845000,
        "othercomprehensiveincomelosstax": -3290000,
        "othercomprehensiveincomelossnetoftax": -1772000,
        "comprehensiveincomenetoftaxincludingportionattributabletononcontrollinginterest": 172820000,
        "netincomelossattributabletononcontrollinginterest": 9182000,
        "comprehensiveincomenetoftax": 164022000
    },
    {
        "date": "2021-04-01",
        "symbol": "J",
        "period": "Q2",
        "revenuefromcontractwithcustomerincludingassessedtax": 3547872000,
        "costofgoodsandservicessold": 2780860000,
        "grossprofit": 767012000,
        "sellinggeneralandadministrativeexpense": 808126000,
        "operatingincomeloss": -41114000,
        "investmentincomeinterest": 608000,
        "interestexpense": 15464000,
        "othernonoperatingincomeexpense": -56313000,
        "nonoperatingincomeexpense": -71169000,
        "incomelossfromcontinuingoperationsbeforeincometaxesminorityinterestandincomelossfromequitymethodinvestments": -112283000,
        "currentincometaxexpensebenefit": -20773000,
        "incomelossfromcontinuingoperationsincludingportionattributabletononcontrollinginterest": -91510000,
        "incomelossfromdiscontinuedoperationsnetoftax": 11319000,
        "profitloss": -80191000,
        "incomelossfromcontinuingoperationsattributabletononcontrollingentity": 10158000,
        "incomelossfromcontinuingoperations": -276000,
        "netincomeloss": 11043000,
        "incomelossfromcontinuingoperationsperbasicshare": -0.010000000000000009,
        "earningspersharebasic": 0.08000000000000007,
        "incomelossfromcontinuingoperationsperdilutedshare": 0,
        "earningspersharediluted": 0.08000000000000007,
        "othercomprehensiveincomelossforeigncurrencytransactionandtranslationadjustmentbeforetax": -15450000,
        "othercomprehensiveincomelosscashflowhedgegainlossreclassificationbeforetax": -27604000,
        "othercomprehensiveincomelosspensionandotherpostretirementbenefitplansadjustmentbeforetax": -1490000,
        "othercomprehensiveincomelossbeforetax": 13644000,
        "othercomprehensiveincomelossforeigncurrencytranslationadjustmenttax": -3409000,
        "othercomprehensiveincomelosscashflowhedgegainlossreclassificationtax": -7315000,
        "othercomprehensiveincomelosspensionandotherpostretirementbenefitplanstax": -838000,
        "othercomprehensiveincomelosstax": 4744000,
        "othercomprehensiveincomelossnetoftax": 8900000,
        "comprehensiveincomenetoftaxincludingportionattributabletononcontrollinginterest": -71291000,
        "netincomelossattributabletononcontrollinginterest": 10158000,
        "comprehensiveincomenetoftax": 19943000
    },
    {
        "date": "2020-12-31",
        "symbol": "J",
        "period": "Q1",
        "revenuefromcontractwithcustomerincludingassessedtax": 3381836000,
        "costofgoodsandservicessold": 2749776000,
        "grossprofit": 632060000,
        "sellinggeneralandadministrativeexpense": 418120000,
        "operatingincomeloss": 213940000,
        "investmentincomeinterest": 1124000,
        "interestexpense": 17313000,
        "othernonoperatingincomeexpense": 156360000,
        "nonoperatingincomeexpense": 140171000,
        "incomelossfromcontinuingoperationsbeforeincometaxesminorityinterestandincomelossfromequitymethodinvestments": 354111000,
        "currentincometaxexpensebenefit": 87023000,
        "incomelossfromcontinuingoperationsincludingportionattributabletononcontrollinginterest": 267088000,
        "incomelossfromdiscontinuedoperationsnetoftax": -14000,
        "profitloss": 267074000,
        "incomelossfromcontinuingoperationsattributabletononcontrollingentity": 10026000,
        "incomelossfromcontinuingoperations": 257062000,
        "netincomeloss": 257048000,
        "incomelossfromcontinuingoperationsperbasicshare": 1.98,
        "earningspersharebasic": 1.98,
        "incomelossfromcontinuingoperationsperdilutedshare": 1.96,
        "earningspersharediluted": 1.96,
        "othercomprehensiveincomelossforeigncurrencytransactionandtranslationadjustmentbeforetax": 86338000,
        "othercomprehensiveincomelosscashflowhedgegainlossreclassificationbeforetax": -3583000,
        "othercomprehensiveincomelosspensionandotherpostretirementbenefitplansadjustmentbeforetax": 19353000,
        "othercomprehensiveincomelossbeforetax": 70568000,
        "othercomprehensiveincomelossforeigncurrencytranslationadjustmenttax": 14445000,
        "othercomprehensiveincomelosscashflowhedgegainlossreclassificationtax": 221000,
        "othercomprehensiveincomelosspensionandotherpostretirementbenefitplanstax": -826000,
        "othercomprehensiveincomelosstax": 15050000,
        "othercomprehensiveincomelossnetoftax": 55518000,
        "comprehensiveincomenetoftaxincludingportionattributabletononcontrollinginterest": 322592000,
        "netincomelossattributabletononcontrollinginterest": 10026000,
        "comprehensiveincomenetoftax": 312566000
    },
    {
        "date": "2020-10-01",
        "symbol": "J",
        "period": "Q4",
        "revenuefromcontractwithcustomerincludingassessedtax": 214691000,
        "costofgoodsandservicessold": 139276000,
        "grossprofit": 664935000,
        "sellinggeneralandadministrativeexpense": 199237000,
        "operatingincomeloss": 139877000,
        "investmentincomeinterest": 1549000,
        "interestexpense": 14042000,
        "othernonoperatingincomeexpense": 50177000,
        "nonoperatingincomeexpense": 37684000,
        "incomelossfromcontinuingoperationsbeforeincometaxesminorityinterestandincomelossfromequitymethodinvestments": 60156000,
        "incomelossfromcontinuingoperationsincludingportionattributabletononcontrollinginterest": 79878000,
        "incomelossfromdiscontinuedoperationsnetoftax": 12473000,
        "profitloss": -164659000,
        "incomelossfromcontinuingoperationsattributabletononcontrollingentity": 10361000,
        "incomelossfromcontinuingoperations": 69517000,
        "incomelossfromdiscontinuedoperationsnetoftaxattributabletoreportingentity": 12473000,
        "netincomeloss": 81990000,
        "incomelossfromcontinuingoperationsperbasicshare": 0.52,
        "incomelossfromdiscontinuedoperationsnetoftaxperbasicshare": 0.09999999999999998,
        "earningspersharebasic": 0.6200000000000003,
        "incomelossfromcontinuingoperationsperdilutedshare": 0.51,
        "incomelossfromdiscontinuedoperationsnetoftaxperdilutedshare": 0.09999999999999998,
        "earningspersharediluted": 0.6099999999999997,
        "othercomprehensiveincomelosspensionandotherpostretirementbenefitplansadjustmentbeforetax": 91205000,
        "othercomprehensiveincomelossbeforetax": -40120000,
        "othercomprehensiveincomelosspensionandotherpostretirementbenefitplanstax": 17821000,
        "othercomprehensiveincomelosstax": -18755000,
        "othercomprehensiveincomelossnetoftax": -24016000,
        "comprehensiveincomenetoftaxincludingportionattributabletononcontrollinginterest": 70986000,
        "netincomelossattributabletononcontrollinginterest": 10361000,
        "comprehensiveincomenetoftax": 60625000
    },
    {
        "date": "2020-06-25",
        "symbol": "J",
        "period": "Q3",
        "revenuefromcontractwithcustomerincludingassessedtax": 3260057000,
        "costofgoodsandservicessold": 2631031000,
        "grossprofit": 629026000,
        "sellinggeneralandadministrativeexpense": 434650000,
        "operatingincomeloss": 194376000,
        "investmentincomeinterest": 1249000,
        "interestexpense": 18193000,
        "othernonoperatingincomeexpense": 126249000,
        "nonoperatingincomeexpense": 109305000,
        "incomelossfromcontinuingoperationsbeforeincometaxesminorityinterestandincomelossfromequitymethodinvestments": 303681000,
        "currentincometaxexpensebenefit": 67674000,
        "incomelossfromcontinuingoperationsincludingportionattributabletononcontrollinginterest": 236007000,
        "incomelossfromdiscontinuedoperationsnetoftax": 18043000,
        "profitloss": 254050000,
        "incomelossfromcontinuingoperationsattributabletononcontrollingentity": 9121000,
        "incomelossfromcontinuingoperations": 226886000,
        "incomelossfromdiscontinuedoperationsnetoftaxattributabletoreportingentity": 18043000,
        "netincomeloss": 244929000,
        "incomelossfromcontinuingoperationsperbasicshare": 1.74,
        "incomelossfromdiscontinuedoperationsnetoftaxperbasicshare": 0.14,
        "earningspersharebasic": 1.88,
        "incomelossfromcontinuingoperationsperdilutedshare": 1.73,
        "incomelossfromdiscontinuedoperationsnetoftaxperdilutedshare": 0.14,
        "earningspersharediluted": 1.87,
        "othercomprehensiveincomelossforeigncurrencytransactionandtranslationadjustmentbeforetax": 76288000,
        "othercomprehensiveincomelosscashflowhedgegainlossreclassificationbeforetax": -20944000,
        "othercomprehensiveincomelosspensionandotherpostretirementbenefitplansadjustmentbeforetax": -3405000,
        "othercomprehensiveincomelossbeforetax": 58749000,
        "othercomprehensiveincomelossforeigncurrencytranslationadjustmenttax": 22062000,
        "othercomprehensiveincomelosscashflowhedgegainlossreclassificationtax": -6262000,
        "othercomprehensiveincomelosspensionandotherpostretirementbenefitplanstax": -8324000,
        "othercomprehensiveincomelosstax": 24124000,
        "othercomprehensiveincomelossnetoftax": 34625000,
        "comprehensiveincomenetoftaxincludingportionattributabletononcontrollinginterest": 288675000,
        "netincomelossattributabletononcontrollinginterest": 9121000,
        "comprehensiveincomenetoftax": 279554000
    },
    {
        "date": "2020-03-26",
        "symbol": "J",
        "period": "Q2",
        "revenuefromcontractwithcustomerincludingassessedtax": 6732178000,
        "costofgoodsandservicessold": 5494522000,
        "grossprofit": 648136000,
        "sellinggeneralandadministrativeexpense": 923582000,
        "operatingincomeloss": 50375000,
        "investmentincomeinterest": 985000,
        "interestexpense": 15154000,
        "othernonoperatingincomeexpense": -330414000,
        "nonoperatingincomeexpense": -344583000,
        "incomelossfromcontinuingoperationsbeforeincometaxesminorityinterestandincomelossfromequitymethodinvestments": -176803000,
        "currentincometaxexpensebenefit": -61121000,
        "incomelossfromcontinuingoperationsincludingportionattributabletononcontrollinginterest": -115682000,
        "incomelossfromdiscontinuedoperationsnetoftax": 29881000,
        "profitloss": 171209000,
        "incomelossfromcontinuingoperationsattributabletononcontrollingentity": 6283000,
        "incomelossfromcontinuingoperations": -121965000,
        "incomelossfromdiscontinuedoperationsnetoftaxattributabletoreportingentity": 29881000,
        "netincomeloss": -92084000,
        "incomelossfromcontinuingoperationsperbasicshare": -0.9200000000000002,
        "incomelossfromdiscontinuedoperationsnetoftaxperbasicshare": 0.2300000000000001,
        "earningspersharebasic": -0.69,
        "incomelossfromcontinuingoperationsperdilutedshare": -0.9000000000000001,
        "incomelossfromdiscontinuedoperationsnetoftaxperdilutedshare": 0.22000000000000008,
        "earningspersharediluted": -0.6799999999999999,
        "othercomprehensiveincomelosspensionandotherpostretirementbenefitplansadjustmentbeforetax": -28717000,
        "othercomprehensiveincomelossbeforetax": -87858000,
        "othercomprehensiveincomelosspensionandotherpostretirementbenefitplanstax": 3278000,
        "othercomprehensiveincomelosstax": -21707000,
        "othercomprehensiveincomelossnetoftax": -63500000,
        "comprehensiveincomenetoftaxincludingportionattributabletononcontrollinginterest": -151952000,
        "netincomelossattributabletononcontrollinginterest": 6283000,
        "comprehensiveincomenetoftax": -158235000
    },
    {
        "date": "2019-12-26",
        "symbol": "J",
        "period": "Q1",
        "revenuefromcontractwithcustomerincludingassessedtax": 3360049000,
        "costofgoodsandservicessold": 2715478000,
        "grossprofit": 644571000,
        "sellinggeneralandadministrativeexpense": 493226000,
        "operatingincomeloss": 151345000,
        "investmentincomeinterest": 946000,
        "interestexpense": 14817000,
        "othernonoperatingincomeexpense": 116695000,
        "nonoperatingincomeexpense": 102824000,
        "incomelossfromcontinuingoperationsbeforeincometaxesminorityinterestandincomelossfromequitymethodinvestments": 254169000,
        "currentincometaxexpensebenefit": 68489000,
        "incomelossfromcontinuingoperationsincludingportionattributabletononcontrollinginterest": 185680000,
        "incomelossfromdiscontinuedoperationsnetoftax": 77587000,
        "profitloss": 263267000,
        "incomelossfromcontinuingoperationsattributabletononcontrollingentity": 6257000,
        "incomelossfromcontinuingoperations": 179423000,
        "incomelossfromdiscontinuedoperationsnetoftaxattributabletoreportingentity": 77587000,
        "netincomeloss": 257010000,
        "incomelossfromcontinuingoperationsperbasicshare": 1.35,
        "incomelossfromdiscontinuedoperationsnetoftaxperbasicshare": 0.58,
        "earningspersharebasic": 1.93,
        "incomelossfromcontinuingoperationsperdilutedshare": 1.33,
        "incomelossfromdiscontinuedoperationsnetoftaxperdilutedshare": 0.58,
        "earningspersharediluted": 1.91,
        "othercomprehensiveincomelossforeigncurrencytransactionandtranslationadjustmentnetoftax": 52297000,
        "othercomprehensiveincomelossderivativesqualifyingashedgesbeforetax": 18000,
        "othercomprehensiveincomelosspensionandotherpostretirementbenefitplansadjustmentbeforetax": 16251000,
        "othercomprehensiveincomelossbeforetax": 36064000,
        "othercomprehensiveincomelosspensionandotherpostretirementbenefitplanstax": 582000,
        "othercomprehensiveincomelosstax": -582000,
        "othercomprehensiveincomelossnetoftax": 36646000,
        "comprehensiveincomenetoftaxincludingportionattributabletononcontrollinginterest": 299913000,
        "netincomelossattributabletononcontrollinginterest": 6257000,
        "comprehensiveincomenetoftax": 293656000
    },
    {
        "date": "2019-09-26",
        "symbol": "J",
        "period": "Q4",
        "profitloss": 149791000,
        "othercomprehensiveincomelossderivativesqualifyingashedgesbeforetax": -223000,
        "othercomprehensiveincomelosspensionandotherpostretirementbenefitplansadjustmentbeforetax": 142992000,
        "othercomprehensiveincomelossbeforetax": -182401000,
        "othercomprehensiveincomelossderivativesqualifyingashedgestax": 0,
        "othercomprehensiveincomelosspensionandotherpostretirementbenefitplanstax": 29176000,
        "othercomprehensiveincomelosstax": -29176000,
        "othercomprehensiveincomelossnetoftax": -185734000,
        "comprehensiveincomenetoftaxincludingportionattributabletononcontrollinginterest": -3434000,
        "netincomelossattributabletononcontrollinginterest": -45469000,
        "comprehensiveincomenetoftax": -10901000,
        "revenuefromcontractwithcustomerincludingassessedtax": 5862426000,
        "grossprofit": 665533000,
        "sellinggeneralandadministrativeexpense": 566447000,
        "operatingincomeloss": 105410000,
        "investmentincomeinterest": 2315000,
        "interestexpense": 10121000,
        "othernonoperatingincomeexpense": -37743000,
        "nonoperatingincomeexpense": -45549000,
        "incomelossfromcontinuingoperationsbeforeincometaxesminorityinterestandincomelossfromequitymethodinvestments": 59861000,
        "incomelossfromcontinuingoperationsincludingportionattributabletononcontrollinginterest": 29413000,
        "incomelossfromdiscontinuedoperationsnetoftax": 121549000,
        "incomelossfromcontinuingoperationsattributabletononcontrollingentity": 7467000,
        "incomelossfromcontinuingoperations": 21946000,
        "incomelossfromdiscontinuedoperationsnetoftaxattributabletononcontrollinginterest": 0,
        "incomelossfromdiscontinuedoperationsnetoftaxattributabletoreportingentity": 120023000,
        "netincomeloss": 142324000,
        "incomelossfromcontinuingoperationsperbasicshare": 0.18,
        "incomelossfromdiscontinuedoperationsnetoftaxperbasicshare": 0.8500000000000001,
        "earningspersharebasic": 1.0299999999999998,
        "incomelossfromcontinuingoperationsperdilutedshare": 0.16999999999999998,
        "incomelossfromdiscontinuedoperationsnetoftaxperdilutedshare": 0.8500000000000001,
        "earningspersharediluted": 1.0100000000000002
    },
    {
        "date": "2019-06-27",
        "symbol": "J",
        "period": "Q3",
        "profitloss": 531064000,
        "othercomprehensiveincomelossforeigncurrencytransactionandtranslationadjustmentnetoftax": 76206000,
        "othercomprehensiveincomelossderivativesqualifyingashedgesbeforetax": -546000,
        "othercomprehensiveincomelosspensionandotherpostretirementbenefitplansadjustmentbeforetax": -27370000,
        "othercomprehensiveincomelossbeforetax": 103030000,
        "othercomprehensiveincomelossderivativesqualifyingashedgestax": 35000,
        "othercomprehensiveincomelosspensionandotherpostretirementbenefitplanstax": -6322000,
        "othercomprehensiveincomelosstax": 6357000,
        "othercomprehensiveincomelossnetoftax": 96673000,
        "comprehensiveincomenetoftaxincludingportionattributabletononcontrollinginterest": 627737000,
        "netincomelossattributabletononcontrollinginterest": 6622000,
        "comprehensiveincomenetoftax": 621115000,
        "revenuefromcontractwithcustomerincludingassessedtax": 3169622000,
        "costofgoodsandservicessold": 2543488000,
        "grossprofit": 626134000,
        "sellinggeneralandadministrativeexpense": 536180000,
        "operatingincomeloss": 89954000,
        "investmentincomeinterest": 3398000,
        "interestexpense": 18978000,
        "othernonoperatingincomeexpense": 19025000,
        "nonoperatingincomeexpense": 3445000,
        "incomelossfromcontinuingoperationsbeforeincometaxesminorityinterestandincomelossfromequitymethodinvestments": 93399000,
        "currentincometaxexpensebenefit": -1981000,
        "incomelossfromcontinuingoperationsincludingportionattributabletononcontrollinginterest": 95380000,
        "incomelossfromdiscontinuedoperationsnetoftax": 435684000,
        "incomelossfromcontinuingoperationsattributabletononcontrollingentity": 6015000,
        "incomelossfromcontinuingoperations": 89365000,
        "incomelossfromdiscontinuedoperationsnetoftaxattributabletononcontrollinginterest": 607000,
        "incomelossfromdiscontinuedoperationsnetoftaxattributabletoreportingentity": 435077000,
        "netincomeloss": 524442000,
        "incomelossfromcontinuingoperationsperbasicshare": 0.65,
        "incomelossfromdiscontinuedoperationsnetoftaxperbasicshare": 3.18,
        "earningspersharebasic": 3.83,
        "incomelossfromcontinuingoperationsperdilutedshare": 0.65,
        "incomelossfromdiscontinuedoperationsnetoftaxperdilutedshare": 3.15,
        "earningspersharediluted": 3.8
    },
    {
        "date": "2019-03-28",
        "symbol": "J",
        "period": "Q2",
        "profitloss": 62773000,
        "othercomprehensiveincomelossforeigncurrencytransactionandtranslationadjustmentnetoftax": 31352000,
        "othercomprehensiveincomelossderivativesqualifyingashedgesbeforetax": 348000,
        "othercomprehensiveincomelosspensionandotherpostretirementbenefitplansadjustmentbeforetax": 43835000,
        "othercomprehensiveincomelossbeforetax": -12135000,
        "othercomprehensiveincomelossderivativesqualifyingashedgestax": -10000,
        "othercomprehensiveincomelosspensionandotherpostretirementbenefitplanstax": 8417000,
        "othercomprehensiveincomelosstax": -8427000,
        "othercomprehensiveincomelossnetoftax": 31352000,
        "comprehensiveincomenetoftaxincludingportionattributabletononcontrollinginterest": 59065000,
        "netincomelossattributabletononcontrollinginterest": 5856000,
        "comprehensiveincomenetoftax": 53209000,
        "revenuefromcontractwithcustomerincludingassessedtax": 3091596000,
        "grossprofit": 616841000,
        "costofgoodsandservicessold": 2474755000,
        "sellinggeneralandadministrativeexpense": 514160000,
        "operatingincomeloss": 102681000,
        "investmentincomeinterest": 1670000,
        "interestexpense": 29423000,
        "othernonoperatingincomeexpense": 36904000,
        "nonoperatingincomeexpense": 9151000,
        "incomelossfromcontinuingoperationsbeforeincometaxesminorityinterestandincomelossfromequitymethodinvestments": 111832000,
        "currentincometaxexpensebenefit": -7947000,
        "incomelossfromcontinuingoperationsincludingportionattributabletononcontrollinginterest": 119779000,
        "incomelossfromdiscontinuedoperationsnetoftax": -57006000,
        "incomelossfromcontinuingoperationsattributabletononcontrollingentity": 5024000,
        "incomelossfromcontinuingoperations": 114755000,
        "incomelossfromdiscontinuedoperationsnetoftaxattributabletononcontrollinginterest": 832000,
        "incomelossfromdiscontinuedoperationsnetoftaxattributabletoreportingentity": -57838000,
        "netincomeloss": 56917000,
        "incomelossfromcontinuingoperationsperbasicshare": 0.83,
        "incomelossfromdiscontinuedoperationsnetoftaxperbasicshare": -0.42,
        "earningspersharebasic": 0.41,
        "incomelossfromcontinuingoperationsperdilutedshare": 0.82,
        "incomelossfromdiscontinuedoperationsnetoftaxperdilutedshare": -0.41,
        "earningspersharediluted": 0.41
    },
    {
        "date": "2018-12-27",
        "symbol": "J",
        "period": "Q1",
        "profitloss": 129591000,
        "othercomprehensiveincomelossforeigncurrencytransactionandtranslationadjustmentnetoftax": -52400000,
        "othercomprehensiveincomelossderivativesqualifyingashedgesbeforetax": 1790000,
        "othercomprehensiveincomelosspensionandotherpostretirementbenefitplansadjustmentbeforetax": -1825000,
        "othercomprehensiveincomelossbeforetax": -48785000,
        "othercomprehensiveincomelossderivativesqualifyingashedgestax": 543000,
        "othercomprehensiveincomelosspensionandotherpostretirementbenefitplanstax": -521000,
        "othercomprehensiveincomelosstax": 1064000,
        "othercomprehensiveincomelossnetoftax": -52400000,
        "comprehensiveincomenetoftaxincludingportionattributabletononcontrollinginterest": 79742000,
        "netincomelossattributabletononcontrollinginterest": 58231000,
        "comprehensiveincomenetoftax": 74447000,
        "revenuefromcontractwithcustomerincludingassessedtax": 614224000,
        "costofgoodsandservicessold": 2515268000,
        "grossprofit": 568520000,
        "sellinggeneralandadministrativeexpense": 455390000,
        "operatingincomeloss": 106806000,
        "investmentincomeinterest": 2104000,
        "interestexpense": 25325000,
        "othernonoperatingincomeexpense": 2282000,
        "nonoperatingincomeexpense": -20939000,
        "incomelossfromcontinuingoperationsbeforeincometaxesminorityinterestandincomelossfromequitymethodinvestments": 85867000,
        "currentincometaxexpensebenefit": 21571000,
        "incomelossfromcontinuingoperationsincludingportionattributabletononcontrollinginterest": 69433000,
        "incomelossfromdiscontinuedoperationsnetoftax": 58987000,
        "incomelossfromcontinuingoperationsattributabletononcontrollingentity": 4539000,
        "incomelossfromcontinuingoperations": 64894000,
        "incomelossfromdiscontinuedoperationsnetoftaxattributabletononcontrollinginterest": 756000,
        "incomelossfromdiscontinuedoperationsnetoftaxattributabletoreportingentity": 59757000,
        "netincomeloss": 124296000,
        "incomelossfromcontinuingoperationsperbasicshare": 0.45,
        "incomelossfromdiscontinuedoperationsnetoftaxperbasicshare": 0.42,
        "earningspersharebasic": 0.87,
        "incomelossfromcontinuingoperationsperdilutedshare": 0.45,
        "incomelossfromdiscontinuedoperationsnetoftaxperdilutedshare": 0.41,
        "earningspersharediluted": 0.86
    },
    {
        "date": "2018-06-28",
        "symbol": "J",
        "period": "Q3",
        "profitloss": 150071000,
        "othercomprehensiveincomelossforeigncurrencytransactionandtranslationadjustmentbeforetax": -114044000,
        "othercomprehensiveincomelossderivativesqualifyingashedgesbeforetax": -107000,
        "othercomprehensiveincomelosspensionandotherpostretirementbenefitplansadjustmentbeforetax": -2814000,
        "othercomprehensiveincomelossbeforetax": -111337000,
        "othercomprehensiveincomelossderivativesqualifyingashedgestax": -786000,
        "othercomprehensiveincomelosspensionandotherpostretirementbenefitplanstax": -561000,
        "othercomprehensiveincomelosstax": -225000,
        "othercomprehensiveincomelossnetoftax": -111112000,
        "comprehensiveincomenetoftaxincludingportionattributabletononcontrollinginterest": 38959000,
        "netincomelossattributabletononcontrollinginterest": -151000,
        "comprehensiveincomenetoftax": 39110000,
        "revenuefromcontractwithcustomerincludingassessedtax": 1228285000,
        "contractrevenuecost": 3380254000,
        "grossprofit": 776409000,
        "sellinggeneralandadministrativeexpense": 563680000,
        "operatingincomeloss": 61969000,
        "investmentincomeinterest": 1277000,
        "interestexpense": 23787000,
        "othernonoperatingincomeexpense": 2564000,
        "nonoperatingincomeexpense": -19946000,
        "incomelossfromcontinuingoperationsbeforeincometaxesminorityinterestandincomelossfromequitymethodinvestments": 192783000,
        "incometaxexpensebenefit": 42712000,
        "netincomeloss": 150222000,
        "earningspersharebasic": 1.05,
        "earningspersharediluted": 1.05
    },
    {
        "date": "2018-03-29",
        "symbol": "J",
        "period": "Q2",
        "profitloss": 51932000,
        "othercomprehensiveincomelossforeigncurrencytransactionandtranslationadjustmentbeforetax": 9714000,
        "othercomprehensiveincomelossderivativesqualifyingashedgesbeforetax": 179000,
        "othercomprehensiveincomelosspensionandotherpostretirementbenefitplansadjustmentbeforetax": -2594000,
        "othercomprehensiveincomelossbeforetax": 12487000,
        "othercomprehensiveincomelossderivativesqualifyingashedgestax": 149000,
        "othercomprehensiveincomelosspensionandotherpostretirementbenefitplanstax": -418000,
        "othercomprehensiveincomelosstax": 567000,
        "othercomprehensiveincomelossnetoftax": 11920000,
        "comprehensiveincomenetoftaxincludingportionattributabletononcontrollinginterest": 63852000,
        "netincomelossattributabletononcontrollinginterest": 3345000,
        "comprehensiveincomenetoftax": 60507000,
        "revenues": 1070943000,
        "contractrevenuecost": 3161663000,
        "grossprofit": 773365000,
        "sellinggeneralandadministrativeexpense": 627079000,
        "operatingincomeloss": 56328000,
        "investmentincomeinterest": 1785000,
        "interestexpense": 19228000,
        "othernonoperatingincomeexpense": -6676000,
        "nonoperatingincomeexpense": -24119000,
        "incomelossfromcontinuingoperationsbeforeincometaxesminorityinterestandincomelossfromequitymethodinvestments": 122167000,
        "incometaxexpensebenefit": 70235000,
        "netincomeloss": 48587000,
        "earningspersharebasic": 0.34,
        "earningspersharediluted": 0.34
    },
    {
        "date": "2017-12-28",
        "symbol": "J",
        "period": "Q1",
        "revenues": 1140217000,
        "contractrevenuecost": 2263131000,
        "grossprofit": 487180000,
        "sellinggeneralandadministrativeexpense": 439536000,
        "operatingincomeloss": 176763000,
        "investmentincomeinterest": 3834000,
        "interestexpense": 7092000,
        "othernonoperatingincomeexpense": -2470000,
        "nonoperatingincomeexpense": -5728000,
        "incomelossfromcontinuingoperationsbeforeincometaxesminorityinterestandincomelossfromequitymethodinvestments": 41916000,
        "incometaxexpensebenefit": 39355000,
        "profitloss": 2561000,
        "netincomelossattributabletononcontrollinginterest": 398000,
        "netincomeloss": 2163000,
        "earningspersharebasic": 0.02,
        "earningspersharediluted": 0.02,
        "othercomprehensiveincomelossforeigncurrencytransactionandtranslationadjustmentbeforetax": 20168000,
        "othercomprehensiveincomelossderivativesqualifyingashedgesbeforetax": 890000,
        "othercomprehensiveincomelosspensionandotherpostretirementbenefitplansadjustmentbeforetax": -3596000,
        "othercomprehensiveincomelossbeforetax": 24654000,
        "othercomprehensiveincomelosspensionandotherpostretirementbenefitplanstax": -125000,
        "othercomprehensiveincomelosstax": 125000,
        "othercomprehensiveincomelossnetoftax": 24529000,
        "comprehensiveincomenetoftaxincludingportionattributabletononcontrollinginterest": 27090000,
        "comprehensiveincomenetoftaxattributabletononcontrollinginterest": 398000,
        "comprehensiveincomenetoftax": 26692000
    },
    {
        "date": "2017-06-29",
        "symbol": "J",
        "period": "Q3",
        "revenues": 934923000,
        "contractrevenuecost": 2055386000,
        "sellinggeneralandadministrativeexpense": 330890000,
        "operatingincomeloss": 168166000,
        "investmentincomeinterest": 2123000,
        "interestexpense": 4054000,
        "othernonoperatingincomeexpense": 852000,
        "nonoperatingincomeexpense": -1079000,
        "incomelossfromcontinuingoperationsbeforeincometaxesminorityinterestandincomelossfromequitymethodinvestments": 127396000,
        "incometaxexpensebenefit": 38767000,
        "profitloss": 88629000,
        "netincomelossattributabletononcontrollinginterest": 403000,
        "netincomeloss": 89032000,
        "earningspersharebasic": 0.74,
        "earningspersharediluted": 0.74,
        "othercomprehensiveincomelossforeigncurrencytransactionandtranslationadjustmentbeforetax": 66763000,
        "othercomprehensiveincomelossderivativesqualifyingashedgesbeforetax": -4386000,
        "othercomprehensiveincomelosspensionandotherpostretirementbenefitplansadjustmentbeforetax": 13991000,
        "othercomprehensiveincomelossbeforetax": 48386000,
        "othercomprehensiveincomelossderivativesqualifyingashedgestax": -1016000,
        "othercomprehensiveincomelosspensionandotherpostretirementbenefitplanstax": 2220000,
        "othercomprehensiveincomelosstax": -3236000,
        "othercomprehensiveincomelossnetoftax": 51622000,
        "comprehensiveincomenetoftaxincludingportionattributabletononcontrollinginterest": 140251000,
        "comprehensiveincomenetoftaxattributabletononcontrollinginterest": -403000,
        "comprehensiveincomenetoftax": 140654000
    },
    {
        "date": "2017-03-30",
        "symbol": "J",
        "period": "Q2",
        "revenues": 804300000,
        "contractrevenuecost": 1883283000,
        "sellinggeneralandadministrativeexpense": 351111000,
        "operatingincomeloss": 148736000,
        "investmentincomeinterest": 2088000,
        "interestexpense": 3755000,
        "othernonoperatingincomeexpense": -6015000,
        "nonoperatingincomeexpense": -7682000,
        "incomelossfromcontinuingoperationsbeforeincometaxesminorityinterestandincomelossfromequitymethodinvestments": 60491000,
        "incometaxexpensebenefit": 1900000,
        "profitloss": 44165000,
        "netincomelossattributabletononcontrollinginterest": -5853000,
        "netincomeloss": 50018000,
        "earningspersharebasic": 0.41,
        "earningspersharediluted": 0.41,
        "othercomprehensiveincomelossforeigncurrencytransactionandtranslationadjustmentbeforetax": 41441000,
        "othercomprehensiveincomelossderivativesqualifyingashedgesbeforetax": 5690000,
        "othercomprehensiveincomelosspensionandotherpostretirementbenefitplansadjustmentbeforetax": 2458000,
        "othercomprehensiveincomelossbeforetax": 44673000,
        "othercomprehensiveincomelossderivativesqualifyingashedgestax": 1024000,
        "othercomprehensiveincomelosspensionandotherpostretirementbenefitplanstax": 253000,
        "othercomprehensiveincomelosstax": 771000,
        "othercomprehensiveincomelossnetoftax": 43902000,
        "comprehensiveincomenetoftaxincludingportionattributabletononcontrollinginterest": 88067000,
        "comprehensiveincomenetoftaxattributabletononcontrollinginterest": -5853000,
        "comprehensiveincomenetoftax": 93920000
    },
    {
        "date": "2016-12-29",
        "symbol": "J",
        "period": "Q1",
        "revenues": 641813000,
        "contractrevenuecost": 2132292000,
        "sellinggeneralandadministrativeexpense": 330684000,
        "operatingincomeloss": 138665000,
        "investmentincomeinterest": 1486000,
        "interestexpense": 3518000,
        "othernonoperatingincomeexpense": -716000,
        "nonoperatingincomeexpense": -2748000,
        "incomelossfromcontinuingoperationsbeforeincometaxesminorityinterestandincomelossfromequitymethodinvestments": 85880000,
        "incometaxexpensebenefit": 24727000,
        "profitloss": 61153000,
        "netincomelossattributabletononcontrollinginterest": 617000,
        "netincomeloss": 60536000,
        "earningspersharebasic": 0.5,
        "earningspersharediluted": 0.5,
        "othercomprehensiveincomelossforeigncurrencytransactionandtranslationadjustmentbeforetax": -287524000,
        "othercomprehensiveincomelossderivativesqualifyingashedgesbeforetax": -942000,
        "othercomprehensiveincomelosspensionandotherpostretirementbenefitplansadjustmentbeforetax": -24753000,
        "othercomprehensiveincomelossbeforetax": -263713000,
        "othercomprehensiveincomelossderivativesqualifyingashedgestax": 82000,
        "othercomprehensiveincomelosspensionandotherpostretirementbenefitplanstax": -4522000,
        "othercomprehensiveincomelosstax": 4604000,
        "othercomprehensiveincomelossnetoftax": -268317000,
        "comprehensiveincomenetoftaxincludingportionattributabletononcontrollinginterest": -207164000,
        "comprehensiveincomenetoftaxattributabletononcontrollinginterest": 617000,
        "comprehensiveincomenetoftax": -207781000
    },
    {
        "date": "2016-06-30",
        "symbol": "J",
        "period": "Q3",
        "revenues": 705996000,
        "contractrevenuecost": 2242424000,
        "sellinggeneralandadministrativeexpense": 341893000,
        "operatingincomeloss": 161999000,
        "investmentincomeinterest": 624000,
        "interestexpense": 4572000,
        "othernonoperatingincomeexpense": -2801000,
        "nonoperatingincomeexpense": -6749000,
        "incomelossfromcontinuingoperationsbeforeincometaxesminorityinterestandincomelossfromequitymethodinvestments": 102807000,
        "incometaxexpensebenefit": 31870000,
        "profitloss": 70937000,
        "netincomelossattributabletononcontrollinginterest": 1882000,
        "netincomeloss": 69055000,
        "earningspersharebasic": 0.58,
        "earningspersharediluted": 0.57,
        "othercomprehensiveincomelossforeigncurrencytransactionandtranslationadjustmentbeforetax": -35840000,
        "othercomprehensiveincomelossderivativesqualifyingashedgesbeforetax": -459000,
        "othercomprehensiveincomelosspensionandotherpostretirementbenefitplansadjustmentbeforetax": -42008000,
        "othercomprehensiveincomelossbeforetax": 5709000,
        "othercomprehensiveincomelossderivativesqualifyingashedgestax": 69000,
        "othercomprehensiveincomelosspensionandotherpostretirementbenefitplanstax": -8706000,
        "othercomprehensiveincomelosstax": 8775000,
        "othercomprehensiveincomelossnetoftax": -3066000,
        "comprehensiveincomenetoftaxincludingportionattributabletononcontrollinginterest": 67871000,
        "comprehensiveincomenetoftaxattributabletononcontrollinginterest": 1882000,
        "comprehensiveincomenetoftax": 65989000
    },
    {
        "date": "2016-03-31",
        "symbol": "J",
        "period": "Q2",
        "revenues": 666556000,
        "contractrevenuecost": 2337547000,
        "sellinggeneralandadministrativeexpense": 357435000,
        "operatingincomeloss": 140946000,
        "investmentincomeinterest": 2264000,
        "interestexpense": 2200000,
        "othernonoperatingincomeexpense": 3611000,
        "nonoperatingincomeexpense": 3675000,
        "incomelossfromcontinuingoperationsbeforeincometaxesminorityinterestandincomelossfromequitymethodinvestments": 90456000,
        "incometaxexpensebenefit": 27067000,
        "profitloss": 63389000,
        "netincomelossattributabletononcontrollinginterest": -1861000,
        "netincomeloss": 65250000,
        "earningspersharebasic": 0.54,
        "earningspersharediluted": 0.54,
        "othercomprehensiveincomelossforeigncurrencytransactionandtranslationadjustmentbeforetax": 17248000,
        "othercomprehensiveincomelossderivativesqualifyingashedgesbeforetax": -2965000,
        "othercomprehensiveincomelosspensionandotherpostretirementbenefitplansadjustmentbeforetax": -6975000,
        "othercomprehensiveincomelossbeforetax": 21258000,
        "othercomprehensiveincomelossderivativesqualifyingashedgestax": -727000,
        "othercomprehensiveincomelosspensionandotherpostretirementbenefitplanstax": -1705000,
        "othercomprehensiveincomelosstax": 978000,
        "othercomprehensiveincomelossnetoftax": 20280000,
        "comprehensiveincomenetoftaxincludingportionattributabletononcontrollinginterest": 83669000,
        "comprehensiveincomenetoftaxattributabletononcontrollinginterest": -1861000,
        "comprehensiveincomenetoftax": 85530000
    },
    {
        "date": "2015-12-31",
        "symbol": "J",
        "period": "Q1",
        "profitloss": 50306000,
        "othercomprehensiveincomelossforeigncurrencytransactionandtranslationadjustmentbeforetax": -16502000,
        "othercomprehensiveincomelossderivativesqualifyingashedgesbeforetax": 2552000,
        "othercomprehensiveincomelosspensionandotherpostretirementbenefitplansadjustmentbeforetax": -11443000,
        "othercomprehensiveincomelossbeforetax": -2507000,
        "othercomprehensiveincomelossderivativesqualifyingashedgestax": 723000,
        "othercomprehensiveincomelosspensionandotherpostretirementbenefitplanstax": -2482000,
        "othercomprehensiveincomelosstax": 3205000,
        "othercomprehensiveincomelossnetoftax": -5712000,
        "comprehensiveincomenetoftaxincludingportionattributabletononcontrollinginterest": 44594000,
        "comprehensiveincomenetoftaxattributabletononcontrollinginterest": 3792000,
        "comprehensiveincomenetoftax": 40802000,
        "revenues": 2847934000,
        "contractrevenuecost": 2407460000,
        "sellinggeneralandadministrativeexpense": 381024000,
        "operatingincomeloss": 59450000,
        "investmentincomeinterest": 2220000,
        "interestexpense": 3543000,
        "othernonoperatingincomeexpense": -340000,
        "nonoperatingincomeexpense": -1663000,
        "incomelossfromcontinuingoperationsbeforeincometaxesminorityinterestandincomelossfromequitymethodinvestments": 57787000,
        "incometaxexpensebenefit": 7481000,
        "netincomelossattributabletononcontrollinginterest": 3792000,
        "netincomeloss": 46514000,
        "earningspersharebasic": 0.38,
        "earningspersharediluted": 0.38
    },
    {
        "date": "2015-06-25",
        "symbol": "J",
        "period": "Q3",
        "profitloss": 97308000,
        "othercomprehensiveincomelossforeigncurrencytransactionandtranslationadjustmentbeforetax": 17650000,
        "othercomprehensiveincomelossderivativesqualifyingashedgesbeforetax": 3071000,
        "othercomprehensiveincomelosspensionandotherpostretirementbenefitplansadjustmentbeforetax": 15035000,
        "othercomprehensiveincomelossbeforetax": 5686000,
        "othercomprehensiveincomelossderivativesqualifyingashedgestax": 839000,
        "othercomprehensiveincomelosspensionandotherpostretirementbenefitplanstax": 3090000,
        "othercomprehensiveincomelosstax": -2251000,
        "othercomprehensiveincomelossnetoftax": 7937000,
        "comprehensiveincomenetoftaxincludingportionattributabletononcontrollinginterest": 105245000,
        "comprehensiveincomenetoftaxattributabletononcontrollinginterest": 6246000,
        "comprehensiveincomenetoftax": 98999000,
        "revenues": 2907541000,
        "contractrevenuecost": 2422944000,
        "sellinggeneralandadministrativeexpense": 384163000,
        "operatingincomeloss": 100434000,
        "investmentincomeinterest": 1697000,
        "interestexpense": 5509000,
        "othernonoperatingincomeexpense": 566000,
        "nonoperatingincomeexpense": -3246000,
        "incomelossfromcontinuingoperationsbeforeincometaxesminorityinterestandincomelossfromequitymethodinvestments": -6422000,
        "incometaxexpensebenefit": -1766000,
        "netincomelossattributabletononcontrollinginterest": 6246000,
        "netincomeloss": 91062000,
        "earningspersharebasic": 0.74,
        "earningspersharediluted": 0.73
    },
    {
        "date": "2015-03-26",
        "symbol": "J",
        "period": "Q2",
        "profitloss": 88110000,
        "othercomprehensiveincomelossforeigncurrencytransactionandtranslationadjustmentbeforetax": -38318000,
        "othercomprehensiveincomelossderivativesqualifyingashedgesbeforetax": -2925000,
        "othercomprehensiveincomelosspensionandotherpostretirementbenefitplansadjustmentbeforetax": -16278000,
        "othercomprehensiveincomelossbeforetax": -24965000,
        "othercomprehensiveincomelossderivativesqualifyingashedgestax": -643000,
        "othercomprehensiveincomelosspensionandotherpostretirementbenefitplanstax": -3076000,
        "othercomprehensiveincomelosstax": 2433000,
        "othercomprehensiveincomelossnetoftax": -27398000,
        "comprehensiveincomenetoftaxincludingportionattributabletononcontrollinginterest": 60712000,
        "comprehensiveincomenetoftaxattributabletononcontrollinginterest": 6143000,
        "comprehensiveincomenetoftax": 54569000,
        "revenues": 2903332000,
        "contractrevenuecost": 2412388000,
        "sellinggeneralandadministrativeexpense": 357899000,
        "operatingincomeloss": 133045000,
        "investmentincomeinterest": 1580000,
        "interestexpense": 4548000,
        "othernonoperatingincomeexpense": -1115000,
        "nonoperatingincomeexpense": -4083000,
        "incomelossfromcontinuingoperationsbeforeincometaxesminorityinterestandincomelossfromequitymethodinvestments": -5168000,
        "incometaxexpensebenefit": -1454000,
        "netincomelossattributabletononcontrollinginterest": 6143000,
        "netincomeloss": 81967000,
        "earningspersharebasic": 0.65,
        "earningspersharediluted": 0.64
    },
    {
        "date": "2014-12-25",
        "symbol": "J",
        "period": "Q1",
        "profitloss": 106195000,
        "othercomprehensiveincomelossforeigncurrencytransactionandtranslationadjustmentbeforetax": -48373000,
        "othercomprehensiveincomelossderivativesqualifyingashedgesbeforetax": -1919000,
        "othercomprehensiveincomelosspensionandotherpostretirementbenefitplansadjustmentbeforetax": -14643000,
        "othercomprehensiveincomelossbeforetax": -35649000,
        "othercomprehensiveincomelossderivativesqualifyingashedgestax": -622000,
        "othercomprehensiveincomelosspensionandotherpostretirementbenefitplanstax": -2928000,
        "othercomprehensiveincomelosstax": 2306000,
        "othercomprehensiveincomelossnetoftax": -37955000,
        "comprehensiveincomenetoftaxincludingportionattributabletononcontrollinginterest": 68240000,
        "comprehensiveincomenetoftaxattributabletononcontrollinginterest": 6116000,
        "comprehensiveincomenetoftax": 62124000,
        "revenues": 3187005000,
        "contractrevenuecost": 2667559000,
        "sellinggeneralandadministrativeexpense": 361223000,
        "operatingincomeloss": 158223000,
        "investmentincomeinterest": 2276000,
        "interestexpense": 5318000,
        "othernonoperatingincomeexpense": -486000,
        "nonoperatingincomeexpense": -3528000,
        "incomelossfromcontinuingoperationsbeforeincometaxesminorityinterestandincomelossfromequitymethodinvestments": -5386000,
        "incometaxexpensebenefit": -1508000,
        "netincomelossattributabletononcontrollinginterest": 6116000,
        "netincomeloss": 100079000,
        "earningspersharebasic": 0.78,
        "earningspersharediluted": 0.77
    },
    {
        "date": "2014-06-26",
        "symbol": "J",
        "period": "Q3",
        "profitloss": 71308000,
        "othercomprehensiveincomelossforeigncurrencytransactionandtranslationadjustmentbeforetax": 29147000,
        "othercomprehensiveincomelossderivativesqualifyingashedgesbeforetax": 1815000,
        "othercomprehensiveincomelosspensionandotherpostretirementbenefitplansadjustmentbeforetax": 20160000,
        "othercomprehensiveincomelossbeforetax": 10802000,
        "othercomprehensiveincomelossderivativesqualifyingashedgestax": 525000,
        "othercomprehensiveincomelosspensionandotherpostretirementbenefitplanstax": 5244000,
        "othercomprehensiveincomelosstax": -4719000,
        "othercomprehensiveincomelossnetoftax": 15521000,
        "comprehensiveincomenetoftaxincludingportionattributabletononcontrollinginterest": 86829000,
        "comprehensiveincomenetoftaxattributabletononcontrollinginterest": 6466000,
        "comprehensiveincomenetoftax": 80363000,
        "revenues": 3231791000,
        "contractrevenuecost": 2670053000,
        "sellinggeneralandadministrativeexpense": 437801000,
        "operatingincomeloss": 123937000,
        "investmentincomeinterest": 2624000,
        "interestexpense": 5565000,
        "othernonoperatingincomeexpense": -2949000,
        "nonoperatingincomeexpense": -5890000,
        "incomelossfromcontinuingoperationsbeforeincometaxesminorityinterestandincomelossfromequitymethodinvestments": -4967000,
        "incometaxexpensebenefit": -1403000,
        "netincomelossattributabletononcontrollinginterest": 6466000,
        "netincomeloss": 64842000,
        "earningspersharebasic": 0.5,
        "earningspersharediluted": 0.49
    },
    {
        "date": "2014-03-27",
        "symbol": "J",
        "period": "Q2",
        "profitloss": 90801000,
        "othercomprehensiveincomelossforeigncurrencytransactionandtranslationadjustmentbeforetax": -2625000,
        "othercomprehensiveincomelossderivativesqualifyingashedgesbeforetax": -454000,
        "othercomprehensiveincomelosspensionandotherpostretirementbenefitplansadjustmentbeforetax": 2412000,
        "othercomprehensiveincomelossbeforetax": -5491000,
        "othercomprehensiveincomelossforeigncurrencytranslationadjustmenttax": 0,
        "othercomprehensiveincomelossderivativesqualifyingashedgestax": -77000,
        "othercomprehensiveincomelosspensionandotherpostretirementbenefitplanstax": 667000,
        "othercomprehensiveincomelosstax": -744000,
        "othercomprehensiveincomelossnetoftax": -4747000,
        "comprehensiveincomenetoftaxincludingportionattributabletononcontrollinginterest": 86054000,
        "comprehensiveincomenetoftaxattributabletononcontrollinginterest": 7341000,
        "comprehensiveincomenetoftax": 78713000,
        "revenues": 3176033000,
        "contractrevenuecost": 2659478000,
        "sellinggeneralandadministrativeexpense": 394120000,
        "operatingincomeloss": 122435000,
        "investmentincomeinterest": 3005000,
        "interestexpense": 5116000,
        "othernonoperatingincomeexpense": -77000,
        "nonoperatingincomeexpense": 9959000,
        "incomelossfromcontinuingoperationsbeforeincometaxesminorityinterestandincomelossfromequitymethodinvestments": -4898000,
        "incometaxexpensebenefit": -1384000,
        "netincomelossattributabletononcontrollinginterest": 7341000,
        "netincomeloss": 83460000,
        "earningspersharebasic": 0.6400000000000001,
        "earningspersharediluted": 0.6300000000000001
    },
    {
        "date": "2013-12-26",
        "symbol": "J",
        "period": "Q1",
        "profitloss": 98949000,
        "othercomprehensiveincomelossforeigncurrencytransactionandtranslationadjustmentbeforetax": -9255000,
        "othercomprehensiveincomelossderivativesqualifyingashedgesbeforetax": 551000,
        "othercomprehensiveincomelosspensionandotherpostretirementbenefitplansadjustmentbeforetax": 6736000,
        "othercomprehensiveincomelossbeforetax": -15440000,
        "othercomprehensiveincomelossforeigncurrencytranslationadjustmenttax": -3250000,
        "othercomprehensiveincomelossderivativesqualifyingashedgestax": 198000,
        "othercomprehensiveincomelosspensionandotherpostretirementbenefitplanstax": 1749000,
        "othercomprehensiveincomelosstax": -4801000,
        "othercomprehensiveincomelossnetoftax": -10639000,
        "comprehensiveincomenetoftaxincludingportionattributabletononcontrollinginterest": 88310000,
        "comprehensiveincomenetoftaxattributabletononcontrollinginterest": 5217000,
        "comprehensiveincomenetoftax": 83093000,
        "revenues": 3068891000,
        "contractrevenuecost": 2615200000,
        "sellinggeneralandadministrativeexpense": 308644000,
        "operatingincomeloss": 145047000,
        "investmentincomeinterest": 1796000,
        "interestexpense": -191000,
        "othernonoperatingincomeexpense": -113000,
        "nonoperatingincomeexpense": 1874000,
        "incomelossfromcontinuingoperationsbeforeincometaxesminorityinterestandincomelossfromequitymethodinvestments": -4829000,
        "incometaxexpensebenefit": -1365000,
        "netincomelossattributabletononcontrollinginterest": 5217000,
        "netincomeloss": 93732000,
        "earningspersharebasic": 0.72,
        "earningspersharediluted": 0.71
    },
    {
        "date": "2013-06-27",
        "symbol": "J",
        "period": "Q3",
        "profitloss": 112089000,
        "othercomprehensiveincomelossforeigncurrencytransactionandtranslationadjustmentbeforetax": -14828000,
        "othercomprehensiveincomelossderivativesqualifyingashedgesbeforetax": 584000,
        "othercomprehensiveincomelosspensionandotherpostretirementbenefitplansadjustmentbeforetax": -2198000,
        "othercomprehensiveincomelossbeforetax": -12046000,
        "othercomprehensiveincomelossderivativesqualifyingashedgestax": 211000,
        "othercomprehensiveincomelosspensionandotherpostretirementbenefitplanstax": -758000,
        "othercomprehensiveincomelosstax": 969000,
        "othercomprehensiveincomelossnetoftax": -13015000,
        "comprehensiveincomenetoftaxincludingportionattributabletononcontrollinginterest": 99074000,
        "comprehensiveincomenetoftaxattributabletononcontrollinginterest": 3218000,
        "comprehensiveincomenetoftax": 95856000,
        "revenues": 3080995000,
        "contractrevenuecost": 2613991000,
        "sellinggeneralandadministrativeexpense": 298645000,
        "operatingincomeloss": 168359000,
        "investmentincomeinterest": 1332000,
        "interestexpense": 2786000,
        "othernonoperatingincomeexpense": 1518000,
        "nonoperatingincomeexpense": 64000,
        "incomelossfromcontinuingoperationsbeforeincometaxesminorityinterestandincomelossfromequitymethodinvestments": -4311000,
        "incometaxexpensebenefit": -1237000,
        "netincomelossattributabletononcontrollinginterest": 3218000,
        "netincomeloss": 108871000,
        "earningspersharebasic": 0.84,
        "earningspersharediluted": 0.83
    },
    {
        "date": "2013-03-28",
        "symbol": "J",
        "period": "Q2",
        "profitloss": 107089000,
        "othercomprehensiveincomelossforeigncurrencytransactionandtranslationadjustmentbeforetax": -13162000,
        "othercomprehensiveincomelossderivativesqualifyingashedgesbeforetax": -806000,
        "othercomprehensiveincomelosspensionandotherpostretirementbenefitplansadjustmentbeforetax": -24178000,
        "othercomprehensiveincomelossbeforetax": 10210000,
        "othercomprehensiveincomelossderivativesqualifyingashedgestax": -268000,
        "othercomprehensiveincomelosspensionandotherpostretirementbenefitplanstax": -6563000,
        "othercomprehensiveincomelosstax": 6295000,
        "othercomprehensiveincomelossnetoftax": 3915000,
        "comprehensiveincomenetoftaxincludingportionattributabletononcontrollinginterest": 111004000,
        "comprehensiveincomenetoftaxattributabletononcontrollinginterest": 2688000,
        "comprehensiveincomenetoftax": 108316000,
        "revenues": 2835084000,
        "contractrevenuecost": 2370183000,
        "sellinggeneralandadministrativeexpense": 299698000,
        "operatingincomeloss": 165203000,
        "investmentincomeinterest": 1099000,
        "interestexpense": 3035000,
        "othernonoperatingincomeexpense": -1359000,
        "nonoperatingincomeexpense": -3295000,
        "incomelossfromcontinuingoperationsbeforeincometaxesminorityinterestandincomelossfromequitymethodinvestments": -4341000,
        "incometaxexpensebenefit": -1245000,
        "netincomelossattributabletononcontrollinginterest": 2688000,
        "netincomeloss": 104401000,
        "earningspersharebasic": 0.81,
        "earningspersharediluted": 0.8
    },
    {
        "date": "2012-12-27",
        "symbol": "J",
        "period": "Q1",
        "profitloss": 104523000,
        "othercomprehensiveincomelossforeigncurrencytransactionandtranslationadjustmentbeforetax": -10974000,
        "othercomprehensiveincomelossderivativesqualifyingashedgesbeforetax": 168000,
        "othercomprehensiveincomelosspensionandotherpostretirementbenefitplansadjustmentbeforetax": -1747000,
        "othercomprehensiveincomelossbeforetax": -9059000,
        "othercomprehensiveincomelossderivativesqualifyingashedgestax": 70000,
        "othercomprehensiveincomelosspensionandotherpostretirementbenefitplanstax": -589000,
        "othercomprehensiveincomelosstax": 659000,
        "othercomprehensiveincomelossnetoftax": -9718000,
        "comprehensiveincomenetoftaxincludingportionattributabletononcontrollinginterest": 94805000,
        "comprehensiveincomenetoftaxattributabletononcontrollinginterest": 5513000,
        "comprehensiveincomenetoftax": 89292000,
        "revenues": 2759641000,
        "contractrevenuecost": 2323918000,
        "sellinggeneralandadministrativeexpense": 275454000,
        "operatingincomeloss": 160269000,
        "investmentincomeinterest": 1090000,
        "interestexpense": 3694000,
        "othernonoperatingincomeexpense": -1354000,
        "nonoperatingincomeexpense": -3958000,
        "incomelossfromcontinuingoperationsbeforeincometaxesminorityinterestandincomelossfromequitymethodinvestments": 156311000,
        "incometaxexpensebenefit": 51788000,
        "netincomelossattributabletononcontrollinginterest": 5513000,
        "netincomeloss": 99010000,
        "earningspersharebasic": 0.77,
        "earningspersharediluted": 0.76
    },
    {
        "date": "2012-06-28",
        "symbol": "J",
        "period": "Q3",
        "profitloss": 100990000,
        "othercomprehensiveincomeforeigncurrencytransactionandtranslationadjustmentbeforetaxperiodincreasedecrease": -6223000,
        "othercomprehensiveincomederivativesqualifyingashedgesbeforetaxperiodincreasedecrease": 297000,
        "othercomprehensiveincomedefinedbenefitplansadjustmentbeforetaxperiodincreasedecrease": 4164000,
        "othercomprehensiveincomelossbeforetaxperiodincreasedecrease": -1762000,
        "othercomprehensiveincomelosstax": 1155000,
        "othercomprehensiveincomelossnetoftaxperiodincreasedecrease": -2917000,
        "comprehensiveincomenetoftaxincludingportionattributabletononcontrollinginterest": 98073000,
        "comprehensiveincomenetoftaxattributabletononcontrollinginterest": 3090000,
        "comprehensiveincomenetoftax": 94983000,
        "revenues": 2772874000,
        "contractrevenuecost": 2339793000,
        "sellinggeneralandadministrativeexpense": 279715000,
        "operatingincomeloss": 153366000,
        "investmentincomeinterest": 2325000,
        "interestexpense": 2990000,
        "othernonoperatingincomeexpense": -1330000,
        "nonoperatingincomeexpense": -1995000,
        "incomelossfromcontinuingoperationsbeforeincometaxesminorityinterestandincomelossfromequitymethodinvestments": 151371000,
        "incometaxexpensebenefit": 50381000,
        "netincomelossattributabletononcontrollinginterest": 3090000,
        "netincomeloss": 97900000,
        "earningspersharebasic": 0.77,
        "earningspersharediluted": 0.76
    },
    {
        "date": "2012-03-29",
        "symbol": "J",
        "period": "Q2",
        "profitloss": 87446000,
        "othercomprehensiveincomeforeigncurrencytransactionandtranslationadjustmentbeforetaxperiodincreasedecrease": 10598000,
        "othercomprehensiveincomederivativesqualifyingashedgesbeforetaxperiodincreasedecrease": 201000,
        "othercomprehensiveincomedefinedbenefitplansadjustmentbeforetaxperiodincreasedecrease": -6081000,
        "othercomprehensiveincomelossbeforetaxperiodincreasedecrease": 4718000,
        "othercomprehensiveincomelosstax": -1533000,
        "othercomprehensiveincomelossnetoftaxperiodincreasedecrease": 6251000,
        "comprehensiveincomenetoftaxincludingportionattributabletononcontrollinginterest": 93697000,
        "comprehensiveincomenetoftaxattributabletononcontrollinginterest": 3513000,
        "comprehensiveincomenetoftax": 90184000,
        "revenues": 2702851000,
        "contractrevenuecost": 2276647000,
        "sellinggeneralandadministrativeexpense": 293066000,
        "operatingincomeloss": 133138000,
        "investmentincomeinterest": 1563000,
        "interestexpense": 2496000,
        "othernonoperatingincomeexpense": 110000,
        "nonoperatingincomeexpense": -823000,
        "incomelossfromcontinuingoperationsbeforeincometaxesminorityinterestandincomelossfromequitymethodinvestments": 132315000,
        "incometaxexpensebenefit": 44869000,
        "netincomelossattributabletononcontrollinginterest": 3513000,
        "netincomeloss": 83933000,
        "earningspersharebasic": 0.66,
        "earningspersharediluted": 0.65
    },
    {
        "date": "2011-12-29",
        "symbol": "J",
        "period": "Q1",
        "profitloss": 91436000,
        "othercomprehensiveincomeforeigncurrencytransactionandtranslationadjustmentbeforetaxperiodincreasedecrease": 11616000,
        "othercomprehensiveincomederivativesqualifyingashedgesbeforetaxperiodincreasedecrease": 1178000,
        "othercomprehensiveincomedefinedbenefitplansadjustmentbeforetaxperiodincreasedecrease": 1824000,
        "othercomprehensiveincomelossbeforetaxperiodincreasedecrease": 14618000,
        "othercomprehensiveincomelosstax": 836000,
        "othercomprehensiveincomelossnetoftaxperiodincreasedecrease": 13782000,
        "comprehensiveincomenetoftaxincludingportionattributabletononcontrollinginterest": 105218000,
        "comprehensiveincomenetoftaxattributabletononcontrollinginterest": 1726000,
        "comprehensiveincomenetoftax": 103492000,
        "revenues": 2631768000,
        "contractrevenuecost": 2210726000,
        "sellinggeneralandadministrativeexpense": 279090000,
        "operatingincomeloss": 141952000,
        "investmentincomeinterest": 1395000,
        "interestexpense": 3662000,
        "othernonoperatingincomeexpense": -131000,
        "nonoperatingincomeexpense": -2398000,
        "incomelossfromcontinuingoperationsbeforeincometaxesminorityinterestandincomelossfromequitymethodinvestments": 139554000,
        "incometaxexpensebenefit": 48118000,
        "netincomelossattributabletononcontrollinginterest": 1726000,
        "netincomeloss": 89710000,
        "earningspersharebasic": 0.71,
        "earningspersharediluted": 0.7
    },
    {
        "date": "2011-06-30",
        "symbol": "J",
        "period": "Q3",
        "revenues": 2744178000,
        "contractrevenuecost": 2331466000,
        "sellinggeneralandadministrativeexpense": 273332000,
        "operatingincomeloss": 139380000,
        "investmentincomeinterest": 1317000,
        "interestexpense": 2568000,
        "othernonoperatingincomeexpense": 3172000,
        "nonoperatingincomeexpense": 1921000,
        "incomelossfromcontinuingoperationsbeforeincometaxesminorityinterestandincomelossfromequitymethodinvestments": 141301000,
        "incometaxexpensebenefit": 49365000,
        "profitloss": 91936000,
        "netincomelossattributabletononcontrollinginterest": 1260000,
        "netincomeloss": 90676000,
        "earningspersharebasic": 0.72,
        "earningspersharediluted": 0.71,
        "othercomprehensiveincomeforeigncurrencytransactionandtranslationadjustmentbeforetaxperiodincreasedecrease": -9631000,
        "othercomprehensiveincomederivativesqualifyingashedgesbeforetaxperiodincreasedecrease": -835000,
        "othercomprehensiveincomedefinedbenefitplansadjustmentbeforetaxperiodincreasedecrease": -1892000,
        "othercomprehensiveincomelossbeforetaxperiodincreasedecrease": -12358000,
        "othercomprehensiveincomelosstax": -653000,
        "othercomprehensiveincomelossnetoftaxperiodincreasedecrease": -11705000,
        "comprehensiveincomenetoftaxincludingportionattributabletononcontrollinginterest": 80231000,
        "comprehensiveincomenetoftaxattributabletononcontrollinginterest": 1260000,
        "comprehensiveincomenetoftax": 78971000
    },
    {
        "date": "2011-03-31",
        "symbol": "J",
        "period": "Q2",
        "revenues": 2558016000,
        "contractrevenuecost": 2168835000,
        "sellinggeneralandadministrativeexpense": 261166000,
        "operatingincomeloss": 128015000,
        "investmentincomeinterest": 1149000,
        "interestexpense": 2720000,
        "othernonoperatingincomeexpense": 37000,
        "nonoperatingincomeexpense": -1534000,
        "incomelossfromcontinuingoperationsbeforeincometaxesminorityinterestandincomelossfromequitymethodinvestments": 126481000,
        "incometaxexpensebenefit": 45140000,
        "profitloss": 81341000,
        "netincomelossattributabletononcontrollinginterest": 1091000,
        "netincomeloss": 80250000,
        "earningspersharebasic": 0.64,
        "earningspersharediluted": 0.63,
        "othercomprehensiveincomeforeigncurrencytransactionandtranslationadjustmentbeforetaxperiodincreasedecrease": 6743000,
        "othercomprehensiveincomederivativesqualifyingashedgesbeforetaxperiodincreasedecrease": 1010000,
        "othercomprehensiveincomedefinedbenefitplansadjustmentbeforetaxperiodincreasedecrease": -11114000,
        "othercomprehensiveincomelossbeforetaxperiodincreasedecrease": -3361000,
        "othercomprehensiveincomelosstax": -62000,
        "othercomprehensiveincomelossnetoftaxperiodincreasedecrease": -3299000,
        "comprehensiveincomenetoftaxincludingportionattributabletononcontrollinginterest": 78042000,
        "comprehensiveincomenetoftaxattributabletononcontrollinginterest": 1091000,
        "comprehensiveincomenetoftax": 76951000
    },
    {
        "date": "2010-12-30",
        "symbol": "J",
        "period": "Q1",
        "revenues": 2356175000,
        "contractrevenuecost": 2025137000,
        "sellinggeneralandadministrativeexpense": 227419000,
        "operatingincomeloss": 103619000,
        "investmentincomeinterest": 924000,
        "interestexpense": 827000,
        "othernonoperatingincomeexpense": 7000,
        "nonoperatingincomeexpense": 104000,
        "incomelossfromcontinuingoperationsbeforeincometaxesminorityinterestandincomelossfromequitymethodinvestments": 103723000,
        "incometaxexpensebenefit": 37026000,
        "profitloss": 66697000,
        "netincomelossattributabletononcontrollinginterest": 874000,
        "netincomeloss": 65823000,
        "earningspersharebasic": 0.53,
        "earningspersharediluted": 0.52,
        "othercomprehensiveincomeforeigncurrencytransactionandtranslationadjustmentbeforetaxperiodincreasedecrease": 315000,
        "othercomprehensiveincomederivativesqualifyingashedgesbeforetaxperiodincreasedecrease": 1065000,
        "othercomprehensiveincomedefinedbenefitplansadjustmentbeforetaxperiodincreasedecrease": 4567000,
        "othercomprehensiveincomelossbeforetaxperiodincreasedecrease": 5947000,
        "othercomprehensiveincomelosstax": 1477000,
        "othercomprehensiveincomelossnetoftaxperiodincreasedecrease": 4470000,
        "comprehensiveincomenetoftaxincludingportionattributabletononcontrollinginterest": 71167000,
        "comprehensiveincomenetoftaxattributabletononcontrollinginterest": 874000,
        "comprehensiveincomenetoftax": 70293000
    },
    {
        "date": "2010-07-01",
        "symbol": "J",
        "period": "Q3",
        "revenues": 2507725000,
        "contractrevenuecost": 2235537000,
        "sellinggeneralandadministrativeexpense": 227105000,
        "operatingincomeloss": 45083000,
        "investmentincomeinterest": 1974000,
        "interestexpense": 8174000,
        "othernonoperatingexpense": 1644000,
        "nonoperatingincomeexpense": -7844000,
        "incomelossfromcontinuingoperationsbeforeincometaxesminorityinterestandincomelossfromequitymethodinvestments": 37239000,
        "incometaxexpensebenefit": 17999000,
        "profitloss": 19240000,
        "netincomelossattributabletononcontrollinginterest": 197000,
        "netincomeloss": 19043000,
        "earningspersharebasic": 0.15,
        "earningspersharediluted": 0.15,
        "othercomprehensiveincomeforeigncurrencytransactionandtranslationadjustmentbeforetaxperiodincreasedecrease": -32965000,
        "othercomprehensiveincomederivativesqualifyingashedgesbeforetaxperiodincreasedecrease": -2513000,
        "othercomprehensiveincomedefinedbenefitplansadjustmentbeforetaxperiodincreasedecrease": 5714000,
        "othercomprehensiveincomelossbeforetaxperiodincreasedecrease": -29764000,
        "othercomprehensiveincomelosstax": 537000,
        "othercomprehensiveincomelossnetoftaxperiodincreasedecrease": -30301000,
        "comprehensiveincomenetoftaxincludingportionattributabletononcontrollinginterest": -11061000,
        "comprehensiveincomenetoftaxattributabletononcontrollinginterest": 197000,
        "comprehensiveincomenetoftax": -11258000
    },
    {
        "date": "2010-04-01",
        "symbol": "J",
        "period": "Q2",
        "revenues": 2586974000,
        "contractrevenuecost": 2223793000,
        "sellinggeneralandadministrativeexpense": 241177000,
        "operatingincomeloss": 122004000,
        "investmentincomeinterest": 796000,
        "interestexpense": 705000,
        "othernonoperatingexpense": 935000,
        "nonoperatingincomeexpense": -844000,
        "incomelossfromcontinuingoperationsbeforeincometaxesminorityinterestandincomelossfromequitymethodinvestments": 121160000,
        "incometaxexpensebenefit": 43593000,
        "profitloss": 77567000,
        "netincomelossattributabletononcontrollinginterest": 67000,
        "netincomeloss": 77500000,
        "earningspersharebasic": 0.63,
        "earningspersharediluted": 0.62,
        "othercomprehensiveincomeforeigncurrencytransactionandtranslationadjustmentbeforetaxperiodincreasedecrease": -12256000,
        "othercomprehensiveincomederivativesqualifyingashedgesbeforetaxperiodincreasedecrease": -498000,
        "othercomprehensiveincomedefinedbenefitplansadjustmentbeforetaxperiodincreasedecrease": 11571000,
        "othercomprehensiveincomelossbeforetaxperiodincreasedecrease": -1183000,
        "othercomprehensiveincomelosstax": 2918000,
        "othercomprehensiveincomelossnetoftaxperiodincreasedecrease": -4101000,
        "comprehensiveincomenetoftaxincludingportionattributabletononcontrollinginterest": 73466000,
        "comprehensiveincomenetoftaxattributabletononcontrollinginterest": 67000,
        "comprehensiveincomenetoftax": 73399000
    },
    {
        "date": "2009-12-31",
        "symbol": "J",
        "period": "Q1",
        "revenues": 2477785000,
        "contractrevenuecost": 2128576000,
        "sellinggeneralandadministrativeexpense": 235728000,
        "operatingincomeloss": 113481000,
        "investmentincomeinterest": 838000,
        "interestexpense": 612000,
        "othernonoperatingexpense": 559000,
        "nonoperatingincomeexpense": -333000,
        "incomelossfromcontinuingoperationsbeforeincometaxesminorityinterestandincomelossfromequitymethodinvestments": 113148000,
        "incometaxexpensebenefit": 40747000,
        "profitloss": 72401000,
        "netincomelossattributabletononcontrollinginterest": -36000,
        "netincomeloss": 72437000,
        "earningspersharebasic": 0.59,
        "earningspersharediluted": 0.58,
        "othercomprehensiveincomeforeigncurrencytransactionandtranslationadjustmentbeforetaxperiodincreasedecrease": 5949000,
        "othercomprehensiveincomederivativesqualifyingashedgesbeforetaxperiodincreasedecrease": 1374000,
        "othercomprehensiveincomedefinedbenefitplansadjustmentbeforetaxperiodincreasedecrease": -2143000,
        "othercomprehensiveincomelossbeforetaxperiodincreasedecrease": 5180000,
        "othercomprehensiveincomelosstax": -128000,
        "othercomprehensiveincomelossnetoftaxperiodincreasedecrease": 5308000,
        "comprehensiveincomenetoftaxincludingportionattributabletononcontrollinginterest": 77709000,
        "comprehensiveincomenetoftaxattributabletononcontrollinginterest": -36000,
        "comprehensiveincomenetoftax": 77745000
    }
]