[
    {
        "date": "2024-09-29",
        "symbol": "TRV",
        "period": "Q3",
        "premiumsearnednet": 10704000000,
        "netinvestmentincome": 904000000,
        "insurancefeeincome": 121000000,
        "realizedinvestmentgainslosses": -17000000,
        "otherincome": 120000000,
        "revenues": 11904000000,
        "policyholderbenefitsandclaimsincurrednet": 6996000000,
        "deferredpolicyacquisitioncostamortizationexpense": 1790000000,
        "sellinggeneralandadministrativeexpense": -1000000,
        "interestexpense": 98000000,
        "benefitslossesandexpenses": 10344000000,
        "incomelossfromcontinuingoperationsbeforeincometaxesextraordinaryitemsnoncontrollinginterest": -16000000,
        "incometaxexpensebenefit": -2000000,
        "netincomeloss": 1260000000,
        "earningspersharebasic": 5.5,
        "earningspersharediluted": 5.42,
        "weightedaveragenumberofsharesoutstandingbasic": 227400000,
        "weightedaveragenumberofdilutedsharesoutstanding": 230600000,
        "commonstockdividendspersharedeclared": 1.05,
        "othercomprehensiveincomeavailableforsalesecuritiesadjustmentbeforetaxportionattributabletoparent": 2370000000,
        "changeinnetunrealizedgainlossoninvestmentsecuritieshavingcreditlossesrecognizedinconsolidatedstatementofincomebeforetaxportionattributabletoparent": 1000000,
        "othercomprehensiveincomedefinedbenefitplansadjustmentbeforetaxportionattributabletoparent": 1000000,
        "othercomprehensiveincomeforeigncurrencytransactionandtranslationadjustmentbeforetaxportionattributabletoparent": 120000000,
        "othercomprehensiveincomelossbeforetaxportionattributabletoparent": 2490000000,
        "othercomprehensiveincomelosstaxportionattributabletoparent1": 513000000,
        "othercomprehensiveincomelossnetoftaxportionattributabletoparent": 1977000000,
        "comprehensiveincomenetoftax": 3237000000
    },
    {
        "date": "2024-06-29",
        "symbol": "TRV",
        "period": "Q2",
        "premiumsearnednet": 10243000000,
        "netinvestmentincome": 885000000,
        "insurancefeeincome": 115000000,
        "realizedinvestmentgainslosses": -65000000,
        "otherincome": 105000000,
        "revenues": 11283000000,
        "policyholderbenefitsandclaimsincurrednet": 7373000000,
        "deferredpolicyacquisitioncostamortizationexpense": 1678000000,
        "sellinggeneralandadministrativeexpense": 1478000000,
        "interestexpense": 98000000,
        "benefitslossesandexpenses": 10627000000,
        "incomelossfromcontinuingoperationsbeforeincometaxesextraordinaryitemsnoncontrollinginterest": 656000000,
        "incometaxexpensebenefit": 122000000,
        "netincomeloss": 534000000,
        "earningspersharebasic": 2.32,
        "earningspersharediluted": 2.29,
        "weightedaveragenumberofsharesoutstandingbasic": 228600000,
        "weightedaveragenumberofdilutedsharesoutstanding": 231500000,
        "commonstockdividendspersharedeclared": 1.05,
        "othercomprehensiveincomeavailableforsalesecuritiesadjustmentbeforetaxportionattributabletoparent": -324000000,
        "changeinnetunrealizedgainlossoninvestmentsecuritieshavingcreditlossesrecognizedinconsolidatedstatementofincomebeforetaxportionattributabletoparent": 1000000,
        "othercomprehensiveincomedefinedbenefitplansadjustmentbeforetaxportionattributabletoparent": 2000000,
        "othercomprehensiveincomeforeigncurrencytransactionandtranslationadjustmentbeforetaxportionattributabletoparent": -25000000,
        "othercomprehensiveincomelossbeforetaxportionattributabletoparent": -350000000,
        "othercomprehensiveincomelosstaxportionattributabletoparent1": -71000000,
        "othercomprehensiveincomelossnetoftaxportionattributabletoparent": -279000000,
        "comprehensiveincomenetoftax": 255000000
    },
    {
        "date": "2024-03-30",
        "symbol": "TRV",
        "period": "Q1",
        "premiumsearnednet": 10126000000,
        "netinvestmentincome": 846000000,
        "insurancefeeincome": 109000000,
        "realizedinvestmentgainslosses": 35000000,
        "otherincome": 112000000,
        "revenues": 11228000000,
        "policyholderbenefitsandclaimsincurrednet": 6656000000,
        "deferredpolicyacquisitioncostamortizationexpense": 1698000000,
        "sellinggeneralandadministrativeexpense": 1406000000,
        "interestexpense": 98000000,
        "benefitslossesandexpenses": 9858000000,
        "incomelossfromcontinuingoperationsbeforeincometaxesextraordinaryitemsnoncontrollinginterest": 1370000000,
        "incometaxexpensebenefit": 247000000,
        "netincomeloss": 1123000000,
        "earningspersharebasic": 4.87,
        "earningspersharediluted": 4.8,
        "weightedaveragenumberofsharesoutstandingbasic": 229000000,
        "weightedaveragenumberofdilutedsharesoutstanding": 232000000,
        "commonstockdividendspersharedeclared": 1,
        "othercomprehensiveincomeavailableforsalesecuritiesadjustmentbeforetaxportionattributabletoparent": -752000000,
        "changeinnetunrealizedgainlossoninvestmentsecuritieshavingcreditlossesrecognizedinconsolidatedstatementofincomebeforetaxportionattributabletoparent": 2000000,
        "othercomprehensiveincomedefinedbenefitplansadjustmentbeforetaxportionattributabletoparent": 1000000,
        "othercomprehensiveincomeforeigncurrencytransactionandtranslationadjustmentbeforetaxportionattributabletoparent": -71000000,
        "othercomprehensiveincomelossbeforetaxportionattributabletoparent": -822000000,
        "othercomprehensiveincomelosstaxportionattributabletoparent1": -162000000,
        "othercomprehensiveincomelossnetoftaxportionattributabletoparent": -660000000,
        "comprehensiveincomenetoftax": 463000000
    },
    {
        "date": "2023-12-30",
        "symbol": "TRV",
        "period": "Q4",
        "premiumsearnednet": 18673000000,
        "netinvestmentincome": 778000000,
        "insurancefeeincome": 109000000,
        "realizedinvestmentgainslosses": 6000000,
        "otherincome": 78000000,
        "revenues": 10927000000,
        "policyholderbenefitsandclaimsincurrednet": 11840000000,
        "deferredpolicyacquisitioncostamortizationexpense": 1641000000,
        "sellinggeneralandadministrativeexpense": 2558000000,
        "interestexpense": 98000000,
        "benefitslossesandexpenses": 8908000000,
        "incomelossfromcontinuingoperationsbeforeincometaxesextraordinaryitemsnoncontrollinginterest": 2955000000,
        "incometaxexpensebenefit": 348000000,
        "netincomeloss": 2607000000,
        "earningspersharebasic": 7.07,
        "earningspersharediluted": 6.989999999999999,
        "weightedaveragenumberofsharesoutstandingbasic": 229700000,
        "weightedaveragenumberofdilutedsharesoutstanding": 232200000,
        "othercomprehensiveincomeavailableforsalesecuritiesadjustmentbeforetaxportionattributabletoparent": 4235000000,
        "othercomprehensiveincomedefinedbenefitplansadjustmentbeforetaxportionattributabletoparent": -116000000,
        "othercomprehensiveincomeforeigncurrencytransactionandtranslationadjustmentbeforetaxportionattributabletoparent": 125000000,
        "othercomprehensiveincomelossbeforetaxportionattributabletoparent": 4477000000,
        "othercomprehensiveincomelosstaxportionattributabletoparent1": 936000000,
        "othercomprehensiveincomelossnetoftaxportionattributabletoparent": 4569000000,
        "comprehensiveincomenetoftax": 5167000000
    },
    {
        "date": "2023-09-29",
        "symbol": "TRV",
        "period": "Q3",
        "premiumsearnednet": 9718000000,
        "netinvestmentincome": 769000000,
        "insurancefeeincome": 112000000,
        "realizedinvestmentgainslosses": -65000000,
        "otherincome": 101000000,
        "revenues": 10635000000,
        "policyholderbenefitsandclaimsincurrednet": 7149000000,
        "deferredpolicyacquisitioncostamortizationexpense": 1604000000,
        "sellinggeneralandadministrativeexpense": 1312000000,
        "interestexpense": 98000000,
        "benefitslossesandexpenses": 10163000000,
        "incomelossfromcontinuingoperationsbeforeincometaxesextraordinaryitemsnoncontrollinginterest": 472000000,
        "incometaxexpensebenefit": 68000000,
        "netincomeloss": 404000000,
        "earningspersharebasic": 1.75,
        "earningspersharediluted": 1.74,
        "weightedaveragenumberofsharesoutstandingbasic": 228800000,
        "weightedaveragenumberofdilutedsharesoutstanding": 231100000,
        "commonstockdividendspersharedeclared": 1,
        "othercomprehensiveincomeavailableforsalesecuritiesadjustmentbeforetaxportionattributabletoparent": -2391000000,
        "othercomprehensiveincomedefinedbenefitplansadjustmentbeforetaxportionattributabletoparent": 3000000,
        "othercomprehensiveincomeforeigncurrencytransactionandtranslationadjustmentbeforetaxportionattributabletoparent": -118000000,
        "othercomprehensiveincomelossbeforetaxportionattributabletoparent": -2512000000,
        "othercomprehensiveincomelosstaxportionattributabletoparent1": -509000000,
        "othercomprehensiveincomelossnetoftaxportionattributabletoparent": -2003000000,
        "comprehensiveincomenetoftax": -1599000000
    },
    {
        "date": "2023-06-29",
        "symbol": "TRV",
        "period": "Q2",
        "premiumsearnednet": 9216000000,
        "netinvestmentincome": 712000000,
        "insurancefeeincome": 106000000,
        "realizedinvestmentgainslosses": -35000000,
        "otherincome": 99000000,
        "revenues": 10098000000,
        "policyholderbenefitsandclaimsincurrednet": 7227000000,
        "deferredpolicyacquisitioncostamortizationexpense": 1519000000,
        "sellinggeneralandadministrativeexpense": 1308000000,
        "interestexpense": 92000000,
        "benefitslossesandexpenses": 10146000000,
        "incomelossfromcontinuingoperationsbeforeincometaxesextraordinaryitemsnoncontrollinginterest": -48000000,
        "incometaxexpensebenefit": -34000000,
        "netincomeloss": -14000000,
        "earningspersharebasic": -0.07,
        "earningspersharediluted": -0.07,
        "weightedaveragenumberofsharesoutstandingbasic": 229700000,
        "weightedaveragenumberofdilutedsharesoutstanding": 229700000,
        "commonstockdividendspersharedeclared": 1,
        "othercomprehensiveincomeavailableforsalesecuritiesadjustmentbeforetaxportionattributabletoparent": -903000000,
        "othercomprehensiveincomedefinedbenefitplansadjustmentbeforetaxportionattributabletoparent": 4000000,
        "othercomprehensiveincomeforeigncurrencytransactionandtranslationadjustmentbeforetaxportionattributabletoparent": 94000000,
        "othercomprehensiveincomelossbeforetaxportionattributabletoparent": -813000000,
        "othercomprehensiveincomelosstaxportionattributabletoparent1": -190000000,
        "othercomprehensiveincomelossnetoftaxportionattributabletoparent": -623000000,
        "comprehensiveincomenetoftax": -637000000
    },
    {
        "date": "2023-03-30",
        "symbol": "TRV",
        "period": "Q1",
        "premiumsearnednet": 154000000,
        "netinvestmentincome": 663000000,
        "insurancefeeincome": 106000000,
        "realizedinvestmentgainslosses": -11000000,
        "otherincome": 75000000,
        "revenues": 9704000000,
        "policyholderbenefitsandclaimsincurrednet": -1000000,
        "deferredpolicyacquisitioncostamortizationexpense": 1462000000,
        "sellinggeneralandadministrativeexpense": -2000000,
        "interestexpense": 88000000,
        "benefitslossesandexpenses": 8776000000,
        "incomelossfromcontinuingoperationsbeforeincometaxesextraordinaryitemsnoncontrollinginterest": -8000000,
        "incometaxexpensebenefit": -2000000,
        "netincomeloss": -6000000,
        "earningspersharebasic": 4.18,
        "earningspersharediluted": 4.13,
        "weightedaveragenumberofsharesoutstandingbasic": 231700000,
        "weightedaveragenumberofdilutedsharesoutstanding": 234400000,
        "commonstockdividendspersharedeclared": 0.93,
        "othercomprehensiveincomeavailableforsalesecuritiesadjustmentbeforetaxportionattributabletoparent": 1308000000,
        "othercomprehensiveincomedefinedbenefitplansadjustmentbeforetaxportionattributabletoparent": 3000000,
        "othercomprehensiveincomeforeigncurrencytransactionandtranslationadjustmentbeforetaxportionattributabletoparent": 37000000,
        "othercomprehensiveincomelossbeforetaxportionattributabletoparent": 1342000000,
        "othercomprehensiveincomelosstaxportionattributabletoparent1": 283000000,
        "othercomprehensiveincomelossnetoftaxportionattributabletoparent": 31000000,
        "comprehensiveincomenetoftax": 2034000000
    },
    {
        "date": "2022-09-29",
        "symbol": "TRV",
        "period": "Q3",
        "premiumsearnednet": 16460000000,
        "netinvestmentincome": 593000000,
        "feeincome": 104000000,
        "realizedinvestmentgainslosses": -118000000,
        "otherincome": 84000000,
        "revenues": 9303000000,
        "policyholderbenefitsandclaimsincurrednet": 11123000000,
        "deferredpolicyacquisitioncostamortizationexpense": 1406000000,
        "sellinggeneralandadministrativeexpense": 2378000000,
        "interestexpense": 88000000,
        "benefitslossesandexpenses": 8775000000,
        "incomelossfromcontinuingoperationsbeforeincometaxesextraordinaryitemsnoncontrollinginterest": 1718000000,
        "incometaxexpensebenefit": 239000000,
        "netincomeloss": 1479000000,
        "earningspersharebasic": 1.9399999999999995,
        "earningspersharediluted": 1.92,
        "weightedaveragenumberofsharesoutstandingbasic": -241000000,
        "weightedaveragenumberofdilutedsharesoutstanding": -243900000,
        "commonstockdividendspersharedeclared": 0.93,
        "othercomprehensiveincomeavailableforsalesecuritiesadjustmentbeforetaxportionattributabletoparent": -3204000000,
        "changeinnetunrealizedgainlossoninvestmentsecuritieshavingcreditlossesrecognizedinconsolidatedstatementofincomebeforetaxportionattributabletoparent": 0,
        "othercomprehensiveincomedefinedbenefitplansadjustmentbeforetaxportionattributabletoparent": -12000000,
        "othercomprehensiveincomeforeigncurrencytransactionandtranslationadjustmentbeforetaxportionattributabletoparent": -251000000,
        "othercomprehensiveincomelossbeforetaxportionattributabletoparent": -3443000000,
        "othercomprehensiveincomelosstaxportionattributabletoparent1": -690000000,
        "othercomprehensiveincomelossnetoftaxportionattributabletoparent": -6550000000,
        "comprehensiveincomenetoftax": -2299000000
    },
    {
        "date": "2022-06-29",
        "symbol": "TRV",
        "period": "Q2",
        "premiumsearnednet": 8317000000,
        "netinvestmentincome": 707000000,
        "feeincome": 100000000,
        "realizedinvestmentgainslosses": -95000000,
        "otherincome": 107000000,
        "revenues": 9136000000,
        "policyholderbenefitsandclaimsincurrednet": 5803000000,
        "deferredpolicyacquisitioncostamortizationexpense": 1365000000,
        "sellinggeneralandadministrativeexpense": 1223000000,
        "interestexpense": 88000000,
        "benefitslossesandexpenses": 8479000000,
        "incomelossfromcontinuingoperationsbeforeincometaxesextraordinaryitemsnoncontrollinginterest": 657000000,
        "incometaxexpensebenefit": 106000000,
        "netincomeloss": 551000000,
        "earningspersharebasic": 2.29,
        "earningspersharediluted": 2.27,
        "weightedaveragenumberofsharesoutstandingbasic": 238400000,
        "weightedaveragenumberofdilutedsharesoutstanding": 241100000,
        "commonstockdividendspersharedeclared": 0.93,
        "othercomprehensiveincomeavailableforsalesecuritiesadjustmentbeforetaxportionattributabletoparent": -3045000000,
        "changeinnetunrealizedgainlossoninvestmentsecuritieshavingcreditlossesrecognizedinconsolidatedstatementofincomebeforetaxportionattributabletoparent": -2000000,
        "othercomprehensiveincomedefinedbenefitplansadjustmentbeforetaxportionattributabletoparent": -11000000,
        "othercomprehensiveincomeforeigncurrencytransactionandtranslationadjustmentbeforetaxportionattributabletoparent": -174000000,
        "othercomprehensiveincomelossbeforetaxportionattributabletoparent": -3210000000,
        "othercomprehensiveincomelosstaxportionattributabletoparent1": -657000000,
        "othercomprehensiveincomelossnetoftaxportionattributabletoparent": -2553000000,
        "comprehensiveincomenetoftax": -2002000000
    },
    {
        "date": "2022-03-30",
        "symbol": "TRV",
        "period": "Q1",
        "premiumsearnednet": 169000000,
        "netinvestmentincome": 637000000,
        "feeincome": 103000000,
        "realizedinvestmentgainslosses": 2000000,
        "otherincome": 78000000,
        "revenues": 8809000000,
        "policyholderbenefitsandclaimsincurrednet": 4000000,
        "deferredpolicyacquisitioncostamortizationexpense": 1310000000,
        "sellinggeneralandadministrativeexpense": 6000000,
        "interestexpense": 87000000,
        "benefitslossesandexpenses": 7627000000,
        "incomelossfromcontinuingoperationsbeforeincometaxesextraordinaryitemsnoncontrollinginterest": -8000000,
        "incometaxexpensebenefit": -1000000,
        "netincomeloss": -7000000,
        "earningspersharebasic": 4.2,
        "earningspersharediluted": 4.15,
        "weightedaveragenumberofsharesoutstandingbasic": 240900000,
        "weightedaveragenumberofdilutedsharesoutstanding": 243700000,
        "commonstockdividendspersharedeclared": 0.88,
        "othercomprehensiveincomeavailableforsalesecuritiesadjustmentbeforetaxportionattributabletoparent": -4829000000,
        "changeinnetunrealizedgainlossoninvestmentsecuritieshavingcreditlossesrecognizedinconsolidatedstatementofincomebeforetaxportionattributabletoparent": -1000000,
        "othercomprehensiveincomedefinedbenefitplansadjustmentbeforetaxportionattributabletoparent": -11000000,
        "othercomprehensiveincomeforeigncurrencytransactionandtranslationadjustmentbeforetaxportionattributabletoparent": 2000000,
        "othercomprehensiveincomelossbeforetaxportionattributabletoparent": -4817000000,
        "othercomprehensiveincomelosstaxportionattributabletoparent1": -1022000000,
        "othercomprehensiveincomelossnetoftaxportionattributabletoparent": 2000000,
        "comprehensiveincomenetoftax": -2777000000
    },
    {
        "date": "2021-09-29",
        "symbol": "TRV",
        "period": "Q3",
        "premiumsearnednet": 7829000000,
        "netinvestmentincome": 771000000,
        "feeincome": 97000000,
        "realizedinvestmentgainslosses": 8000000,
        "otherincome": 100000000,
        "revenues": 8805000000,
        "policyholderbenefitsandclaimsincurrednet": 5464000000,
        "deferredpolicyacquisitioncostamortizationexpense": 1281000000,
        "sellinggeneralandadministrativeexpense": 1187000000,
        "interestexpense": 87000000,
        "benefitslossesandexpenses": 8019000000,
        "incomelossfromcontinuingoperationsbeforeincometaxesextraordinaryitemsnoncontrollinginterest": 786000000,
        "incometaxexpensebenefit": 124000000,
        "netincomeloss": 662000000,
        "earningspersharebasic": 2.65,
        "earningspersharediluted": 2.62,
        "weightedaveragenumberofsharesoutstandingbasic": 247700000,
        "weightedaveragenumberofdilutedsharesoutstanding": 250100000,
        "commonstockdividendspersharedeclared": 0.88,
        "othercomprehensiveincomeavailableforsalesecuritiesadjustmentbeforetaxportionattributabletoparent": -686000000,
        "othercomprehensiveincomedefinedbenefitplansadjustmentbeforetaxportionattributabletoparent": -26000000,
        "othercomprehensiveincomeforeigncurrencytransactionandtranslationadjustmentbeforetaxportionattributabletoparent": -91000000,
        "othercomprehensiveincomelossbeforetaxportionattributabletoparent": -751000000,
        "othercomprehensiveincomelosstaxportionattributabletoparent1": -148000000,
        "othercomprehensiveincomelossnetoftaxportionattributabletoparent": -603000000,
        "comprehensiveincomenetoftax": 59000000
    },
    {
        "date": "2021-06-29",
        "symbol": "TRV",
        "period": "Q2",
        "premiumsearnednet": 7616000000,
        "netinvestmentincome": 818000000,
        "feeincome": 104000000,
        "realizedinvestmentgainslosses": 61000000,
        "otherincome": 88000000,
        "revenues": 8687000000,
        "policyholderbenefitsandclaimsincurrednet": 5045000000,
        "deferredpolicyacquisitioncostamortizationexpense": 1254000000,
        "sellinggeneralandadministrativeexpense": 1174000000,
        "interestexpense": 83000000,
        "benefitslossesandexpenses": 7556000000,
        "incomelossfromcontinuingoperationsbeforeincometaxesextraordinaryitemsnoncontrollinginterest": 1131000000,
        "incometaxexpensebenefit": 197000000,
        "netincomeloss": 934000000,
        "earningspersharebasic": 3.7,
        "earningspersharediluted": 3.66,
        "weightedaveragenumberofsharesoutstandingbasic": 250700000,
        "weightedaveragenumberofdilutedsharesoutstanding": 253100000,
        "commonstockdividendspersharedeclared": 0.88,
        "othercomprehensiveincomeavailableforsalesecuritiesadjustmentbeforetaxportionattributabletoparent": 533000000,
        "othercomprehensiveincomedefinedbenefitplansadjustmentbeforetaxportionattributabletoparent": -26000000,
        "othercomprehensiveincomeforeigncurrencytransactionandtranslationadjustmentbeforetaxportionattributabletoparent": 40000000,
        "othercomprehensiveincomelossbeforetaxportionattributabletoparent": 599000000,
        "othercomprehensiveincomelosstaxportionattributabletoparent1": 121000000,
        "othercomprehensiveincomelossnetoftaxportionattributabletoparent": 478000000,
        "comprehensiveincomenetoftax": 1412000000
    },
    {
        "date": "2021-03-30",
        "symbol": "TRV",
        "period": "Q1",
        "premiumsearnednet": 7386000000,
        "netinvestmentincome": 701000000,
        "feeincome": 101000000,
        "realizedinvestmentgainslosses": 44000000,
        "otherincome": 81000000,
        "revenues": 8313000000,
        "policyholderbenefitsandclaimsincurrednet": 4970000000,
        "deferredpolicyacquisitioncostamortizationexpense": 1207000000,
        "sellinggeneralandadministrativeexpense": 1163000000,
        "interestexpense": 82000000,
        "benefitslossesandexpenses": 7422000000,
        "incomelossfromcontinuingoperationsbeforeincometaxesextraordinaryitemsnoncontrollinginterest": 891000000,
        "incometaxexpensebenefit": 158000000,
        "netincomeloss": 733000000,
        "earningspersharebasic": 2.89,
        "earningspersharediluted": 2.87,
        "weightedaveragenumberofsharesoutstandingbasic": 252100000,
        "weightedaveragenumberofdilutedsharesoutstanding": 254100000,
        "commonstockdividendspersharedeclared": 0.85,
        "othercomprehensiveincomeavailableforsalesecuritiesadjustmentbeforetaxportionattributabletoparent": -1596000000,
        "othercomprehensiveincomedefinedbenefitplansadjustmentbeforetaxportionattributabletoparent": -25000000,
        "othercomprehensiveincomeforeigncurrencytransactionandtranslationadjustmentbeforetaxportionattributabletoparent": 26000000,
        "othercomprehensiveincomelossbeforetaxportionattributabletoparent": -1545000000,
        "othercomprehensiveincomelosstaxportionattributabletoparent1": -334000000,
        "othercomprehensiveincomelossnetoftaxportionattributabletoparent": -1211000000,
        "comprehensiveincomenetoftax": -478000000
    },
    {
        "date": "2020-12-30",
        "symbol": "TRV",
        "period": "Q4",
        "premiumsearnednet": 7480000000,
        "netinvestmentincome": 677000000,
        "realizedinvestmentgainslosses": 50000000,
        "otherincome": 84000000,
        "revenues": 8397000000,
        "policyholderbenefitsandclaimsincurrednet": 4341000000,
        "deferredpolicyacquisitioncostamortizationexpense": 1215000000,
        "sellinggeneralandadministrativeexpense": 1142000000,
        "interestexpense": 83000000,
        "benefitslossesandexpenses": 6781000000,
        "incomelossfromcontinuingoperationsbeforeincometaxesextraordinaryitemsnoncontrollinginterest": 1616000000,
        "incometaxexpensebenefit": 306000000,
        "netincomeloss": 1310000000,
        "earningspersharebasic": 5.140000000000001,
        "earningspersharediluted": 5.119999999999999,
        "weightedaveragenumberofsharesoutstandingbasic": -505800000,
        "weightedaveragenumberofdilutedsharesoutstanding": -507200000,
        "othercomprehensiveincomeavailableforsalesecuritiesadjustmentbeforetaxportionattributabletoparent": 330000000,
        "changeinnetunrealizedgainlossoninvestmentsecuritieshavingcreditlossesrecognizedinconsolidatedstatementofincomebeforetaxportionattributabletoparent": 1000000,
        "othercomprehensiveincomedefinedbenefitplansadjustmentbeforetaxportionattributabletoparent": 46000000,
        "othercomprehensiveincomeforeigncurrencytransactionandtranslationadjustmentbeforetaxportionattributabletoparent": 149000000,
        "othercomprehensiveincomelossbeforetaxportionattributabletoparent": 434000000,
        "othercomprehensiveincomelosstaxportionattributabletoparent1": 70000000,
        "othercomprehensiveincomelossnetoftaxportionattributabletoparent": 364000000,
        "comprehensiveincomenetoftax": 1674000000
    },
    {
        "date": "2020-09-29",
        "symbol": "TRV",
        "period": "Q3",
        "premiumsearnednet": 7380000000,
        "netinvestmentincome": 671000000,
        "insurancecommissionsandfees": 101000000,
        "realizedinvestmentgainslosses": 37000000,
        "otherincome": 86000000,
        "revenues": 8275000000,
        "policyholderbenefitsandclaimsincurrednet": 4886000000,
        "deferredpolicyacquisitioncostamortizationexpense": 1207000000,
        "sellinggeneralandadministrativeexpense": 1109000000,
        "interestexpense": 87000000,
        "benefitslossesandexpenses": 7289000000,
        "incomelossfromcontinuingoperationsbeforeincometaxesextraordinaryitemsnoncontrollinginterest": 986000000,
        "incometaxexpensebenefit": 159000000,
        "netincomeloss": 827000000,
        "earningspersharebasic": 3.24,
        "earningspersharediluted": 3.23,
        "weightedaveragenumberofsharesoutstandingbasic": 253300000,
        "weightedaveragenumberofdilutedsharesoutstanding": 254300000,
        "commonstockdividendspersharedeclared": 0.85,
        "othercomprehensiveincomeavailableforsalesecuritiesadjustmentbeforetaxportionattributabletoparent": 217000000,
        "changeinnetunrealizedgainlossoninvestmentsecuritieshavingcreditlossesrecognizedinconsolidatedstatementofincomebeforetaxportionattributabletoparent": -7000000,
        "othercomprehensiveincomedefinedbenefitplansadjustmentbeforetaxportionattributabletoparent": -20000000,
        "othercomprehensiveincomeforeigncurrencytransactionandtranslationadjustmentbeforetaxportionattributabletoparent": 79000000,
        "othercomprehensiveincomelossbeforetaxportionattributabletoparent": 309000000,
        "othercomprehensiveincomelosstaxportionattributabletoparent1": 53000000,
        "othercomprehensiveincomelossnetoftaxportionattributabletoparent": 256000000,
        "comprehensiveincomenetoftax": 1083000000
    },
    {
        "date": "2020-06-29",
        "symbol": "TRV",
        "period": "Q2",
        "premiumsearnednet": 6955000000,
        "netinvestmentincome": 268000000,
        "insurancecommissionsandfees": 114000000,
        "realizedinvestmentgainslosses": 13000000,
        "otherincome": 51000000,
        "revenues": 7401000000,
        "policyholderbenefitsandclaimsincurrednet": 5107000000,
        "deferredpolicyacquisitioncostamortizationexpense": 1173000000,
        "sellinggeneralandadministrativeexpense": 1121000000,
        "interestexpense": 85000000,
        "benefitslossesandexpenses": 7486000000,
        "incomelossfromcontinuingoperationsbeforeincometaxesextraordinaryitemsnoncontrollinginterest": -85000000,
        "incometaxexpensebenefit": -45000000,
        "netincomeloss": -40000000,
        "earningspersharebasic": -0.16,
        "earningspersharediluted": -0.16,
        "weightedaveragenumberofsharesoutstandingbasic": 251600000,
        "weightedaveragenumberofdilutedsharesoutstanding": 251600000,
        "commonstockdividendspersharedeclared": 0.85,
        "othercomprehensiveincomeavailableforsalesecuritiesadjustmentbeforetaxportionattributabletoparent": 2359000000,
        "changeinnetunrealizedgainlossoninvestmentsecuritieshavingcreditlossesrecognizedinconsolidatedstatementofincomebeforetaxportionattributabletoparent": 3000000,
        "othercomprehensiveincomedefinedbenefitplansadjustmentbeforetaxportionattributabletoparent": -21000000,
        "othercomprehensiveincomeforeigncurrencytransactionandtranslationadjustmentbeforetaxportionattributabletoparent": 52000000,
        "othercomprehensiveincomelossbeforetaxportionattributabletoparent": 2435000000,
        "othercomprehensiveincomelosstaxportionattributabletoparent1": 504000000,
        "othercomprehensiveincomelossnetoftaxportionattributabletoparent": 1931000000,
        "comprehensiveincomenetoftax": 1891000000
    },
    {
        "date": "2020-03-30",
        "symbol": "TRV",
        "period": "Q1",
        "netincomeloss": 600000000,
        "othercomprehensiveincomeavailableforsalesecuritiesadjustmentbeforetaxportionattributabletoparent": -575000000,
        "changeinnetunrealizedgainlossoninvestmentsecuritieshavingcreditlossesrecognizedinconsolidatedstatementofincomebeforetaxportionattributabletoparent": -6000000,
        "othercomprehensiveincomedefinedbenefitplansadjustmentbeforetaxportionattributabletoparent": -23000000,
        "othercomprehensiveincomeforeigncurrencytransactionandtranslationadjustmentbeforetaxportionattributabletoparent": -268000000,
        "othercomprehensiveincomelossbeforetaxportionattributabletoparent": -826000000,
        "othercomprehensiveincomelosstaxportionattributabletoparent1": -137000000,
        "othercomprehensiveincomelossnetoftaxportionattributabletoparent": -689000000,
        "comprehensiveincomenetoftax": -89000000,
        "premiumsearnednet": 7229000000,
        "netinvestmentincome": 611000000,
        "insurancecommissionsandfees": 108000000,
        "realizedinvestmentgainslosses": -98000000,
        "otherincome": 58000000,
        "revenues": 7908000000,
        "policyholderbenefitsandclaimsincurrednet": 4789000000,
        "deferredpolicyacquisitioncostamortizationexpense": 1178000000,
        "sellinggeneralandadministrativeexpense": 1137000000,
        "interestexpense": 84000000,
        "benefitslossesandexpenses": 7188000000,
        "incomelossfromcontinuingoperationsbeforeincometaxesextraordinaryitemsnoncontrollinginterest": 720000000,
        "incometaxexpensebenefit": 120000000,
        "earningspersharebasic": 2.34,
        "earningspersharediluted": 2.33,
        "weightedaveragenumberofsharesoutstandingbasic": 254400000,
        "weightedaveragenumberofdilutedsharesoutstanding": 255900000,
        "commonstockdividendspersharedeclared": 0.82
    },
    {
        "date": "2019-12-30",
        "symbol": "TRV",
        "period": "Q4",
        "netincomeloss": 873000000,
        "othercomprehensiveincomeavailableforsalesecuritiesadjustmentbeforetaxportionattributabletoparent": -135000000,
        "changeinnetunrealizedgainlossoninvestmentsecuritieshavingcreditlossesrecognizedinconsolidatedstatementofincomebeforetaxportionattributabletoparent": -2000000,
        "othercomprehensiveincomedefinedbenefitplansadjustmentbeforetaxportionattributabletoparent": 7000000,
        "othercomprehensiveincomeforeigncurrencytransactionandtranslationadjustmentbeforetaxportionattributabletoparent": 137000000,
        "othercomprehensiveincomelossbeforetaxportionattributabletoparent": -7000000,
        "othercomprehensiveincomelosstaxportionattributabletoparent1": -22000000,
        "othercomprehensiveincomelossnetoftaxportionattributabletoparent": 15000000,
        "comprehensiveincomenetoftax": 888000000,
        "premiumsearnednet": 7250000000,
        "netinvestmentincome": 616000000,
        "insurancecommissionsandfees": 113000000,
        "realizedinvestmentgainslosses": 12000000,
        "otherincome": 72000000,
        "revenues": 8063000000,
        "policyholderbenefitsandclaimsincurrednet": 4640000000,
        "deferredpolicyacquisitioncostamortizationexpense": 1181000000,
        "sellinggeneralandadministrativeexpense": 1085000000,
        "interestexpense": 83000000,
        "benefitslossesandexpenses": 6989000000,
        "incomelossfromcontinuingoperationsbeforeincometaxesextraordinaryitemsnoncontrollinginterest": 1074000000,
        "incometaxexpensebenefit": 201000000,
        "earningspersharebasic": 3.3599999999999994,
        "earningspersharediluted": 3.33,
        "weightedaveragenumberofsharesoutstandingbasic": -1100000,
        "weightedaveragenumberofdilutedsharesoutstanding": -1100000
    },
    {
        "date": "2019-09-29",
        "symbol": "TRV",
        "period": "Q3",
        "netincomeloss": 396000000,
        "othercomprehensiveincomeavailableforsalesecuritiesadjustmentbeforetaxportionattributabletoparent": 1042000000,
        "changeinnetunrealizedgainlossoninvestmentsecuritieshavingcreditlossesrecognizedinconsolidatedstatementofincomebeforetaxportionattributabletoparent": -2000000,
        "othercomprehensiveincomedefinedbenefitplansadjustmentbeforetaxportionattributabletoparent": -14000000,
        "othercomprehensiveincomeforeigncurrencytransactionandtranslationadjustmentbeforetaxportionattributabletoparent": -44000000,
        "othercomprehensiveincomelossbeforetaxportionattributabletoparent": 1974000000,
        "othercomprehensiveincomelosstaxportionattributabletoparent1": 425000000,
        "othercomprehensiveincomelossnetoftaxportionattributabletoparent": 1549000000,
        "comprehensiveincomenetoftax": 4789000000,
        "impairmentofinvestments": 0,
        "otherthantemporaryimpairmentlosstotalinvestmentsportionrecognizedinearnings": 0,
        "premiumsearnednet": 11527000000,
        "netinvestmentincome": 1105000000,
        "insurancecommissionsandfees": 225000000,
        "realizedinvestmentgainslosses": 54000000,
        "otherincome": 118000000,
        "revenues": 10410000000,
        "policyholderbenefitsandclaimsincurrednet": 6648000000,
        "deferredpolicyacquisitioncostamortizationexpense": 1541000000,
        "sellinggeneralandadministrativeexpense": 1433000000,
        "interestexpense": 160000000,
        "benefitslossesandexpenses": 9782000000,
        "incomelossfromcontinuingoperationsbeforeincometaxesextraordinaryitemsnoncontrollinginterest": 628000000,
        "incometaxexpensebenefit": 61000000,
        "earningspersharebasic": 1.5300000000000011,
        "earningspersharediluted": 1.5,
        "weightedaveragenumberofsharesoutstandingbasic": -263100000,
        "weightedaveragenumberofdilutedsharesoutstanding": -265100000,
        "commonstockdividendspersharedeclared": 0.8200000000000003
    },
    {
        "date": "2019-06-29",
        "symbol": "TRV",
        "period": "Q2",
        "netincomeloss": 557000000,
        "othercomprehensiveincomeavailableforsalesecuritiesadjustmentbeforetaxportionattributabletoparent": 1108000000,
        "changeinnetunrealizedgainlossoninvestmentsecuritieshavingcreditlossesrecognizedinconsolidatedstatementofincomebeforetaxportionattributabletoparent": -4000000,
        "othercomprehensiveincomedefinedbenefitplansadjustmentbeforetaxportionattributabletoparent": -14000000,
        "othercomprehensiveincomeforeigncurrencytransactionandtranslationadjustmentbeforetaxportionattributabletoparent": 5000000,
        "othercomprehensiveincomelossbeforetaxportionattributabletoparent": 1123000000,
        "othercomprehensiveincomelosstaxportionattributabletoparent1": 235000000,
        "othercomprehensiveincomelossnetoftaxportionattributabletoparent": 888000000,
        "comprehensiveincomenetoftax": 1445000000,
        "impairmentofinvestments": 1000000,
        "otherthantemporaryimpairmentlosstotalinvestmentsportionrecognizedinearnings": 1000000,
        "premiumsearnednet": 6988000000,
        "netinvestmentincome": 648000000,
        "insurancecommissionsandfees": 116000000,
        "realizedinvestmentgainslosses": 25000000,
        "otherincome": 57000000,
        "revenues": 7834000000,
        "policyholderbenefitsandclaimsincurrednet": 4821000000,
        "deferredpolicyacquisitioncostamortizationexpense": 1134000000,
        "sellinggeneralandadministrativeexpense": 1125000000,
        "interestexpense": 89000000,
        "benefitslossesandexpenses": 7169000000,
        "incomelossfromcontinuingoperationsbeforeincometaxesextraordinaryitemsnoncontrollinginterest": 665000000,
        "incometaxexpensebenefit": 108000000,
        "earningspersharebasic": 2.11,
        "earningspersharediluted": 2.1,
        "weightedaveragenumberofsharesoutstandingbasic": 261300000,
        "weightedaveragenumberofdilutedsharesoutstanding": 263700000,
        "commonstockdividendspersharedeclared": 0.82
    },
    {
        "date": "2019-03-30",
        "symbol": "TRV",
        "period": "Q1",
        "netincomeloss": 796000000,
        "othercomprehensiveincomeavailableforsalesecuritiesadjustmentbeforetaxportionattributabletoparent": 979000000,
        "changeinnetunrealizedgainlossoninvestmentsecuritieshavingcreditlossesrecognizedinconsolidatedstatementofincomebeforetaxportionattributabletoparent": 4000000,
        "othercomprehensiveincomedefinedbenefitplansadjustmentbeforetaxportionattributabletoparent": -12000000,
        "othercomprehensiveincomeforeigncurrencytransactionandtranslationadjustmentbeforetaxportionattributabletoparent": 19000000,
        "othercomprehensiveincomelossbeforetaxportionattributabletoparent": 50000000,
        "othercomprehensiveincomelosstaxportionattributabletoparent1": 3000000,
        "othercomprehensiveincomelossnetoftaxportionattributabletoparent": 47000000,
        "comprehensiveincomenetoftax": -2001000000,
        "impairmentofinvestments": 1000000,
        "otherthantemporaryimpairmentlosstotalinvestmentsportionrecognizedinearnings": 1000000,
        "premiumsearnednet": 2507000000,
        "netinvestmentincome": 99000000,
        "insurancecommissionsandfees": 5000000,
        "realizedinvestmentgainslosses": 22000000,
        "otherincome": 22000000,
        "revenues": 5274000000,
        "policyholderbenefitsandclaimsincurrednet": 3024000000,
        "deferredpolicyacquisitioncostamortizationexpense": 745000000,
        "sellinggeneralandadministrativeexpense": 722000000,
        "interestexpense": 12000000,
        "benefitslossesandexpenses": 4503000000,
        "incomelossfromcontinuingoperationsbeforeincometaxesextraordinaryitemsnoncontrollinginterest": 771000000,
        "incometaxexpensebenefit": 146000000,
        "earningspersharebasic": 3.01,
        "earningspersharediluted": 2.99,
        "weightedaveragenumberofsharesoutstandingbasic": 262900000,
        "weightedaveragenumberofdilutedsharesoutstanding": 264800000,
        "commonstockdividendspersharedeclared": 0.77
    },
    {
        "date": "2018-09-29",
        "symbol": "TRV",
        "period": "Q3",
        "netincomeloss": 1241000000,
        "othercomprehensiveincomeavailableforsalesecuritiesadjustmentbeforetaxportionattributabletoparent": -299000000,
        "changeinnetunrealizedgainlossoninvestmentsecuritieshavingcreditlossesrecognizedinconsolidatedstatementofincomebeforetaxportionattributabletoparent": -8000000,
        "othercomprehensiveincomedefinedbenefitplansadjustmentbeforetaxportionattributabletoparent": -21000000,
        "othercomprehensiveincomeforeigncurrencytransactionandtranslationadjustmentbeforetaxportionattributabletoparent": 6000000,
        "othercomprehensiveincomelossbeforetaxportionattributabletoparent": 0,
        "othercomprehensiveincomelosstaxportionattributabletoparent1": -3000000,
        "othercomprehensiveincomelossnetoftaxportionattributabletoparent": 3000000,
        "comprehensiveincomenetoftax": -398000000,
        "premiumsearnednet": 441000000,
        "netinvestmentincome": -206000000,
        "insurancecommissionsandfees": -93000000,
        "otherincome": 35000000,
        "revenues": -2000000,
        "policyholderbenefitsandclaimsincurrednet": 9000000,
        "deferredpolicyacquisitioncostamortizationexpense": 757000000,
        "sellinggeneralandadministrativeexpense": 13000000,
        "interestexpense": 12000000,
        "benefitslossesandexpenses": -2000000,
        "incomelossfromcontinuingoperationsbeforeincometaxesextraordinaryitemsnoncontrollinginterest": -4000000,
        "incometaxexpensebenefit": -2000000,
        "earningspersharebasic": 2.6500000000000004,
        "earningspersharediluted": 2.63,
        "weightedaveragenumberofsharesoutstandingbasic": -271100000,
        "weightedaveragenumberofdilutedsharesoutstanding": -273900000,
        "commonstockdividendspersharedeclared": 0.7699999999999998
    },
    {
        "date": "2018-06-29",
        "symbol": "TRV",
        "period": "Q2",
        "netincomeloss": -8000000,
        "othercomprehensiveincomeavailableforsalesecuritiesadjustmentbeforetaxportionattributabletoparent": -209000000,
        "changeinnetunrealizedgainlossoninvestmentsecuritieshavingcreditlossesrecognizedinconsolidatedstatementofincomebeforetaxportionattributabletoparent": -10000000,
        "othercomprehensiveincomedefinedbenefitplansadjustmentbeforetaxportionattributabletoparent": -21000000,
        "othercomprehensiveincomeforeigncurrencytransactionandtranslationadjustmentbeforetaxportionattributabletoparent": -77000000,
        "othercomprehensiveincomelossbeforetaxportionattributabletoparent": -158000000,
        "othercomprehensiveincomelosstaxportionattributabletoparent1": -20000000,
        "othercomprehensiveincomelossnetoftaxportionattributabletoparent": -138000000,
        "comprehensiveincomenetoftax": -189000000,
        "impairmentofinvestments": 1000000,
        "otherthantemporaryimpairmentlossdebtsecuritiesportionrecognizedinearnings": 1000000,
        "premiumsearnednet": 2453000000,
        "netinvestmentincome": 98000000,
        "insurancecommissionsandfees": 5000000,
        "realizedinvestmentgainslosses": 12000000,
        "otherincome": 14000000,
        "revenues": -1000000,
        "policyholderbenefitsandclaimsincurrednet": 8000000,
        "deferredpolicyacquisitioncostamortizationexpense": 727000000,
        "sellinggeneralandadministrativeexpense": 13000000,
        "interestexpense": 13000000,
        "benefitslossesandexpenses": -1000000,
        "incomelossfromcontinuingoperationsbeforeincometaxesextraordinaryitemsnoncontrollinginterest": -9000000,
        "incometaxexpensebenefit": -1000000,
        "earningspersharebasic": 1.93,
        "earningspersharediluted": 1.92,
        "weightedaveragenumberofsharesoutstandingbasic": 268700000,
        "weightedaveragenumberofdilutedsharesoutstanding": 271100000,
        "commonstockdividendspersharedeclared": 0.77
    },
    {
        "date": "2018-03-30",
        "symbol": "TRV",
        "period": "Q1",
        "netincomeloss": 669000000,
        "othercomprehensiveincomeavailableforsalesecuritiesadjustmentbeforetaxportionattributabletoparent": -838000000,
        "changeinnetunrealizedgainlossoninvestmentsecuritieshavingcreditlossesrecognizedinconsolidatedstatementofincomebeforetaxportionattributabletoparent": -1000000,
        "othercomprehensiveincomedefinedbenefitplansadjustmentbeforetaxportionattributabletoparent": -22000000,
        "othercomprehensiveincomeforeigncurrencytransactionandtranslationadjustmentbeforetaxportionattributabletoparent": -25000000,
        "othercomprehensiveincomelossbeforetaxportionattributabletoparent": 6000000,
        "othercomprehensiveincomelosstaxportionattributabletoparent1": 5000000,
        "othercomprehensiveincomelossnetoftaxportionattributabletoparent": 1000000,
        "comprehensiveincomenetoftax": 227000000,
        "premiumsearnednet": 4468000000,
        "netinvestmentincome": 412000000,
        "insurancecommissionsandfees": 103000000,
        "realizedgainlossonmarketablesecuritiescostmethodinvestmentsandotherinvestments": 2000000,
        "otherincome": -1000000,
        "revenues": -1000000,
        "policyholderbenefitsandclaimsincurrednet": 9000000,
        "deferredpolicyacquisitioncostamortizationexpense": 705000000,
        "sellinggeneralandadministrativeexpense": 13000000,
        "interestexpense": 11000000,
        "benefitslossesandexpenses": -1000000,
        "incomelossfromcontinuingoperationsbeforeincometaxesextraordinaryitemsnoncontrollinginterest": -22000000,
        "incometaxexpensebenefit": -5000000,
        "earningspersharebasic": 2.45,
        "earningspersharediluted": 2.42,
        "weightedaveragenumberofsharesoutstandingbasic": 271000000,
        "weightedaveragenumberofdilutedsharesoutstanding": 273900000,
        "commonstockdividendspersharedeclared": 0.72
    },
    {
        "date": "2017-09-29",
        "symbol": "TRV",
        "period": "Q3",
        "premiumsearnednet": 2057000000,
        "netinvestmentincome": -23000000,
        "insurancecommissionsandfees": 113000000,
        "realizedgainlossonmarketablesecuritiescostmethodinvestmentsandotherinvestments": 61000000,
        "otherincome": -2000000,
        "revenues": -15000000,
        "policyholderbenefitsandclaimsincurrednet": 1615000000,
        "deferredpolicyacquisitioncostamortizationexpense": 343000000,
        "sellinggeneralandadministrativeexpense": -2000000,
        "interestexpense": 83000000,
        "benefitslossesandexpenses": -2000000,
        "incomelossfromcontinuingoperationsbeforeincometaxesextraordinaryitemsnoncontrollinginterest": 84000000,
        "incometaxexpensebenefit": 53000000,
        "netincomeloss": 1251000000,
        "earningspersharebasic": 1.0699999999999994,
        "earningspersharediluted": 1.0599999999999996,
        "weightedaveragenumberofsharesoutstandingbasic": -1500000,
        "weightedaveragenumberofdilutedsharesoutstanding": -1600000,
        "commonstockdividendspersharedeclared": 0.7200000000000001,
        "othercomprehensiveincomeavailableforsalesecuritiesadjustmentbeforetaxportionattributabletoparent": 5000000,
        "changeinnetunrealizedgainlossoninvestmentsecuritieshavingcreditlossesrecognizedinconsolidatedstatementofincomebeforetaxportionattributabletoparent": -1000000,
        "othercomprehensiveincomedefinedbenefitplansadjustmentbeforetaxportionattributabletoparent": 8000000,
        "othercomprehensiveincomeforeigncurrencytransactionandtranslationadjustmentbeforetaxportionattributabletoparent": 52000000,
        "othercomprehensiveincomelossbeforetaxportionattributabletoparent": -3000000,
        "othercomprehensiveincomelosstaxportionattributabletoparent1": 4000000,
        "othercomprehensiveincomelossnetoftaxportionattributabletoparent": -66000000,
        "comprehensiveincomenetoftax": -404000000,
        "totalcreditandnoncreditimpairmentofinvestments": -3000000,
        "otherthantemporaryimpairmentlossesinvestmentsportionrecognizedinearningsnet": 3000000
    },
    {
        "date": "2017-06-29",
        "symbol": "TRV",
        "period": "Q2",
        "premiumsearnednet": 2006000000,
        "netinvestmentincome": 6000000,
        "insurancecommissionsandfees": 116000000,
        "realizedgainlossonmarketablesecuritiescostmethodinvestmentsandotherinvestments": 80000000,
        "otherincome": -3000000,
        "revenues": -3000000,
        "policyholderbenefitsandclaimsincurrednet": 1374000000,
        "deferredpolicyacquisitioncostamortizationexpense": 339000000,
        "sellinggeneralandadministrativeexpense": -3000000,
        "interestexpense": 80000000,
        "benefitslossesandexpenses": -3000000,
        "incomelossfromcontinuingoperationsbeforeincometaxesextraordinaryitemsnoncontrollinginterest": -21000000,
        "incometaxexpensebenefit": -16000000,
        "netincomeloss": -600000000,
        "earningspersharebasic": 2.1300000000000003,
        "earningspersharediluted": 2.1100000000000003,
        "weightedaveragenumberofsharesoutstandingbasic": -1100000,
        "weightedaveragenumberofdilutedsharesoutstanding": -1200000,
        "commonstockdividendspersharedeclared": 0.7199999999999999,
        "othercomprehensiveincomeavailableforsalesecuritiesadjustmentbeforetaxportionattributabletoparent": -54000000,
        "changeinnetunrealizedgainlossoninvestmentsecuritieshavingcreditlossesrecognizedinconsolidatedstatementofincomebeforetaxportionattributabletoparent": 3000000,
        "othercomprehensiveincomedefinedbenefitplansadjustmentbeforetaxportionattributabletoparent": -18000000,
        "othercomprehensiveincomeforeigncurrencytransactionandtranslationadjustmentbeforetaxportionattributabletoparent": 34000000,
        "othercomprehensiveincomelossbeforetaxportionattributabletoparent": -36000000,
        "othercomprehensiveincomelosstaxportionattributabletoparent1": -12000000,
        "othercomprehensiveincomelossnetoftaxportionattributabletoparent": -295000000,
        "comprehensiveincomenetoftax": -895000000,
        "totalcreditandnoncreditimpairmentofinvestments": -3000000,
        "otherthantemporaryimpairmentlossesinvestmentsportionrecognizedinearningsnet": 3000000,
        "otherthantemporaryimpairmentlossesinvestmentsportioninothercomprehensiveincomelossbeforetaxportionattributabletoparentavailableforsalesecuritiesrecoveryofpreviouslyrecognizedimpairment": 0
    },
    {
        "date": "2017-03-30",
        "symbol": "TRV",
        "period": "Q1",
        "premiumsearnednet": 1955000000,
        "netinvestmentincome": 4000000,
        "insurancecommissionsandfees": 113000000,
        "realizedgainlossonmarketablesecuritiescostmethodinvestmentsandotherinvestments": 5000000,
        "otherincome": -2000000,
        "revenues": -2000000,
        "policyholderbenefitsandclaimsincurrednet": 1342000000,
        "deferredpolicyacquisitioncostamortizationexpense": 335000000,
        "sellinggeneralandadministrativeexpense": -2000000,
        "interestexpense": 77000000,
        "benefitslossesandexpenses": -2000000,
        "incomelossfromcontinuingoperationsbeforeincometaxesextraordinaryitemsnoncontrollinginterest": -76000000,
        "incometaxexpensebenefit": -41000000,
        "netincomeloss": -652000000,
        "earningspersharebasic": 2.19,
        "earningspersharediluted": 2.17,
        "weightedaveragenumberofsharesoutstandingbasic": 279700000,
        "weightedaveragenumberofdilutedsharesoutstanding": 282400000,
        "commonstockdividendspersharedeclared": 0.67,
        "othercomprehensiveincomeavailableforsalesecuritiesadjustmentbeforetaxportionattributabletoparent": 7000000,
        "changeinnetunrealizedgainlossoninvestmentsecuritieshavingcreditlossesrecognizedinconsolidatedstatementofincomebeforetaxportionattributabletoparent": -1000000,
        "othercomprehensiveincomedefinedbenefitplansadjustmentbeforetaxportionattributabletoparent": -17000000,
        "othercomprehensiveincomeforeigncurrencytransactionandtranslationadjustmentbeforetaxportionattributabletoparent": 16000000,
        "othercomprehensiveincomelossbeforetaxportionattributabletoparent": 24000000,
        "othercomprehensiveincomelosstaxportionattributabletoparent1": 9000000,
        "othercomprehensiveincomelossnetoftaxportionattributabletoparent": -125000000,
        "comprehensiveincomenetoftax": -777000000,
        "totalcreditandnoncreditimpairmentofinvestments": -1000000,
        "otherthantemporaryimpairmentlossesinvestmentsportionrecognizedinearningsnet": 1000000,
        "otherthantemporaryimpairmentlossesinvestmentsportioninothercomprehensiveincomelossbeforetaxportionattributabletoparentavailableforsalesecuritiesrecoveryofpreviouslyrecognizedimpairment": 1000000
    },
    {
        "date": "2016-09-29",
        "symbol": "TRV",
        "period": "Q3",
        "premiumsearnednet": 1963000000,
        "netinvestmentincome": 3000000,
        "insurancecommissionsandfees": 116000000,
        "realizedgainlossonmarketablesecuritiescostmethodinvestmentsandotherinvestments": 23000000,
        "otherincome": 11000000,
        "revenues": 3000000,
        "policyholderbenefitsandclaimsincurrednet": 1241000000,
        "deferredpolicyacquisitioncostamortizationexpense": 329000000,
        "sellinggeneralandadministrativeexpense": 4000000,
        "interestexpense": 78000000,
        "benefitslossesandexpenses": 82000000,
        "incomelossfromcontinuingoperationsbeforeincometaxesextraordinaryitemsnoncontrollinginterest": -79000000,
        "incometaxexpensebenefit": -44000000,
        "netincomeloss": 716000000,
        "earningspersharebasic": 2.49,
        "earningspersharediluted": 2.45,
        "weightedaveragenumberofsharesoutstandingbasic": -2100000,
        "weightedaveragenumberofdilutedsharesoutstanding": -2000000,
        "commonstockdividendspersharedeclared": 0.6699999999999998,
        "othercomprehensiveincomeavailableforsalesecuritiesadjustmentbeforetaxportionattributabletoparent": 5000000,
        "changeinnetunrealizedgainlossoninvestmentsecuritieshavingcreditlossesrecognizedinconsolidatedstatementofincomebeforetaxportionattributabletoparent": 2000000,
        "othercomprehensiveincomedefinedbenefitplansadjustmentbeforetaxportionattributabletoparent": -15000000,
        "othercomprehensiveincomeforeigncurrencytransactionandtranslationadjustmentbeforetaxportionattributabletoparent": -18000000,
        "othercomprehensiveincomelossbeforetaxportionattributabletoparent": -492000000,
        "othercomprehensiveincomelosstaxportionattributabletoparent1": 9000000,
        "othercomprehensiveincomelossnetoftaxportionattributabletoparent": -305000000,
        "comprehensiveincomenetoftax": 411000000,
        "totalcreditandnoncreditimpairmentofinvestments": -3000000,
        "otherthantemporaryimpairmentlossesinvestmentsportionrecognizedinearningsnet": 3000000
    },
    {
        "date": "2016-06-29",
        "symbol": "TRV",
        "period": "Q2",
        "premiumsearnednet": 1906000000,
        "netinvestmentincome": 4000000,
        "insurancecommissionsandfees": 119000000,
        "realizedgainlossonmarketablesecuritiescostmethodinvestmentsandotherinvestments": 19000000,
        "otherincome": 28000000,
        "revenues": 17000000,
        "policyholderbenefitsandclaimsincurrednet": 1187000000,
        "deferredpolicyacquisitioncostamortizationexpense": 323000000,
        "sellinggeneralandadministrativeexpense": 16000000,
        "interestexpense": 81000000,
        "benefitslossesandexpenses": 176000000,
        "incomelossfromcontinuingoperationsbeforeincometaxesextraordinaryitemsnoncontrollinginterest": -78000000,
        "incometaxexpensebenefit": -37000000,
        "netincomeloss": 2085000000,
        "earningspersharebasic": 2.2699999999999996,
        "earningspersharediluted": 2.25,
        "weightedaveragenumberofsharesoutstandingbasic": -2100000,
        "weightedaveragenumberofdilutedsharesoutstanding": -2300000,
        "commonstockdividendspersharedeclared": 0.67,
        "othercomprehensiveincomeavailableforsalesecuritiesadjustmentbeforetaxportionattributabletoparent": 3000000,
        "changeinnetunrealizedgainlossoninvestmentsecuritieshavingcreditlossesrecognizedinconsolidatedstatementofincomebeforetaxportionattributabletoparent": 6000000,
        "othercomprehensiveincomedefinedbenefitplansadjustmentbeforetaxportionattributabletoparent": 19000000,
        "othercomprehensiveincomeforeigncurrencytransactionandtranslationadjustmentbeforetaxportionattributabletoparent": -60000000,
        "othercomprehensiveincomelossbeforetaxportionattributabletoparent": 496000000,
        "othercomprehensiveincomelosstaxportionattributabletoparent1": -6000000,
        "othercomprehensiveincomelossnetoftaxportionattributabletoparent": 1684000000,
        "comprehensiveincomenetoftax": 3769000000,
        "totalcreditandnoncreditimpairmentofinvestments": -1000000,
        "otherthantemporaryimpairmentlossesinvestmentsportionrecognizedinearningsnet": 1000000,
        "otherthantemporaryimpairmentlossesinvestmentsportioninothercomprehensiveincomelossbeforetaxportionattributabletoparentavailableforsalesecuritiesrecoveryofpreviouslyrecognizedimpairment": 0
    },
    {
        "date": "2016-03-30",
        "symbol": "TRV",
        "period": "Q1",
        "premiumsearnednet": 1896000000,
        "netinvestmentincome": 2000000,
        "insurancecommissionsandfees": 117000000,
        "realizedgainlossonmarketablesecuritiescostmethodinvestmentsandotherinvestments": -9000000,
        "otherincome": -11000000,
        "revenues": -11000000,
        "policyholderbenefitsandclaimsincurrednet": 1192000000,
        "deferredpolicyacquisitioncostamortizationexpense": 321000000,
        "sellinggeneralandadministrativeexpense": -11000000,
        "interestexpense": 79000000,
        "benefitslossesandexpenses": -11000000,
        "incomelossfromcontinuingoperationsbeforeincometaxesextraordinaryitemsnoncontrollinginterest": -81000000,
        "incometaxexpensebenefit": -42000000,
        "netincomeloss": -730000000,
        "earningspersharebasic": 2.33,
        "earningspersharediluted": 2.3,
        "weightedaveragenumberofsharesoutstandingbasic": 294200000,
        "weightedaveragenumberofdilutedsharesoutstanding": 297900000,
        "commonstockdividendspersharedeclared": 0.61,
        "othercomprehensiveincomeavailableforsalesecuritiesadjustmentbeforetaxportionattributabletoparent": 1000000,
        "changeinnetunrealizedgainlossoninvestmentsecuritieshavingcreditlossesrecognizedinconsolidatedstatementofincomebeforetaxportionattributabletoparent": 3000000,
        "othercomprehensiveincomedefinedbenefitplansadjustmentbeforetaxportionattributabletoparent": -15000000,
        "othercomprehensiveincomeforeigncurrencytransactionandtranslationadjustmentbeforetaxportionattributabletoparent": 9000000,
        "othercomprehensiveincomelossbeforetaxportionattributabletoparent": 16000000,
        "othercomprehensiveincomelosstaxportionattributabletoparent1": 7000000,
        "othercomprehensiveincomelossnetoftaxportionattributabletoparent": -562000000,
        "comprehensiveincomenetoftax": -1292000000,
        "totalcreditandnoncreditimpairmentofinvestments": -14000000,
        "otherthantemporaryimpairmentlossesinvestmentsportionrecognizedinearningsnet": 9000000,
        "otherthantemporaryimpairmentlossesinvestmentsportioninothercomprehensiveincomelossbeforetaxportionattributabletoparentavailableforsalesecuritiesrecoveryofpreviouslyrecognizedimpairment": -5000000
    },
    {
        "date": "2015-09-29",
        "symbol": "TRV",
        "period": "Q3",
        "premiumsearnednet": 1922000000,
        "netinvestmentincome": 1000000,
        "insurancecommissionsandfees": 112000000,
        "realizedgainlossonmarketablesecuritiescostmethodinvestmentsandotherinvestments": 15000000,
        "otherincome": 6000000,
        "revenues": 1000000,
        "policyholderbenefitsandclaimsincurrednet": 1118000000,
        "deferredpolicyacquisitioncostamortizationexpense": 324000000,
        "generalandadministrativeexpense": 4000000,
        "interestexpensedebt": 82000000,
        "benefitslossesandexpenses": 86000000,
        "incomelossfromcontinuingoperationsbeforeincometaxesextraordinaryitemsnoncontrollinginterest": -85000000,
        "incometaxexpensebenefit": -27000000,
        "profitloss": -1857000000,
        "earningspersharebasic": 2.99,
        "earningspersharediluted": 2.96,
        "weightedaveragenumberofsharesoutstandingbasic": -321300000,
        "weightedaveragenumberofdilutedsharesoutstanding": -324800000,
        "othercomprehensiveincomelossavailableforsalesecuritiesadjustmentbeforetax": -9000000,
        "changeinnetunrealizedgainlossoninvestmentsecuritieshavingcreditlossesrecognizedinconsolidatedstatementofincomebeforetaxes": 4000000,
        "othercomprehensiveincomelosspensionandotherpostretirementbenefitplansadjustmentbeforetax": -22000000,
        "othercomprehensiveincomelossforeigncurrencytransactionandtranslationadjustmentbeforetax": -79000000,
        "othercomprehensiveincomelossbeforetax": 13000000,
        "othercomprehensiveincomelosstax": 4000000,
        "othercomprehensiveincomelossnetoftax": 146000000,
        "comprehensiveincomenetoftaxincludingportionattributabletononcontrollinginterest": -840000000,
        "totalcreditandnoncreditimpairmentofinvestments": -9000000,
        "otherthantemporaryimpairmentlossesinvestmentsportionrecognizedinearningsnet": 9000000,
        "otherthantemporaryimpairmentgainslossesinvestmentsportioninothercomprehensiveincomelossbeforetaxincludingportionattributabletononcontrollinginterestavailableforsalesecurities": 2000000
    },
    {
        "date": "2015-06-29",
        "symbol": "TRV",
        "period": "Q2",
        "premiumsearnednet": 1887000000,
        "netinvestmentincome": 2000000,
        "insurancecommissionsandfees": 111000000,
        "realizedgainlossonmarketablesecuritiescostmethodinvestmentsandotherinvestments": 10000000,
        "otherincome": 3000000,
        "revenues": 2000000,
        "policyholderbenefitsandclaimsincurrednet": 1138000000,
        "deferredpolicyacquisitioncostamortizationexpense": 312000000,
        "generalandadministrativeexpense": 3000000,
        "interestexpensedebt": 80000000,
        "benefitslossesandexpenses": 83000000,
        "incomelossfromcontinuingoperationsbeforeincometaxesextraordinaryitemsnoncontrollinginterest": -81000000,
        "incometaxexpensebenefit": -20000000,
        "profitloss": -2000000,
        "earningspersharebasic": 2.56,
        "earningspersharediluted": 2.53,
        "weightedaveragenumberofsharesoutstandingbasic": 314800000,
        "weightedaveragenumberofdilutedsharesoutstanding": 318000000,
        "commonstockdividendspersharedeclared": 0.61,
        "othercomprehensiveincomelossavailableforsalesecuritiesadjustmentbeforetax": -1000000,
        "changeinnetunrealizedgainlossoninvestmentsecuritieshavingcreditlossesrecognizedinconsolidatedstatementofincomebeforetaxes": -5000000,
        "othercomprehensiveincomelosspensionandotherpostretirementbenefitplansadjustmentbeforetax": -22000000,
        "othercomprehensiveincomelossforeigncurrencytransactionandtranslationadjustmentbeforetax": 60000000,
        "othercomprehensiveincomelossbeforetax": 21000000,
        "othercomprehensiveincomelosstax": 8000000,
        "othercomprehensiveincomelossnetoftax": 613000000,
        "comprehensiveincomenetoftaxincludingportionattributabletononcontrollinginterest": -260000000,
        "totalcreditandnoncreditimpairmentofinvestments": -1000000,
        "otherthantemporaryimpairmentlossesinvestmentsportionrecognizedinearningsnet": 1000000,
        "otherthantemporaryimpairmentgainslossesinvestmentsportioninothercomprehensiveincomelossbeforetaxincludingportionattributabletononcontrollinginterestavailableforsalesecurities": -2000000
    },
    {
        "date": "2015-03-30",
        "symbol": "TRV",
        "period": "Q1",
        "premiumsearnednet": 1892000000,
        "netinvestmentincome": 1000000,
        "insurancecommissionsandfees": 111000000,
        "realizedgainlossonmarketablesecuritiescostmethodinvestmentsandotherinvestments": 10000000,
        "otherincome": 4000000,
        "revenues": 2000000,
        "policyholderbenefitsandclaimsincurrednet": 1122000000,
        "deferredpolicyacquisitioncostamortizationexpense": 321000000,
        "generalandadministrativeexpense": 5000000,
        "interestexpensedebt": 80000000,
        "benefitslossesandexpenses": 85000000,
        "incomelossfromcontinuingoperationsbeforeincometaxesextraordinaryitemsnoncontrollinginterest": -83000000,
        "incometaxexpensebenefit": -29000000,
        "profitloss": -887000000,
        "earningspersharebasic": 2.58,
        "earningspersharediluted": 2.55,
        "weightedaveragenumberofsharesoutstandingbasic": 320800000,
        "weightedaveragenumberofdilutedsharesoutstanding": 324500000,
        "othercomprehensiveincomelossavailableforsalesecuritiesadjustmentbeforetax": 2000000,
        "changeinnetunrealizedgainlossoninvestmentsecuritieshavingcreditlossesrecognizedinconsolidatedstatementofincomebeforetaxes": -1000000,
        "othercomprehensiveincomelosspensionandotherpostretirementbenefitplansadjustmentbeforetax": -23000000,
        "othercomprehensiveincomelossforeigncurrencytransactionandtranslationadjustmentbeforetax": -95000000,
        "othercomprehensiveincomelossbeforetax": 25000000,
        "othercomprehensiveincomelosstax": 8000000,
        "othercomprehensiveincomelossnetoftax": 128000000,
        "comprehensiveincomenetoftaxincludingportionattributabletononcontrollinginterest": -759000000,
        "totalcreditandnoncreditimpairmentofinvestments": -3000000,
        "otherthantemporaryimpairmentlossesinvestmentsportionrecognizedinearningsnet": 2000000,
        "otherthantemporaryimpairmentgainslossesinvestmentsportioninothercomprehensiveincomelossbeforetaxincludingportionattributabletononcontrollinginterestavailableforsalesecurities": -1000000
    },
    {
        "date": "2014-09-29",
        "symbol": "TRV",
        "period": "Q3",
        "premiumsearnednet": 1919000000,
        "netinvestmentincome": 1000000,
        "insurancecommissionsandfees": 110000000,
        "realizedgainlossonmarketablesecuritiescostmethodinvestmentsandotherinvestments": 40000000,
        "otherincome": 6000000,
        "revenues": 2000000,
        "policyholderbenefitsandclaimsincurrednet": 1161000000,
        "deferredpolicyacquisitioncostamortizationexpense": 342000000,
        "generalandadministrativeexpense": 4000000,
        "interestexpensedebt": 81000000,
        "benefitslossesandexpenses": 85000000,
        "incomelossfromcontinuingoperationsbeforeincometaxesextraordinaryitemsnoncontrollinginterest": -83000000,
        "incometaxexpensebenefit": -30000000,
        "profitloss": 1000000,
        "earningspersharebasic": 2.72,
        "earningspersharediluted": 2.69,
        "weightedaveragenumberofsharesoutstandingbasic": 335100000,
        "weightedaveragenumberofdilutedsharesoutstanding": 338900000,
        "othercomprehensiveincomelossavailableforsalesecuritiesadjustmentbeforetax": -1000000,
        "changeinnetunrealizedgainlossoninvestmentsecuritieshavingcreditlossesrecognizedinconsolidatedstatementofincomebeforetaxes": -1000000,
        "othercomprehensiveincomelosspensionandotherpostretirementbenefitplansadjustmentbeforetax": -14000000,
        "othercomprehensiveincomelossforeigncurrencytransactionandtranslationadjustmentbeforetax": -83000000,
        "othercomprehensiveincomelossbeforetax": 13000000,
        "othercomprehensiveincomelosstax": 5000000,
        "othercomprehensiveincomelossnetoftax": 270000000,
        "comprehensiveincomenetoftaxincludingportionattributabletononcontrollinginterest": -702000000,
        "totalcreditandnoncreditimpairmentofinvestments": -8000000,
        "otherthantemporaryimpairmentlossesinvestmentsportionrecognizedinearningsnet": 1000000,
        "otherthantemporaryimpairmentgainslossesinvestmentsportioninothercomprehensiveincomelossbeforetaxincludingportionattributabletononcontrollinginterestavailableforsalesecurities": 1000000
    },
    {
        "date": "2014-06-29",
        "symbol": "TRV",
        "period": "Q2",
        "premiumsearnednet": 1908000000,
        "netinvestmentincome": 2000000,
        "insurancecommissionsandfees": -106000000,
        "realizedgainlossonmarketablesecuritiescostmethodinvestmentsandotherinvestments": 16000000,
        "otherincome": 2000000,
        "revenues": 2000000,
        "policyholderbenefitsandclaimsincurrednet": 1257000000,
        "deferredpolicyacquisitioncostamortizationexpense": 315000000,
        "generalandadministrativeexpense": 4000000,
        "interestexpensedebt": 80000000,
        "benefitslossesandexpenses": 84000000,
        "incomelossfromcontinuingoperationsbeforeincometaxesextraordinaryitemsnoncontrollinginterest": -82000000,
        "incometaxexpensebenefit": -55000000,
        "profitloss": -737000000,
        "earningspersharebasic": 1.9899999999999998,
        "earningspersharediluted": 1.96,
        "weightedaveragenumberofsharesoutstandingbasic": -4000000,
        "weightedaveragenumberofdilutedsharesoutstanding": -4100000,
        "othercomprehensiveincomelossavailableforsalesecuritiesadjustmentbeforetax": -142000000,
        "changeinnetunrealizedgainlossoninvestmentsecuritieshavingcreditlossesrecognizedinconsolidatedstatementofincomebeforetaxes": -1000000,
        "othercomprehensiveincomelosspensionandotherpostretirementbenefitplansadjustmentbeforetax": -15000000,
        "othercomprehensiveincomelossforeigncurrencytransactionandtranslationadjustmentbeforetax": 46000000,
        "othercomprehensiveincomelossbeforetax": 19000000,
        "othercomprehensiveincomelosstax": 6000000,
        "othercomprehensiveincomelossnetoftax": -422000000,
        "comprehensiveincomenetoftaxincludingportionattributabletononcontrollinginterest": -1159000000,
        "totalcreditandnoncreditimpairmentofinvestments": 0,
        "otherthantemporaryimpairmentlossesinvestmentsportionrecognizedinearningsnet": 0,
        "otherthantemporaryimpairmentgainslossesinvestmentsportioninothercomprehensiveincomelossbeforetaxincludingportionattributabletononcontrollinginterestavailableforsalesecurities": 0
    },
    {
        "date": "2014-03-30",
        "symbol": "TRV",
        "period": "Q1",
        "premiumsearnednet": 1879000000,
        "netinvestmentincome": 1000000,
        "insurancecommissionsandfees": 107000000,
        "realizedgainlossonmarketablesecuritiescostmethodinvestmentsandotherinvestments": 1000000,
        "otherincome": 8000000,
        "revenues": 3000000,
        "policyholderbenefitsandclaimsincurrednet": 1094000000,
        "deferredpolicyacquisitioncostamortizationexpense": 315000000,
        "generalandadministrativeexpense": 3000000,
        "interestexpensedebt": 80000000,
        "benefitslossesandexpenses": 83000000,
        "incomelossfromcontinuingoperationsbeforeincometaxesextraordinaryitemsnoncontrollinginterest": -80000000,
        "incometaxexpensebenefit": -1000000,
        "profitloss": -1104000000,
        "earningspersharebasic": 2.98,
        "earningspersharediluted": 2.95,
        "weightedaveragenumberofsharesoutstandingbasic": 350900000,
        "weightedaveragenumberofdilutedsharesoutstanding": 354600000,
        "othercomprehensiveincomelossavailableforsalesecuritiesadjustmentbeforetax": 146000000,
        "changeinnetunrealizedgainlossoninvestmentsecuritieshavingcreditlossesrecognizedinconsolidatedstatementofincomebeforetaxes": -5000000,
        "othercomprehensiveincomelosspensionandotherpostretirementbenefitplansadjustmentbeforetax": -15000000,
        "othercomprehensiveincomelossforeigncurrencytransactionandtranslationadjustmentbeforetax": -18000000,
        "othercomprehensiveincomelossbeforetax": 15000000,
        "othercomprehensiveincomelosstax": 6000000,
        "othercomprehensiveincomelossnetoftax": -308000000,
        "comprehensiveincomenetoftaxincludingportionattributabletononcontrollinginterest": -1412000000,
        "totalcreditandnoncreditimpairmentofinvestments": -5000000,
        "otherthantemporaryimpairmentlossesinvestmentsportionrecognizedinearningsnet": 5000000,
        "otherthantemporaryimpairmentgainslossesinvestmentsportioninothercomprehensiveincomelossbeforetaxincludingportionattributabletononcontrollinginterestavailableforsalesecurities": 2000000
    },
    {
        "date": "2013-09-29",
        "symbol": "TRV",
        "period": "Q3",
        "premiumsearnednet": 1827000000,
        "netinvestmentincome": 2000000,
        "insurancecommissionsandfees": 1000000,
        "realizedgainlossonmarketablesecuritiescostmethodinvestmentsandotherinvestments": -22000000,
        "otherincome": 6000000,
        "revenues": 2000000,
        "policyholderbenefitsandclaimsincurrednet": 1083000000,
        "deferredpolicyacquisitioncostamortizationexpense": 313000000,
        "generalandadministrativeexpense": 2000000,
        "interestexpensedebt": 79000000,
        "benefitslossesandexpenses": 81000000,
        "incomelossfromcontinuingoperationsbeforeincometaxesextraordinaryitemsnoncontrollinginterest": -79000000,
        "incometaxexpensebenefit": -28000000,
        "profitloss": -915000000,
        "earningspersharebasic": 2.33,
        "earningspersharediluted": 2.3,
        "weightedaveragenumberofsharesoutstandingbasic": 368900000,
        "weightedaveragenumberofdilutedsharesoutstanding": 372900000,
        "othercomprehensiveincomelossavailableforsalesecuritiesadjustmentbeforetax": 5000000,
        "changeinnetunrealizedgainlossoninvestmentsecuritieshavingcreditlossesrecognizedinconsolidatedstatementofincomebeforetaxes": -1000000,
        "othercomprehensiveincomelosspensionandotherpostretirementbenefitplansadjustmentbeforetax": -25000000,
        "othercomprehensiveincomelossforeigncurrencytransactionandtranslationadjustmentbeforetax": 86000000,
        "othercomprehensiveincomelossbeforetax": 30000000,
        "othercomprehensiveincomelosstax": 11000000,
        "othercomprehensiveincomelossnetoftax": 34000000,
        "comprehensiveincomenetoftaxincludingportionattributabletononcontrollinginterest": -881000000,
        "impairmentofinvestments": 1000000,
        "otherthantemporaryimpairmentlossesinvestmentsportionrecognizedinearningsnet": 1000000,
        "otherthantemporaryimpairmentlossesinvestmentsportioninothercomprehensiveincomelossbeforetaxincludingportionattributabletononcontrollinginterestavailableforsalesecurities": -3000000
    },
    {
        "date": "2013-06-29",
        "symbol": "TRV",
        "period": "Q2",
        "premiumsearnednet": 444000000,
        "netinvestmentincome": 1000000,
        "insurancecommissionsandfees": 82000000,
        "realizedgainlossonmarketablesecuritiescostmethodinvestmentsandotherinvestments": 167000000,
        "otherincome": 32000000,
        "revenues": 1000000,
        "policyholderbenefitsandclaimsincurrednet": 1191000000,
        "deferredpolicyacquisitioncostamortizationexpense": 315000000,
        "generalandadministrativeexpense": 3000000,
        "interestexpensedebt": 74000000,
        "benefitslossesandexpenses": 77000000,
        "incomelossfromcontinuingoperationsbeforeincometaxesextraordinaryitemsnoncontrollinginterest": -76000000,
        "incometaxexpensebenefit": 1000000,
        "profitloss": -973000000,
        "earningspersharebasic": 2.44,
        "earningspersharediluted": 2.41,
        "weightedaveragenumberofsharesoutstandingbasic": 375900000,
        "weightedaveragenumberofdilutedsharesoutstanding": 379900000,
        "othercomprehensiveincomelossavailableforsalesecuritiesadjustmentbeforetax": 1000000,
        "changeinnetunrealizedgainlossoninvestmentsecuritieshavingcreditlossesrecognizedinconsolidatedstatementofincomebeforetaxes": -3000000,
        "othercomprehensiveincomelosspensionandotherpostretirementbenefitplansadjustmentbeforetax": -25000000,
        "othercomprehensiveincomelossforeigncurrencytransactionandtranslationadjustmentbeforetax": -22000000,
        "othercomprehensiveincomelossbeforetax": 26000000,
        "othercomprehensiveincomelosstax": 9000000,
        "othercomprehensiveincomelossnetoftax": 1223000000,
        "comprehensiveincomenetoftaxincludingportionattributabletononcontrollinginterest": 250000000,
        "impairmentofinvestments": 1000000,
        "otherthantemporaryimpairmentlossesinvestmentsportionrecognizedinearningsnet": 1000000,
        "otherthantemporaryimpairmentlossesinvestmentsportioninothercomprehensiveincomelossbeforetaxincludingportionattributabletononcontrollinginterestavailableforsalesecurities": -1000000
    },
    {
        "date": "2013-03-30",
        "symbol": "TRV",
        "period": "Q1",
        "premiumsearnednet": 1776000000,
        "netinvestmentincome": 670000000,
        "insurancecommissionsandfees": 1000000,
        "netrealizedinvestmentgainslosses": 10000000,
        "otherincome": 5000000,
        "revenues": 3000000,
        "policyholderbenefitsandclaimsincurrednet": 1022000000,
        "deferredpolicyacquisitioncostamortizationexpense": 311000000,
        "generalandadministrativeexpense": -1000000,
        "interestexpensedebt": 75000000,
        "benefitslossesandexpenses": 74000000,
        "incomelossfromcontinuingoperationsbeforeincometaxesextraordinaryitemsnoncontrollinginterest": -71000000,
        "incometaxexpensebenefit": 4000000,
        "profitloss": -943000000,
        "earningspersharebasic": 2.36,
        "earningspersharediluted": 2.33,
        "weightedaveragenumberofsharesoutstandingbasic": 377700000,
        "weightedaveragenumberofdilutedsharesoutstanding": 381900000,
        "othercomprehensiveincomelossavailableforsalesecuritiesadjustmentbeforetax": 6000000,
        "changeinnetunrealizedgainlossoninvestmentsecuritieshavingcreditlossesrecognizedinconsolidatedstatementofincomebeforetaxes": 2000000,
        "othercomprehensiveincomelosspensionandotherpostretirementbenefitplansadjustmentbeforetax": -1000000,
        "othercomprehensiveincomelossforeigncurrencytransactionandtranslationadjustmentbeforetax": -86000000,
        "othercomprehensiveincomelossbeforetax": 31000000,
        "othercomprehensiveincomelosstax": 11000000,
        "othercomprehensiveincomelossnetoftax": 330000000,
        "comprehensiveincomenetoftaxincludingportionattributabletononcontrollinginterest": -613000000,
        "impairmentofinvestments": -3000000,
        "otherthantemporaryimpairmentlossesinvestmentsportionrecognizedinearningsnet": 1000000,
        "otherthantemporaryimpairmentlossesinvestmentsportioninothercomprehensiveincomelossbeforetaxincludingportionattributabletononcontrollinginterest": -4000000
    },
    {
        "date": "2012-09-29",
        "symbol": "TRV",
        "period": "Q3",
        "premiumsearnednet": 1821000000,
        "netinvestmentincome": 2000000,
        "insurancecommissionsandfees": 92000000,
        "netrealizedinvestmentgainslosses": -4000000,
        "otherincome": 13000000,
        "revenues": 2000000,
        "policyholderbenefitsandclaimsincurrednet": 1067000000,
        "deferredpolicyacquisitioncostamortizationexpense": 326000000,
        "generalandadministrativeexpense": -2000000,
        "interestexpensedebt": 74000000,
        "benefitslossesandexpenses": 72000000,
        "incomelossfromcontinuingoperationsbeforeincometaxesextraordinaryitemsnoncontrollinginterest": -70000000,
        "incometaxexpensebenefit": -26000000,
        "profitloss": -908000000,
        "earningspersharebasic": 2.23,
        "earningspersharediluted": 2.21,
        "weightedaveragenumberofsharesoutstandingbasic": 384000000,
        "weightedaveragenumberofdilutedsharesoutstanding": 387900000,
        "impairmentofinvestments": -2000000,
        "otherthantemporaryimpairmentlossesinvestmentsportioninothercomprehensiveincomelossbeforetaxincludingportionattributabletononcontrollinginterest": -3000000,
        "otherthantemporaryimpairmentlossesinvestmentsportionrecognizedinearningsnet": 2000000,
        "realizedgainlossonmarketablesecuritiesandcostmethodinvestmentsexcludingotherthantemporaryimpairmentsandotherinvestments": -3000000,
        "changeinnetunrealizedgainlossoninvestmentsecuritieshavingnocreditlossesrecognizedinconsolidatedstatementofincomebeforetaxes": -465000000,
        "changeinnetunrealizedgainlossoninvestmentsecuritieshavingcreditlossesrecognizedinconsolidatedstatementofincomebeforetaxes": 13000000,
        "othercomprehensiveincomelosspensionandotherpostretirementbenefitplansadjustmentbeforetax": -1000000,
        "netchangeinunrealizedforeigncurrencytranslationandotherchangesbeforetaxes": -65000000,
        "othercomprehensiveincomelossbeforetax": -572000000,
        "othercomprehensiveincomelosstax": -183000000,
        "othercomprehensiveincomelossnetoftax": -389000000,
        "comprehensiveincomenetoftaxincludingportionattributabletononcontrollinginterest": -1297000000
    },
    {
        "date": "2012-06-29",
        "symbol": "TRV",
        "period": "Q2",
        "premiumsearnednet": 1784000000,
        "netinvestmentincome": 2000000,
        "insurancecommissionsandfees": 1000000,
        "netrealizedinvestmentgainslosses": 1000000,
        "otherincome": 7000000,
        "revenues": 2000000,
        "policyholderbenefitsandclaimsincurrednet": 1237000000,
        "deferredpolicyacquisitioncostamortizationexpense": 329000000,
        "generalandadministrativeexpense": 1000000,
        "interestexpensedebt": 78000000,
        "benefitslossesandexpenses": 79000000,
        "incomelossfromcontinuingoperationsbeforeincometaxesextraordinaryitemsnoncontrollinginterest": -77000000,
        "incometaxexpensebenefit": -37000000,
        "profitloss": -539000000,
        "earningspersharebasic": 1.27,
        "earningspersharediluted": 1.26,
        "weightedaveragenumberofsharesoutstandingbasic": 388000000,
        "weightedaveragenumberofdilutedsharesoutstanding": 391600000,
        "impairmentofinvestments": -11000000,
        "otherthantemporaryimpairmentlossesinvestmentsportioninothercomprehensiveincomelossbeforetaxincludingportionattributabletononcontrollinginterest": 13000000,
        "otherthantemporaryimpairmentlossesinvestmentsportionrecognizedinearningsnet": 1000000,
        "realizedgainlossonmarketablesecuritiesandcostmethodinvestmentsexcludingotherthantemporaryimpairmentsandotherinvestments": 2000000,
        "changeinnetunrealizedgainlossoninvestmentsecuritieshavingnocreditlossesrecognizedinconsolidatedstatementofincomebeforetaxes": -219000000,
        "changeinnetunrealizedgainlossoninvestmentsecuritieshavingcreditlossesrecognizedinconsolidatedstatementofincomebeforetaxes": -5000000,
        "othercomprehensiveincomelosspensionandotherpostretirementbenefitplansadjustmentbeforetax": 1000000,
        "netchangeinunrealizedforeigncurrencytranslationandotherchangesbeforetaxes": 86000000,
        "othercomprehensiveincomelossbeforetax": -139000000,
        "othercomprehensiveincomelosstax": -59000000,
        "othercomprehensiveincomelossnetoftax": -80000000,
        "comprehensiveincomenetoftaxincludingportionattributabletononcontrollinginterest": -619000000
    },
    {
        "date": "2012-03-30",
        "symbol": "TRV",
        "period": "Q1",
        "premiumsearnednet": 1780000000,
        "netinvestmentincome": 2000000,
        "feeincome": 82000000,
        "netrealizedinvestmentgainslosses": -2000000,
        "otherincome": -4000000,
        "revenues": 2000000,
        "policyholderbenefitsandclaimsincurrednet": 1092000000,
        "deferredpolicyacquisitioncostamortizationexpense": 325000000,
        "generalandadministrativeexpense": 3000000,
        "interestexpensedebt": 78000000,
        "benefitslossesandexpenses": 81000000,
        "incomelossfromcontinuingoperationsbeforeincometaxesextraordinaryitemsnoncontrollinginterest": -79000000,
        "incometaxexpensebenefit": -18000000,
        "profitloss": -867000000,
        "earningspersharebasic": 2.04,
        "earningspersharediluted": 2.02,
        "weightedaveragenumberofsharesoutstandingbasic": 392000000,
        "weightedaveragenumberofdilutedsharesoutstanding": 395800000,
        "impairmentofinvestments": 1000000,
        "otherthantemporaryimpairmentlossesinvestmentsportioninothercomprehensiveincomelossbeforetaxincludingportionattributabletononcontrollinginterest": 4000000,
        "otherthantemporaryimpairmentlossesinvestmentsportionrecognizedinearningsnet": 1000000,
        "realizedgainlossonmarketablesecuritiesandcostmethodinvestmentsexcludingotherthantemporaryimpairmentsandotherinvestments": -1000000,
        "changeinnetunrealizedgainlossoninvestmentsecuritieshavingnocreditlossesrecognizedinconsolidatedstatementofincomebeforetaxes": 86000000,
        "changeinnetunrealizedgainlossoninvestmentsecuritieshavingcreditlossesrecognizedinconsolidatedstatementofincomebeforetaxes": -25000000,
        "othercomprehensiveincomedefinedbenefitplansadjustmentbeforetaxperiodincreasedecrease": 1000000,
        "netchangeinunrealizedforeigncurrencytranslationandotherchangesbeforetaxes": -64000000,
        "othercomprehensiveincomelossbeforetaxperiodincreasedecrease": -2000000,
        "othercomprehensiveincomelosstax": 12000000,
        "othercomprehensiveincomelossnetoftaxperiodincreasedecrease": -14000000,
        "comprehensiveincomenetoftaxincludingportionattributabletononcontrollinginterest": 840000000
    },
    {
        "date": "2011-09-29",
        "symbol": "TRV",
        "period": "Q3",
        "premiumsearnednet": 1825000000,
        "netinvestmentincome": 2000000,
        "feeincome": 1000000,
        "netrealizedinvestmentgainslosses": 15000000,
        "otherincome": 7000000,
        "revenues": 2000000,
        "policyholderbenefitsandclaimsincurrednet": 1321000000,
        "deferredpolicyacquisitioncostamortizationexpense": 328000000,
        "generalandadministrativeexpense": 2000000,
        "interestexpensedebt": 78000000,
        "benefitslossesandexpenses": 80000000,
        "incomelossfromcontinuingoperationsbeforeincometaxesextraordinaryitemsnoncontrollinginterest": -78000000,
        "incometaxexpensebenefit": -27000000,
        "profitloss": -384000000,
        "earningspersharebasic": 0.8,
        "earningspersharediluted": 0.79,
        "weightedaveragenumberofsharesoutstandingbasic": 415000000,
        "weightedaveragenumberofdilutedsharesoutstanding": 418500000,
        "impairmentofinvestments": 4000000,
        "otherthantemporaryimpairmentlossesinvestmentsportioninothercomprehensiveincomelossbeforetaxincludingportionattributabletononcontrollinginterest": 19000000,
        "otherthantemporaryimpairmentlossesinvestmentsportionrecognizedinearningsnet": 6000000,
        "realizedgainlossonmarketablesecuritiesandcostmethodinvestmentsexcludingotherthantemporaryimpairmentsandotherinvestments": 21000000
    },
    {
        "date": "2011-06-29",
        "symbol": "TRV",
        "period": "Q2",
        "premiumsearnednet": 1793000000,
        "netinvestmentincome": 2000000,
        "feeincome": 1000000,
        "netrealizedinvestmentgainslosses": -4000000,
        "otherincome": 7000000,
        "revenues": -2000000,
        "policyholderbenefitsandclaimsincurrednet": 1710000000,
        "deferredpolicyacquisitioncostamortizationexpense": 329000000,
        "generalandadministrativeexpense": 26000000,
        "interestexpensedebt": 79000000,
        "benefitslossesandexpenses": 105000000,
        "incomelossfromcontinuingoperationsbeforeincometaxesextraordinaryitemsnoncontrollinginterest": -107000000,
        "incometaxexpensebenefit": -33000000,
        "profitloss": 290000000,
        "earningspersharebasic": -0.88,
        "earningspersharediluted": -0.88,
        "weightedaveragenumberofsharesoutstandingbasic": 418600000,
        "weightedaveragenumberofdilutedsharesoutstanding": 418600000,
        "impairmentofinvestments": -8000000,
        "otherthantemporaryimpairmentlossesinvestmentsportioninothercomprehensiveincomelossbeforetaxincludingportionattributabletononcontrollinginterest": 9000000,
        "otherthantemporaryimpairmentlossesinvestmentsportionrecognizedinearningsnet": 1000000,
        "realizedgainlossonmarketablesecuritiesandcostmethodinvestmentsexcludingotherthantemporaryimpairmentsandotherinvestments": -4000000
    },
    {
        "date": "2011-03-30",
        "symbol": "TRV",
        "period": "Q1",
        "premiumsearnednet": 1000000,
        "netinvestmentincome": 3000000,
        "feeincome": 74000000,
        "realizedinvestmentgainslosses": -1000000,
        "otherincome": 4000000,
        "revenues": 2000000,
        "policyholderbenefitsandclaimsincurrednet": 1148000000,
        "deferredpolicyacquisitioncostamortizationexpense": 322000000,
        "generalandadministrativeexpense": -3000000,
        "interestexpensedebt": 78000000,
        "benefitslossesandexpenses": 75000000,
        "incomebeforeincometaxes": -73000000,
        "incometaxexpensebenefit": -123000000,
        "profitloss": -789000000,
        "earningspersharebasic": 1.94,
        "earningspersharediluted": 1.92,
        "weightedaveragenumberofsharesoutstandingbasic": 428200000,
        "weightedaveragenumberofdilutedsharesoutstanding": 434400000,
        "otherthantemporaryimpairmentslossesinvestments": -2000000,
        "otherthantemporaryimpairmentlossesinvestmentsportioninothercomprehensiveincomelossbeforetaxincludingportionattributabletononcontrollinginterest": 1000000,
        "otherthantemporaryimpairmentcreditlossesrecognizedinearningsperiodincreasedecrease": 1000000,
        "gainlossoninvestmentsexcludingotherthantemporaryimpairments": -1000000
    },
    {
        "date": "2010-09-29",
        "symbol": "TRV",
        "period": "Q3",
        "premiumsearnednet": 1769000000,
        "netinvestmentincome": 3000000,
        "feeincome": 1000000,
        "realizedinvestmentgainslosses": 30000000,
        "otherincome": -1000000,
        "revenues": -1000000,
        "policyholderbenefitsandclaimsincurrednet": 1052000000,
        "amortizationofdeferredacquisitioncostsdac": 318000000,
        "generalandadministrativeexpense": 3000000,
        "interestexpensedebt": -1000000,
        "benefitslossesandexpenses": -1000000,
        "incomebeforeincometaxes": -48000000,
        "incometaxexpensebenefit": -10000000,
        "profitloss": -1043000000,
        "earningspersharebasic": 2.14,
        "earningspersharediluted": 2.11,
        "weightedaveragenumberofsharesoutstandingbasic": 465900000,
        "weightedaveragenumberofdilutedsharesoutstanding": 472000000,
        "otherthantemporaryimpairmentslossesinvestments": 3000000,
        "otherthantemporaryimpairmentlossesinvestmentsportioninothercomprehensiveincomelossbeforetaxincludingportionattributabletononcontrollinginterest": -5000000,
        "otherthantemporaryimpairmentcreditlossesrecognizedinearningsperiodincreasedecrease": -2000000,
        "gainlossoninvestmentsexcludingotherthantemporaryimpairments": 30000000
    },
    {
        "date": "2010-06-29",
        "symbol": "TRV",
        "period": "Q2",
        "premiumsearnednet": 1730000000,
        "netinvestmentincome": 3000000,
        "feeincome": 76000000,
        "realizedinvestmentgainslosses": -14000000,
        "otherincome": 5000000,
        "revenues": -11000000,
        "policyholderbenefitsandclaimsincurrednet": 1142000000,
        "amortizationofdeferredacquisitioncostsdac": 321000000,
        "generalandadministrativeexpense": 2000000,
        "interestexpensedebt": 78000000,
        "benefitslossesandexpenses": 80000000,
        "incomebeforeincometaxes": -91000000,
        "incometaxexpensebenefit": -31000000,
        "profitloss": -730000000,
        "earningspersharebasic": 1.37,
        "earningspersharediluted": 1.35,
        "weightedaveragenumberofsharesoutstandingbasic": 484500000,
        "weightedaveragenumberofdilutedsharesoutstanding": 490800000,
        "otherthantemporaryimpairmentslossesinvestments": 2000000,
        "otherthantemporaryimpairmentlossesinvestmentsportioninothercomprehensiveincomelossbeforetaxincludingportionattributabletononcontrollinginterest": -2000000,
        "otherthantemporaryimpairmentcreditlossesrecognizedinearningsperiodincreasedecrease": -2000000,
        "gainlossoninvestmentsexcludingotherthantemporaryimpairments": -14000000
    },
    {
        "date": "2010-03-30",
        "symbol": "TRV",
        "period": "Q1",
        "premiumsearnednet": 5230000000,
        "netinvestmentincome": 753000000,
        "feeincome": 79000000,
        "realizedinvestmentgainslosses": 25000000,
        "otherincome": 32000000,
        "revenues": 6119000000,
        "policyholderbenefitsandclaimsincurrednet": 3388000000,
        "amortizationofdeferredacquisitioncostsdac": 929000000,
        "generalandadministrativeexpense": 847000000,
        "interestexpensedebt": 98000000,
        "benefitslossesandexpenses": 5262000000,
        "incomebeforeincometaxes": 857000000,
        "incometaxexpensebenefit": 210000000,
        "incomelossfromcontinuingoperationsincludingportionattributabletononcontrollinginterest": 647000000,
        "earningspersharebasic": 1.26,
        "earningspersharediluted": 1.25,
        "weightedaveragenumberofsharesoutstandingbasic": 508400000,
        "weightedaveragenumberofdilutedsharesoutstanding": 515100000,
        "otherthantemporaryimpairmentslossesinvestments": -1000000,
        "otherthantemporaryimpairmentlossesinvestmentsportioninothercomprehensiveincomelossbeforetaxincludingportionattributabletononcontrollinginterest": -9000000,
        "otherthantemporaryimpairmentcreditlossesrecognizedinearningsperiodincreasedecrease": -10000000,
        "gainlossoninvestmentsexcludingotherthantemporaryimpairments": 35000000
    },
    {
        "date": "2009-09-29",
        "symbol": "TRV",
        "period": "Q3",
        "premiumsearnednet": 5421000000,
        "netinvestmentincome": 763000000,
        "feeincome": 72000000,
        "realizedinvestmentgainslosses": 29000000,
        "otherincome": 42000000,
        "revenues": 6327000000,
        "policyholderbenefitsandclaimsincurrednet": 3123000000,
        "amortizationofdeferredacquisitioncostsdac": 967000000,
        "generalandadministrativeexpense": 889000000,
        "interestexpensedebt": 98000000,
        "benefitslossesandexpenses": 5077000000,
        "incomebeforeincometaxes": 1250000000,
        "incometaxexpensebenefit": 315000000,
        "incomelossfromcontinuingoperationsincludingportionattributabletononcontrollinginterest": 935000000,
        "earningspersharebasic": 1.66,
        "earningspersharediluted": 1.65,
        "weightedaveragenumberofsharesoutstandingbasic": 558400000,
        "weightedaveragenumberofdilutedsharesoutstanding": 564100000,
        "otherthantemporaryimpairmentslossesinvestments": -43000000,
        "otherthantemporaryimpairmentlossesinvestmentsportioninothercomprehensiveincomelossbeforetaxincludingportionattributabletononcontrollinginterest": 24000000,
        "otherthantemporaryimpairmentcreditlossesrecognizedinearningsperiodincreasedecrease": -19000000,
        "gainlossoninvestmentsexcludingotherthantemporaryimpairments": 48000000
    }
]