[
    {
        "date": "2023-12-30",
        "symbol": "CNC",
        "period": "Q4",
        "revenuefromcontractwithcustomerexcludingassessedtax": 31980000000,
        "premiumtaxrevenue": 4122000000,
        "revenues": 112816000000,
        "policyholderbenefitsandclaimsincurredhealthcare": 88644000000,
        "costofgoodsandservicessold": 963000000,
        "sellinggeneralandadministrativeexpense": 3488000000,
        "depreciation": 139000000,
        "amortizationofintangibleassets": 176000000,
        "premiumtaxexpense": 4205000000,
        "assetimpairmentcharges": 51000000,
        "costsandexpenses": 39654000000,
        "operatingincomeloss": -194000000,
        "investmentincomenonoperating": 401000000,
        "interestexpense": 183000000,
        "incomelossfromcontinuingoperationsbeforeincometaxesextraordinaryitemsnoncontrollinginterest": 24000000,
        "incometaxexpensebenefit": -15000000,
        "profitloss": 39000000,
        "netincomeloss": 45000000,
        "earningspersharebasic": 0.1200000000000001,
        "earningspersharediluted": 0.1200000000000001,
        "weightedaveragenumberofsharesoutstandingbasic": 543319000,
        "weightedaveragenumberofdilutedsharesoutstanding": 545704000,
        "othercomprehensiveincomeunrealizedholdinggainlossonsecuritiesarisingduringperiodbeforetax": 644000000,
        "othercomprehensiveincomeunrealizedholdinggainlossonsecuritiesarisingduringperiodtax": 157000000,
        "othercomprehensiveincomeunrealizedholdinggainlossonsecuritiesarisingduringperiodnetoftax": 487000000,
        "othercomprehensiveincomelossreclassificationadjustmentfromaociforsaleofsecuritiesnetoftax": -1000000,
        "othercomprehensiveincomelossforeigncurrencytransactionandtranslationadjustmentnetoftax": 12000000,
        "othercomprehensiveincomelossnetoftax": 470000000,
        "comprehensiveincomenetoftaxincludingportionattributabletononcontrollinginterest": 509000000,
        "comprehensiveincomenetoftax": 515000000
    },
    {
        "date": "2023-09-29",
        "symbol": "CNC",
        "period": "Q3",
        "revenuefromcontractwithcustomerexcludingassessedtax": 33866000000,
        "premiumtaxrevenue": 3075000000,
        "revenues": 38042000000,
        "policyholderbenefitsandclaimsincurredhealthcare": 29479000000,
        "costofgoodsandservicessold": 856000000,
        "sellinggeneralandadministrativeexpense": 3048000000,
        "depreciation": 148000000,
        "amortizationofintangibleassets": 180000000,
        "premiumtaxexpense": 3156000000,
        "assetimpairmentcharges": 440000000,
        "costsandexpenses": 37307000000,
        "operatingincomeloss": 735000000,
        "investmentincomenonoperating": 214000000,
        "interestexpense": 181000000,
        "incomelossfromcontinuingoperationsbeforeincometaxesextraordinaryitemsnoncontrollinginterest": 768000000,
        "incometaxexpensebenefit": 293000000,
        "profitloss": 475000000,
        "netincomelossattributabletononcontrollinginterest": 6000000,
        "netincomeloss": 469000000,
        "earningspersharebasic": 0.87,
        "earningspersharediluted": 0.87,
        "weightedaveragenumberofsharesoutstandingbasic": 539535000,
        "weightedaveragenumberofdilutedsharesoutstanding": 541270000,
        "othercomprehensiveincomeunrealizedholdinggainlossonsecuritiesarisingduringperiodbeforetax": -235000000,
        "othercomprehensiveincomeunrealizedholdinggainlossonsecuritiesarisingduringperiodtax": -56000000,
        "othercomprehensiveincomeunrealizedholdinggainlossonsecuritiesarisingduringperiodnetoftax": -179000000,
        "othercomprehensiveincomelossreclassificationadjustmentfromaociforsaleofsecuritiesnetoftax": -57000000,
        "othercomprehensiveincomelossforeigncurrencytransactionandtranslationadjustmentnetoftax": -22000000,
        "othercomprehensiveincomelosscashflowhedgegainlossafterreclassificationandtax": 20000000,
        "othercomprehensiveincomelossnetoftax": -124000000,
        "comprehensiveincomenetoftaxincludingportionattributabletononcontrollinginterest": 351000000,
        "comprehensiveincomenetoftaxattributabletononcontrollinginterest": 6000000,
        "comprehensiveincomenetoftax": 345000000
    },
    {
        "date": "2023-06-29",
        "symbol": "CNC",
        "period": "Q2",
        "revenuefromcontractwithcustomerexcludingassessedtax": 34838000000,
        "premiumtaxrevenue": 2770000000,
        "revenues": 1544000000,
        "policyholderbenefitsandclaimsincurredhealthcare": 360000000,
        "costofgoodsandservicessold": 875000000,
        "sellinggeneralandadministrativeexpense": 3016000000,
        "depreciation": 146000000,
        "amortizationofintangibleassets": 179000000,
        "premiumtaxexpense": 2854000000,
        "assetimpairmentcharges": 18000000,
        "costsandexpenses": 36437000000,
        "operatingincomeloss": 1171000000,
        "investmentincomenonoperating": 425000000,
        "interestexpense": 181000000,
        "incomelossfromcontinuingoperationsbeforeincometaxesextraordinaryitemsnoncontrollinginterest": 1415000000,
        "incometaxexpensebenefit": 360000000,
        "profitloss": 1055000000,
        "netincomelossattributabletononcontrollinginterest": -3000000,
        "netincomeloss": 1058000000,
        "earningspersharebasic": 1.93,
        "earningspersharediluted": 1.92,
        "weightedaveragenumberofsharesoutstandingbasic": 548932000,
        "weightedaveragenumberofdilutedsharesoutstanding": 550308000,
        "othercomprehensiveincomeunrealizedholdinggainlossonsecuritiesarisingduringperiodbeforetax": -142000000,
        "othercomprehensiveincomeunrealizedholdinggainlossonsecuritiesarisingduringperiodtax": -34000000,
        "othercomprehensiveincomeunrealizedholdinggainlossonsecuritiesarisingduringperiodnetoftax": -108000000,
        "othercomprehensiveincomelossreclassificationadjustmentfromaociforsaleofsecuritiesnetoftax": -2000000,
        "othercomprehensiveincomelossforeigncurrencytransactionandtranslationadjustmentnetoftax": 23000000,
        "othercomprehensiveincomelossnetoftax": -83000000,
        "comprehensiveincomenetoftaxincludingportionattributabletononcontrollinginterest": 972000000,
        "comprehensiveincomenetoftaxattributabletononcontrollinginterest": -3000000,
        "comprehensiveincomenetoftax": 975000000
    },
    {
        "date": "2023-03-30",
        "symbol": "CNC",
        "period": "Q1",
        "revenuefromcontractwithcustomerexcludingassessedtax": 34952000000,
        "premiumtaxrevenue": 3937000000,
        "revenues": 1597000000,
        "policyholderbenefitsandclaimsincurredhealthcare": 411000000,
        "costofgoodsandservicessold": 870000000,
        "sellinggeneralandadministrativeexpense": 3011000000,
        "depreciation": 142000000,
        "amortizationofintangibleassets": 183000000,
        "premiumtaxexpense": 4011000000,
        "assetimpairmentcharges": 20000000,
        "costsandexpenses": 37671000000,
        "operatingincomeloss": 1218000000,
        "investmentincomenonoperating": 353000000,
        "interestexpense": 180000000,
        "incomelossfromcontinuingoperationsbeforeincometaxesextraordinaryitemsnoncontrollinginterest": 1391000000,
        "incometaxexpensebenefit": 261000000,
        "profitloss": 1130000000,
        "netincomeloss": 1130000000,
        "earningspersharebasic": 2.05,
        "earningspersharediluted": 2.04,
        "weightedaveragenumberofsharesoutstandingbasic": 550779000,
        "weightedaveragenumberofdilutedsharesoutstanding": 553845000,
        "othercomprehensiveincomeunrealizedholdinggainlossonsecuritiesarisingduringperiodbeforetax": 253000000,
        "othercomprehensiveincomeunrealizedholdinggainlossonsecuritiesarisingduringperiodtax": 61000000,
        "othercomprehensiveincomeunrealizedholdinggainlossonsecuritiesarisingduringperiodnetoftax": 192000000,
        "othercomprehensiveincomelossreclassificationadjustmentfromaociforsaleofsecuritiesnetoftax": -2000000,
        "othercomprehensiveincomelossforeigncurrencytransactionandtranslationadjustmentnetoftax": 23000000,
        "othercomprehensiveincomelossnetoftax": 217000000,
        "comprehensiveincomenetoftaxincludingportionattributabletononcontrollinginterest": 1347000000,
        "comprehensiveincomenetoftax": 1347000000
    },
    {
        "date": "2022-09-29",
        "symbol": "CNC",
        "period": "Q3",
        "revenuefromcontractwithcustomerexcludingassessedtax": 31848000000,
        "premiumtaxrevenue": 2139000000,
        "revenues": 35865000000,
        "policyholderbenefitsandclaimsincurredhealthcare": 28111000000,
        "costofgoodsandservicessold": 1571000000,
        "sellinggeneralandadministrativeexpense": 2846000000,
        "depreciation": 150000000,
        "amortizationofintangibleassets": 211000000,
        "premiumtaxexpense": 2211000000,
        "assetimpairmentcharges": 289000000,
        "costsandexpenses": 35389000000,
        "operatingincomeloss": 476000000,
        "investmentincomenonoperating": 692000000,
        "gainlossonextinguishmentofdebtincludingcashportion": 10000000,
        "interestexpense": 169000000,
        "incomelossfromcontinuingoperationsbeforeincometaxesextraordinaryitemsnoncontrollinginterest": 1009000000,
        "incometaxexpensebenefit": 269000000,
        "profitloss": 740000000,
        "netincomelossattributabletononcontrollinginterest": 2000000,
        "netincomeloss": 738000000,
        "earningspersharebasic": 1.29,
        "earningspersharediluted": 1.27,
        "weightedaveragenumberofsharesoutstandingbasic": 573961000,
        "weightedaveragenumberofdilutedsharesoutstanding": 580607000,
        "othercomprehensiveincomelossreclassificationadjustmentfromaociforsaleofsecuritiesnetoftax": -3000000,
        "othercomprehensiveincomeunrealizedholdinggainlossonsecuritiesarisingduringperiodnetoftax": -383000000,
        "othercomprehensiveincomelossforeigncurrencytransactionandtranslationadjustmentnetoftax": -101000000,
        "othercomprehensiveincomelossnetoftax": -481000000,
        "comprehensiveincomenetoftaxincludingportionattributabletononcontrollinginterest": 259000000,
        "comprehensiveincomenetoftaxattributabletononcontrollinginterest": 2000000,
        "comprehensiveincomenetoftax": 257000000
    },
    {
        "date": "2022-06-29",
        "symbol": "CNC",
        "period": "Q2",
        "revenuefromcontractwithcustomerexcludingassessedtax": 31510000000,
        "premiumtaxrevenue": 1968000000,
        "revenues": 35936000000,
        "policyholderbenefitsandclaimsincurredhealthcare": 27312000000,
        "costofgoodsandservicessold": 2099000000,
        "sellinggeneralandadministrativeexpense": 2800000000,
        "depreciation": 164000000,
        "amortizationofintangibleassets": 199000000,
        "premiumtaxexpense": 2041000000,
        "assetimpairmentcharges": 1450000000,
        "costsandexpenses": 36065000000,
        "operatingincomeloss": -129000000,
        "investmentincomenonoperating": 42000000,
        "gainlossonextinguishmentofdebtincludingcashportion": 13000000,
        "interestexpense": 162000000,
        "incomelossfromcontinuingoperationsbeforeincometaxesextraordinaryitemsnoncontrollinginterest": -236000000,
        "incometaxexpensebenefit": -65000000,
        "profitloss": -171000000,
        "netincomelossattributabletononcontrollinginterest": 1000000,
        "netincomeloss": -172000000,
        "earningspersharebasic": -0.29,
        "earningspersharediluted": -0.29,
        "weightedaveragenumberofsharesoutstandingbasic": 583644000,
        "weightedaveragenumberofdilutedsharesoutstanding": 583644000,
        "othercomprehensiveincomelossreclassificationadjustmentfromaociforsaleofsecuritiesnetoftax": -7000000,
        "othercomprehensiveincomeunrealizedholdinggainlossonsecuritiesarisingduringperiodnetoftax": -340000000,
        "othercomprehensiveincomelossforeigncurrencytransactionandtranslationadjustmentnetoftax": -95000000,
        "othercomprehensiveincomelossnetoftax": -428000000,
        "comprehensiveincomenetoftaxincludingportionattributabletononcontrollinginterest": -599000000,
        "comprehensiveincomenetoftaxattributabletononcontrollinginterest": 1000000,
        "comprehensiveincomenetoftax": -600000000
    },
    {
        "date": "2022-03-30",
        "symbol": "CNC",
        "period": "Q1",
        "revenuefromcontractwithcustomerexcludingassessedtax": 34232000000,
        "premiumtaxrevenue": 2953000000,
        "revenues": 6115000000,
        "policyholderbenefitsandclaimsincurredhealthcare": 27838000000,
        "costofgoodsandservicessold": 1988000000,
        "sellinggeneralandadministrativeexpense": 2745000000,
        "depreciation": 156000000,
        "amortizationofintangibleassets": 199000000,
        "premiumtaxexpense": 3006000000,
        "costsandexpenses": 35932000000,
        "operatingincomeloss": 16000000,
        "investmentincomenonoperating": 52000000,
        "gainlossonextinguishmentofdebtincludingcashportion": 3000000,
        "interestexpense": 160000000,
        "incomelossfromcontinuingoperationsbeforeincometaxesextraordinaryitemsnoncontrollinginterest": 1148000000,
        "incometaxexpensebenefit": 296000000,
        "profitloss": 852000000,
        "netincomelossattributabletononcontrollinginterest": 3000000,
        "netincomeloss": 849000000,
        "earningspersharebasic": 1.46,
        "earningspersharediluted": 1.44,
        "weightedaveragenumberofsharesoutstandingbasic": 583230000,
        "weightedaveragenumberofdilutedsharesoutstanding": 590658000,
        "othercomprehensiveincomelossreclassificationadjustmentfromaociforsaleofsecuritiesnetoftax": -2000000,
        "othercomprehensiveincomeunrealizedholdinggainlossonsecuritiesarisingduringperiodnetoftax": -544000000,
        "othercomprehensiveincomelossforeigncurrencytransactionandtranslationadjustmentnetoftax": -20000000,
        "othercomprehensiveincomelossnetoftax": -562000000,
        "comprehensiveincomenetoftaxincludingportionattributabletononcontrollinginterest": 290000000,
        "comprehensiveincomenetoftaxattributabletononcontrollinginterest": 3000000,
        "comprehensiveincomenetoftax": 287000000
    },
    {
        "date": "2021-12-30",
        "symbol": "CNC",
        "period": "Q4",
        "revenuefromcontractwithcustomerexcludingassessedtax": 30493000000,
        "premiumtaxrevenue": 2075000000,
        "revenues": 5099000000,
        "policyholderbenefitsandclaimsincurredhealthcare": 25392000000,
        "costofgoodsandservicessold": 1384000000,
        "sellinggeneralandadministrativeexpense": -7315000000,
        "amortizationofintangibleassets": 189000000,
        "premiumtaxexpense": 2158000000,
        "costsandexpenses": 31965000000,
        "operatingincomeloss": 54000000,
        "investmentincomenonoperating": -528000000,
        "interestexpense": 138000000,
        "incometaxexpensebenefit": -684000000,
        "profitloss": 593000000,
        "netincomeloss": 599000000,
        "earningspersharebasic": 1.0299999999999996,
        "earningspersharediluted": 1.0100000000000002,
        "weightedaveragenumberofsharesoutstandingbasic": 196000,
        "weightedaveragenumberofdilutedsharesoutstanding": 362000,
        "othercomprehensiveincomelossreclassificationadjustmentfromaociforsaleofsecuritiesnetoftax": 4000000,
        "othercomprehensiveincomeunrealizedholdinggainlossonsecuritiesarisingduringperiodnetoftax": -96000000,
        "othercomprehensiveincomelossforeigncurrencytransactionandtranslationadjustmentnetoftax": -1000000,
        "othercomprehensiveincomelossnetoftax": -99000000,
        "comprehensiveincomenetoftaxincludingportionattributabletononcontrollinginterest": 494000000,
        "comprehensiveincomenetoftax": 500000000
    },
    {
        "date": "2021-09-29",
        "symbol": "CNC",
        "period": "Q3",
        "revenuefromcontractwithcustomerexcludingassessedtax": 30514000000,
        "premiumtaxrevenue": 1892000000,
        "revenues": 4727000000,
        "policyholderbenefitsandclaimsincurredhealthcare": 25430000000,
        "costofgoodsandservicessold": 1355000000,
        "sellinggeneralandadministrativeexpense": 2684000000,
        "amortizationofintangibleassets": 198000000,
        "premiumtaxexpense": 1965000000,
        "costsandexpenses": 31861000000,
        "operatingincomeloss": -154000000,
        "investmentincomenonoperating": 424000000,
        "interestexpense": 170000000,
        "incometaxexpensebenefit": 139000000,
        "profitloss": 581000000,
        "netincomeloss": 584000000,
        "earningspersharebasic": 1.0000000000000002,
        "earningspersharediluted": 0.9899999999999998,
        "weightedaveragenumberofsharesoutstandingbasic": 305000,
        "weightedaveragenumberofdilutedsharesoutstanding": 355000,
        "othercomprehensiveincomelossreclassificationadjustmentfromaociforsaleofsecuritiesnetoftax": -1000000,
        "othercomprehensiveincomeunrealizedholdinggainlossonsecuritiesarisingduringperiodnetoftax": -47000000,
        "othercomprehensiveincomelossforeigncurrencytransactionandtranslationadjustmentnetoftax": -17000000,
        "othercomprehensiveincomelossnetoftax": -63000000,
        "comprehensiveincomenetoftaxincludingportionattributabletononcontrollinginterest": 518000000,
        "comprehensiveincomenetoftax": 521000000
    },
    {
        "date": "2021-06-29",
        "symbol": "CNC",
        "period": "Q2",
        "revenuefromcontractwithcustomerexcludingassessedtax": 28862000000,
        "premiumtaxrevenue": 2163000000,
        "revenues": 4559000000,
        "policyholderbenefitsandclaimsincurredhealthcare": 24389000000,
        "costofgoodsandservicessold": 1107000000,
        "sellinggeneralandadministrativeexpense": 2273000000,
        "amortizationofintangibleassets": 188000000,
        "premiumtaxexpense": 2236000000,
        "costsandexpenses": 31443000000,
        "operatingincomeloss": -3000000,
        "investmentincomenonoperating": 39000000,
        "gainlossonextinguishmentofdebtincludingcashportion": 0,
        "interestexpense": 163000000,
        "incomelossfromcontinuingoperationsbeforeincometaxesminorityinterestandincomelossfromequitymethodinvestments": -542000000,
        "incometaxexpensebenefit": -7000000,
        "profitloss": -535000000,
        "netincomelossattributabletononcontrollinginterest": 0,
        "netincomeloss": -535000000,
        "earningspersharebasic": -0.9199999999999999,
        "earningspersharediluted": -0.9099999999999999,
        "weightedaveragenumberofsharesoutstandingbasic": 462000,
        "weightedaveragenumberofdilutedsharesoutstanding": 456000,
        "othercomprehensiveincomelossreclassificationadjustmentfromaociforsaleofsecuritiesnetoftax": 15000000,
        "othercomprehensiveincomeunrealizedholdinggainlossonsecuritiesarisingduringperiodnetoftax": 76000000,
        "othercomprehensiveincomelossforeigncurrencytransactionandtranslationadjustmentnetoftax": 2000000,
        "othercomprehensiveincomelossnetoftax": 63000000,
        "comprehensiveincomenetoftaxincludingportionattributabletononcontrollinginterest": -472000000,
        "comprehensiveincomenetoftaxattributabletononcontrollinginterest": 0,
        "comprehensiveincomenetoftax": -472000000
    },
    {
        "date": "2021-03-30",
        "symbol": "CNC",
        "period": "Q1",
        "revenuefromcontractwithcustomerexcludingassessedtax": 28114000000,
        "premiumtaxrevenue": 1869000000,
        "revenues": 4267000000,
        "policyholderbenefitsandclaimsincurredhealthcare": 23391000000,
        "costofgoodsandservicessold": 1048000000,
        "sellinggeneralandadministrativeexpense": 2367000000,
        "amortizationofintangibleassets": 195000000,
        "premiumtaxexpense": 1928000000,
        "costsandexpenses": 28929000000,
        "operatingincomeloss": 98000000,
        "investmentincomenonoperating": 103000000,
        "gainlossonextinguishmentofdebtincludingcashportion": -46000000,
        "interestexpense": 170000000,
        "incomelossfromcontinuingoperationsbeforeincometaxesminorityinterestandincomelossfromequitymethodinvestments": 941000000,
        "incometaxexpensebenefit": 244000000,
        "profitloss": 697000000,
        "netincomelossattributabletononcontrollinginterest": -2000000,
        "netincomeloss": 699000000,
        "earningspersharebasic": 1.2,
        "earningspersharediluted": 1.19,
        "weightedaveragenumberofsharesoutstandingbasic": 581869000,
        "weightedaveragenumberofdilutedsharesoutstanding": 589343000,
        "othercomprehensiveincomelossreclassificationadjustmentfromaociforsaleofsecuritiesnetoftax": 2000000,
        "othercomprehensiveincomeunrealizedholdinggainlossonsecuritiesarisingduringperiodnetoftax": -154000000,
        "othercomprehensiveincomelossforeigncurrencytransactionandtranslationadjustmentnetoftax": -5000000,
        "othercomprehensiveincomelossnetoftax": -161000000,
        "comprehensiveincomenetoftaxincludingportionattributabletononcontrollinginterest": 536000000,
        "comprehensiveincomenetoftaxattributabletononcontrollinginterest": -2000000,
        "comprehensiveincomenetoftax": 538000000
    },
    {
        "date": "2020-12-30",
        "symbol": "CNC",
        "period": "Q4",
        "revenuefromcontractwithcustomerexcludingassessedtax": 26445000000,
        "premiumtaxrevenue": 1843000000,
        "revenues": 4097000000,
        "policyholderbenefitsandclaimsincurredhealthcare": 22605000000,
        "costofgoodsandservicessold": 784000000,
        "sellinggeneralandadministrativeexpense": -7133000000,
        "amortizationofintangibleassets": 192000000,
        "premiumtaxexpense": 1595000000,
        "healthinsurerfeeexpense": 376000000,
        "costsandexpenses": 28273000000,
        "operatingincomeloss": -2000000,
        "investmentincomenonoperating": -370000000,
        "interestexpense": 172000000,
        "incomelossfromcontinuingoperationsbeforeincometaxesminorityinterestandincomelossfromequitymethodinvestments": -3534000000,
        "incometaxexpensebenefit": -1365000000,
        "profitloss": -19000000,
        "netincomeloss": -12000000,
        "earningspersharebasic": -0.039999999999999966,
        "earningspersharediluted": -0.039999999999999966,
        "weightedaveragenumberofsharesoutstandingbasic": 3136000,
        "weightedaveragenumberofdilutedsharesoutstanding": 3403000,
        "othercomprehensiveincomeunrealizedholdinggainlossonsecuritiesarisingduringperiodnetoftax": 39000000,
        "othercomprehensiveincomelossforeigncurrencytransactionandtranslationadjustmentnetoftax": 11000000,
        "othercomprehensiveincomelossnetoftax": 44000000,
        "comprehensiveincomenetoftaxincludingportionattributabletononcontrollinginterest": 25000000,
        "comprehensiveincomenetoftax": 32000000
    },
    {
        "date": "2020-09-29",
        "symbol": "CNC",
        "period": "Q3",
        "revenuefromcontractwithcustomerexcludingassessedtax": 27459000000,
        "premiumtaxrevenue": 1631000000,
        "revenues": -41679000000,
        "policyholderbenefitsandclaimsincurredhealthcare": 22932000000,
        "costofgoodsandservicessold": 861000000,
        "sellinggeneralandadministrativeexpense": 2507000000,
        "amortizationofintangibleassets": 164000000,
        "premiumtaxexpense": 1389000000,
        "healthinsurerfeeexpense": 376000000,
        "costsandexpenses": 28229000000,
        "operatingincomeloss": -27000000,
        "investmentincomenonoperating": 95000000,
        "interestexpense": 184000000,
        "incomelossfromcontinuingoperationsbeforeincometaxesminorityinterestandincomelossfromequitymethodinvestments": 772000000,
        "incometaxexpensebenefit": 207000000,
        "profitloss": 565000000,
        "netincomeloss": 568000000,
        "earningspersharebasic": 0.9800000000000001,
        "earningspersharediluted": 0.9600000000000001,
        "weightedaveragenumberofsharesoutstandingbasic": 5963000,
        "weightedaveragenumberofdilutedsharesoutstanding": 6173000,
        "othercomprehensiveincomeunrealizedholdinggainlossonsecuritiesarisingduringperiodnetoftax": 38000000,
        "othercomprehensiveincomelossforeigncurrencytransactionandtranslationadjustmentnetoftax": 10000000,
        "othercomprehensiveincomelossnetoftax": 48000000,
        "comprehensiveincomenetoftaxincludingportionattributabletononcontrollinginterest": 613000000,
        "comprehensiveincomenetoftax": 616000000
    },
    {
        "date": "2020-06-29",
        "symbol": "CNC",
        "period": "Q2",
        "profitloss": 1202000000,
        "othercomprehensiveincomeunrealizedholdinggainlossonsecuritiesarisingduringperiodnetoftax": 248000000,
        "othercomprehensiveincomedefinedbenefitplansnetunamortizedgainlossarisingduringperiodnetoftax": 0,
        "othercomprehensiveincomelossforeigncurrencytransactionandtranslationadjustmentnetoftax": 1000000,
        "othercomprehensiveincomelossnetoftax": 250000000,
        "comprehensiveincomenetoftaxincludingportionattributabletononcontrollinginterest": 1452000000,
        "comprehensiveincomenetoftax": 1456000000,
        "revenuefromcontractwithcustomerexcludingassessedtax": 24745000000,
        "premiumtaxrevenue": 1988000000,
        "revenues": 27712000000,
        "policyholderbenefitsandclaimsincurredhealthcare": 20307000000,
        "costofgoodsandservicessold": 833000000,
        "sellinggeneralandadministrativeexpense": 2255000000,
        "amortizationofintangibleassets": 197000000,
        "premiumtaxexpense": 1723000000,
        "healthinsurerfeeexpense": 379000000,
        "assetimpairmentcharges": 0,
        "costsandexpenses": 25694000000,
        "operatingincomeloss": 2018000000,
        "investmentincomenonoperating": 113000000,
        "gainslossesonextinguishmentofdebt": 0,
        "interestexpense": 187000000,
        "incomelossfromcontinuingoperationsbeforeincometaxesminorityinterestandincomelossfromequitymethodinvestments": 1944000000,
        "incometaxexpensebenefit": 742000000,
        "netincomeloss": 1206000000,
        "earningspersharebasic": 2.15,
        "earningspersharediluted": 2.12,
        "weightedaveragenumberofsharesoutstandingbasic": 17187000,
        "weightedaveragenumberofdilutedsharesoutstanding": 17497000
    },
    {
        "date": "2020-03-30",
        "symbol": "CNC",
        "period": "Q1",
        "profitloss": 46000000,
        "othercomprehensiveincomeunrealizedholdinggainlossonsecuritiesarisingduringperiodnetoftax": -134000000,
        "othercomprehensiveincomedefinedbenefitplansnetunamortizedgainlossarisingduringperiodnetoftax": 2000000,
        "othercomprehensiveincomelossforeigncurrencytransactionandtranslationadjustmentnetoftax": -7000000,
        "othercomprehensiveincomelossnetoftax": -139000000,
        "comprehensiveincomenetoftaxincludingportionattributabletononcontrollinginterest": -93000000,
        "comprehensiveincomenetoftax": -93000000,
        "revenuefromcontractwithcustomerexcludingassessedtax": 23214000000,
        "premiumtaxrevenue": 1853000000,
        "revenues": 26025000000,
        "policyholderbenefitsandclaimsincurredhealthcare": 20420000000,
        "costofgoodsandservicessold": 825000000,
        "sellinggeneralandadministrativeexpense": 2384000000,
        "amortizationofintangibleassets": 166000000,
        "premiumtaxexpense": 1625000000,
        "healthinsurerfeeexpense": 345000000,
        "assetimpairmentcharges": 72000000,
        "costsandexpenses": 25837000000,
        "operatingincomeloss": 188000000,
        "investmentincomenonoperating": 167000000,
        "gainslossesonextinguishmentofdebt": -44000000,
        "interestexpense": 180000000,
        "incomelossfromcontinuingoperationsbeforeincometaxesminorityinterestandincomelossfromequitymethodinvestments": 131000000,
        "incometaxexpensebenefit": 85000000,
        "netincomeloss": 46000000,
        "earningspersharebasic": 0.08,
        "earningspersharediluted": 0.08,
        "weightedaveragenumberofsharesoutstandingbasic": 544436000,
        "weightedaveragenumberofdilutedsharesoutstanding": 552062000
    },
    {
        "date": "2019-12-30",
        "symbol": "CNC",
        "period": "Q4",
        "profitloss": 202000000,
        "othercomprehensiveincomeunrealizedholdinggainlossonsecuritiesarisingduringperiodnetoftax": -5000000,
        "othercomprehensiveincomelossnetoftax": -11000000,
        "comprehensiveincomenetoftaxincludingportionattributabletononcontrollinginterest": 191000000,
        "comprehensiveincomenetoftaxattributabletononcontrollinginterest": -7000000,
        "comprehensiveincomenetoftax": 198000000,
        "revenuefromcontractwithcustomerexcludingassessedtax": 16575000000,
        "premiumtaxrevenue": 851000000,
        "revenues": 18863000000,
        "policyholderbenefitsandclaimsincurredhealthcare": 15220000000,
        "costofgoodsandservicessold": 687000000,
        "sellinggeneralandadministrativeexpense": 1733000000,
        "amortizationofintangibleassets": 64000000,
        "premiumtaxexpense": 882000000,
        "costsandexpenses": 18586000000,
        "operatingincomeloss": 277000000,
        "investmentincomenonoperating": 126000000,
        "interestexpense": 113000000,
        "incomelossfromcontinuingoperationsbeforeincometaxesminorityinterestandincomelossfromequitymethodinvestments": 260000000,
        "incometaxexpensebenefit": 58000000,
        "netincomelossattributabletononcontrollinginterest": -7000000,
        "netincomeloss": 209000000,
        "earningspersharebasic": 0.5,
        "earningspersharediluted": 0.4900000000000002,
        "weightedaveragenumberofsharesoutstandingbasic": -826423000,
        "weightedaveragenumberofdilutedsharesoutstanding": -838970000
    },
    {
        "date": "2019-09-29",
        "symbol": "CNC",
        "period": "Q3",
        "profitloss": 96000000,
        "othercomprehensiveincomelossreclassificationadjustmentfromaociforsaleofsecuritiesnetoftax": 1000000,
        "othercomprehensiveincomeunrealizedholdinggainlossonsecuritiesarisingduringperiodnetoftax": 34000000,
        "othercomprehensiveincomelossforeigncurrencytransactionandtranslationadjustmentnetoftax": -7000000,
        "othercomprehensiveincomelossnetoftax": 26000000,
        "comprehensiveincomenetoftaxincludingportionattributabletononcontrollinginterest": 122000000,
        "comprehensiveincomenetoftaxattributabletononcontrollinginterest": 1000000,
        "comprehensiveincomenetoftax": 121000000,
        "revenuefromcontractwithcustomerexcludingassessedtax": 17472000000,
        "premiumtaxrevenue": 761000000,
        "revenues": 18976000000,
        "policyholderbenefitsandclaimsincurredhealthcare": 15406000000,
        "costofgoodsandservicessold": 619000000,
        "sellinggeneralandadministrativeexpense": 1617000000,
        "amortizationofintangibleassets": 65000000,
        "premiumtaxexpense": 822000000,
        "goodwillandintangibleassetimpairment": 271000000,
        "costsandexpenses": 18800000000,
        "operatingincomeloss": 176000000,
        "investmentincomenonoperating": 98000000,
        "interestexpense": 99000000,
        "incomelossfromcontinuingoperationsbeforeincometaxesminorityinterestandincomelossfromequitymethodinvestments": 175000000,
        "incometaxexpensebenefit": 79000000,
        "netincomelossattributabletononcontrollinginterest": 1000000,
        "netincomeloss": 95000000,
        "earningspersharebasic": 0.23,
        "earningspersharediluted": 0.23,
        "weightedaveragenumberofsharesoutstandingbasic": 413616000,
        "weightedaveragenumberofdilutedsharesoutstanding": 419956000
    },
    {
        "date": "2019-06-29",
        "symbol": "CNC",
        "period": "Q2",
        "profitloss": 492000000,
        "othercomprehensiveincomelossreclassificationadjustmentfromaociforsaleofsecuritiesnetoftax": -1000000,
        "othercomprehensiveincomeunrealizedholdinggainlossonsecuritiesarisingduringperiodnetoftax": 80000000,
        "othercomprehensiveincomelossnetoftax": 81000000,
        "comprehensiveincomenetoftaxincludingportionattributabletononcontrollinginterest": 573000000,
        "comprehensiveincomenetoftaxattributabletononcontrollinginterest": -3000000,
        "comprehensiveincomenetoftax": 576000000,
        "revenuefromcontractwithcustomerexcludingassessedtax": 16554000000,
        "premiumtaxrevenue": 1057000000,
        "revenues": 18356000000,
        "policyholderbenefitsandclaimsincurredhealthcare": 14354000000,
        "costofgoodsandservicessold": 615000000,
        "sellinggeneralandadministrativeexpense": 1574000000,
        "amortizationofintangibleassets": 64000000,
        "premiumtaxexpense": 1106000000,
        "costsandexpenses": 17713000000,
        "operatingincomeloss": 643000000,
        "investmentincomenonoperating": 120000000,
        "interestexpense": 101000000,
        "incomelossfromcontinuingoperationsbeforeincometaxesminorityinterestandincomelossfromequitymethodinvestments": 662000000,
        "incometaxexpensebenefit": 170000000,
        "netincomelossattributabletononcontrollinginterest": -3000000,
        "netincomeloss": 495000000,
        "earningspersharebasic": 1.2,
        "earningspersharediluted": 1.18,
        "weightedaveragenumberofsharesoutstandingbasic": 413370000,
        "weightedaveragenumberofdilutedsharesoutstanding": 419671000
    },
    {
        "date": "2019-03-30",
        "symbol": "CNC",
        "period": "Q1",
        "profitloss": 519000000,
        "othercomprehensiveincomeunrealizedholdinggainlossonsecuritiesarisingduringperiodnetoftax": 94000000,
        "othercomprehensiveincomelossnetoftax": 94000000,
        "comprehensiveincomenetoftaxincludingportionattributabletononcontrollinginterest": 613000000,
        "comprehensiveincomenetoftaxattributabletononcontrollinginterest": -3000000,
        "comprehensiveincomenetoftax": 616000000,
        "revenuefromcontractwithcustomerexcludingassessedtax": 16838000000,
        "premiumtaxrevenue": 1606000000,
        "revenues": 18444000000,
        "policyholderbenefitsandclaimsincurredhealthcare": 13882000000,
        "costofgoodsandservicessold": 544000000,
        "sellinggeneralandadministrativeexpense": 1609000000,
        "amortizationofintangibleassets": 65000000,
        "premiumtaxexpense": 1659000000,
        "costsandexpenses": 17759000000,
        "operatingincomeloss": 685000000,
        "investmentincomenonoperating": 99000000,
        "interestexpense": 99000000,
        "incomelossfromcontinuingoperationsbeforeincometaxesminorityinterestandincomelossfromequitymethodinvestments": 685000000,
        "incometaxexpensebenefit": 166000000,
        "netincomelossattributabletononcontrollinginterest": -3000000,
        "netincomeloss": 522000000,
        "earningspersharebasic": 1.26,
        "earningspersharediluted": 1.24,
        "weightedaveragenumberofsharesoutstandingbasic": 412924000,
        "weightedaveragenumberofdilutedsharesoutstanding": 419752000
    },
    {
        "date": "2018-12-30",
        "symbol": "CNC",
        "period": "Q4",
        "profitloss": 241000000,
        "othercomprehensiveincomeunrealizedholdinggainlossonsecuritiesarisingduringperiodnetoftax": 23000000,
        "othercomprehensiveincomelossforeigncurrencytransactionandtranslationadjustmentnetoftax": -2000000,
        "comprehensiveincomenetoftaxincludingportionattributabletononcontrollinginterest": 264000000,
        "comprehensiveincomenetoftaxattributabletononcontrollinginterest": 0,
        "comprehensiveincomenetoftax": 264000000,
        "premiumtaxrevenue": 910000000,
        "revenues": -7036000000,
        "policyholderbenefitsandclaimsincurredhealthcare": 13012000000,
        "sellinggeneralandadministrativeexpense": -4463000000,
        "amortizationofintangibleassets": 62000000,
        "premiumtaxexpense": 801000000,
        "healthinsurerfeeexpense": 177000000,
        "costsandexpenses": 16171000000,
        "operatingincomeloss": -409000000,
        "investmentincomenonoperating": -183000000,
        "interestexpense": 89000000,
        "incomelossfromcontinuingoperationsbeforeincometaxesminorityinterestandincomelossfromequitymethodinvestments": -1366000000,
        "incometaxexpensebenefit": -422000000,
        "netincomelossattributabletononcontrollinginterest": 0,
        "netincomeloss": 241000000,
        "earningspersharebasic": -1.2599999999999998,
        "earningspersharediluted": -1.24
    },
    {
        "date": "2018-09-29",
        "symbol": "CNC",
        "period": "Q3",
        "profitloss": 16000000,
        "othercomprehensiveincomelossreclassificationadjustmentfromaociforsaleofsecuritiesnetoftax": -1000000,
        "othercomprehensiveincomeunrealizedholdinggainlossonsecuritiesarisingduringperiodnetoftax": -12000000,
        "othercomprehensiveincomelossforeigncurrencytransactionandtranslationadjustmentnetoftax": -1000000,
        "othercomprehensiveincomelossnetoftaxportionattributabletoparent": -12000000,
        "comprehensiveincomenetoftaxincludingportionattributabletononcontrollinginterest": 4000000,
        "comprehensiveincomenetoftaxattributabletononcontrollinginterest": -3000000,
        "comprehensiveincomenetoftax": 7000000,
        "revenuefromcontractwithcustomerexcludingassessedtax": 732000000,
        "premiumtaxrevenue": 827000000,
        "revenues": 3112000000,
        "policyholderbenefitsandclaimsincurredhealthcare": 12626000000,
        "costofgoodsandservicessold": 622000000,
        "sellinggeneralandadministrativeexpense": 1934000000,
        "amortizationofintangibleassets": 65000000,
        "premiumtaxexpense": 716000000,
        "healthinsurerfeeexpense": 178000000,
        "costsandexpenses": 16141000000,
        "operatingincomeloss": -51000000,
        "investmentincomenonoperating": 80000000,
        "interestexpense": 97000000,
        "incomelossfromcontinuingoperationsbeforeincometaxesminorityinterestandincomelossfromequitymethodinvestments": 24000000,
        "incometaxexpensebenefit": 8000000,
        "netincomelossattributabletononcontrollinginterest": -3000000,
        "netincomeloss": 19000000,
        "earningspersharebasic": 0.09,
        "earningspersharediluted": 0.09
    },
    {
        "date": "2018-06-29",
        "symbol": "CNC",
        "period": "Q2",
        "profitloss": 299000000,
        "othercomprehensiveincomeunrealizedholdinggainlossonsecuritiesarisingduringperiodnetoftax": -11000000,
        "othercomprehensiveincomelossforeigncurrencytransactionandtranslationadjustmentnetoftax": -2000000,
        "othercomprehensiveincomelossnetoftaxportionattributabletoparent": -13000000,
        "comprehensiveincomenetoftaxincludingportionattributabletononcontrollinginterest": 286000000,
        "comprehensiveincomenetoftaxattributabletononcontrollinginterest": -1000000,
        "comprehensiveincomenetoftax": 287000000,
        "revenuefromcontractwithcustomerexcludingassessedtax": 762000000,
        "premiumtaxrevenue": 1306000000,
        "revenues": 3236000000,
        "policyholderbenefitsandclaimsincurredhealthcare": 10380000000,
        "costofgoodsandservicessold": 658000000,
        "sellinggeneralandadministrativeexpense": 1237000000,
        "amortizationofintangibleassets": 45000000,
        "premiumtaxexpense": 1189000000,
        "healthinsurerfeeexpense": 183000000,
        "costsandexpenses": 13692000000,
        "operatingincomeloss": 68000000,
        "investmentincomenonoperating": 65000000,
        "interestexpense": 80000000,
        "incomelossfromcontinuingoperationsbeforeincometaxesminorityinterestandincomelossfromequitymethodinvestments": 474000000,
        "incometaxexpensebenefit": 175000000,
        "netincomelossattributabletononcontrollinginterest": -1000000,
        "netincomeloss": 300000000,
        "earningspersharebasic": 1.53,
        "earningspersharediluted": 1.5
    },
    {
        "date": "2018-03-30",
        "symbol": "CNC",
        "period": "Q1",
        "profitloss": 338000000,
        "othercomprehensiveincomeunrealizedholdinggainlossonsecuritiesarisingduringperiodnetoftax": -52000000,
        "othercomprehensiveincomelossforeigncurrencytransactionandtranslationadjustmentnetoftax": 1000000,
        "othercomprehensiveincomelossnetoftaxportionattributabletoparent": -51000000,
        "comprehensiveincomenetoftaxincludingportionattributabletononcontrollinginterest": 287000000,
        "comprehensiveincomenetoftaxattributabletononcontrollinginterest": -2000000,
        "comprehensiveincomenetoftax": 289000000,
        "premiumsearnednet": 11903000000,
        "salesrevenueservicesnet": 653000000,
        "premiumandservicerevenues": 12556000000,
        "premiumtaxrevenue": 638000000,
        "revenues": 13194000000,
        "policyholderbenefitsandclaimsincurredhealthcare": 10039000000,
        "costofservices": 543000000,
        "sellinggeneralandadministrativeexpense": 1316000000,
        "amortizationofintangibleassets": 39000000,
        "premiumtaxexpense": 546000000,
        "healthinsurerfeeexpense": 171000000,
        "costsandexpenses": 12654000000,
        "operatingincomeloss": 540000000,
        "investmentincomenonoperating": 41000000,
        "interestexpense": 68000000,
        "incomelossfromcontinuingoperationsbeforeincometaxesminorityinterestandincomelossfromequitymethodinvestments": 513000000,
        "incometaxexpensebenefit": 175000000,
        "netincomelossattributabletononcontrollinginterest": -2000000,
        "netincomeloss": 340000000,
        "earningspersharebasic": 1.95,
        "earningspersharediluted": 1.91
    },
    {
        "date": "2017-09-29",
        "symbol": "CNC",
        "period": "Q3",
        "profitloss": 201000000,
        "othercomprehensiveincomeunrealizedholdinggainlossonsecuritiesarisingduringperiodnetoftax": 7000000,
        "othercomprehensiveincomelossforeigncurrencytransactionandtranslationadjustmentnetoftax": 1000000,
        "othercomprehensiveincomelossnetoftaxportionattributabletoparent": 8000000,
        "comprehensiveincomenetoftaxincludingportionattributabletononcontrollinginterest": 209000000,
        "comprehensiveincomenetoftaxattributabletononcontrollinginterest": -4000000,
        "comprehensiveincomenetoftax": 213000000,
        "premiumsearnednet": 10850000000,
        "salesrevenueservicesnet": 571000000,
        "premiumandservicerevenues": 11421000000,
        "premiumtaxrevenue": 477000000,
        "revenues": 650000000,
        "policyholderbenefitsandclaimsincurredhealthcare": 9543000000,
        "costofservices": 437000000,
        "sellinggeneralandadministrativeexpense": 1030000000,
        "amortizationofintangibleassets": 38000000,
        "premiumtaxexpense": 510000000,
        "costsandexpenses": 11558000000,
        "operatingincomeloss": 102000000,
        "investmentincomenonoperating": 51000000,
        "interestexpense": 65000000,
        "incomelossfromcontinuingoperationsbeforeincometaxesminorityinterestandincomelossfromequitymethodinvestments": 326000000,
        "incometaxexpensebenefit": 125000000,
        "incomelossfromcontinuingoperationsincludingportionattributabletononcontrollinginterest": 201000000,
        "netincomelossattributabletononcontrollinginterest": -4000000,
        "netincomeloss": 205000000,
        "incomelossfromcontinuingoperations": 205000000,
        "incomelossfromcontinuingoperationsperbasicshare": 1.19,
        "earningspersharebasic": 1.19,
        "incomelossfromcontinuingoperationsperdilutedshare": 1.1600000000000001,
        "earningspersharediluted": 1.1600000000000001
    },
    {
        "date": "2017-06-29",
        "symbol": "CNC",
        "period": "Q2",
        "profitloss": 252000000,
        "othercomprehensiveincomelossreclassificationadjustmentfromaociforsaleofsecuritiesnetoftax": 1000000,
        "othercomprehensiveincomeunrealizedholdinggainlossonsecuritiesarisingduringperiodnetoftax": 20000000,
        "othercomprehensiveincomelossforeigncurrencytransactionandtranslationadjustmentnetoftax": 3000000,
        "othercomprehensiveincomelossnetoftaxportionattributabletoparent": 22000000,
        "comprehensiveincomenetoftaxincludingportionattributabletononcontrollinginterest": 274000000,
        "comprehensiveincomenetoftaxattributabletononcontrollinginterest": -2000000,
        "comprehensiveincomenetoftax": 276000000,
        "premiumsearnednet": 10905000000,
        "salesrevenueservicesnet": 536000000,
        "premiumandservicerevenues": 11441000000,
        "premiumtaxrevenue": 513000000,
        "revenues": 613000000,
        "policyholderbenefitsandclaimsincurredhealthcare": 9413000000,
        "costofservices": 456000000,
        "sellinggeneralandadministrativeexpense": 1065000000,
        "amortizationofintangibleassets": 39000000,
        "premiumtaxexpense": 543000000,
        "costsandexpenses": 11516000000,
        "operatingincomeloss": 64000000,
        "investmentincomenonoperating": 45000000,
        "interestexpense": 62000000,
        "incomelossfromcontinuingoperationsbeforeincometaxesminorityinterestandincomelossfromequitymethodinvestments": 421000000,
        "incometaxexpensebenefit": 169000000,
        "incomelossfromcontinuingoperationsincludingportionattributabletononcontrollinginterest": 252000000,
        "netincomelossattributabletononcontrollinginterest": -2000000,
        "netincomeloss": 254000000,
        "incomelossfromcontinuingoperations": 254000000,
        "incomelossfromcontinuingoperationsperbasicshare": 1.47,
        "earningspersharebasic": 1.47,
        "incomelossfromcontinuingoperationsperdilutedshare": 1.44,
        "earningspersharediluted": 1.44
    },
    {
        "date": "2017-03-30",
        "symbol": "CNC",
        "period": "Q1",
        "profitloss": 132000000,
        "othercomprehensiveincomeunrealizedholdinggainlossonsecuritiesarisingduringperiodnetoftax": 14000000,
        "othercomprehensiveincomelossforeigncurrencytransactionandtranslationadjustmentnetoftax": 1000000,
        "othercomprehensiveincomelossnetoftaxportionattributabletoparent": 15000000,
        "comprehensiveincomenetoftaxincludingportionattributabletononcontrollinginterest": 147000000,
        "comprehensiveincomenetoftaxattributabletononcontrollinginterest": -7000000,
        "comprehensiveincomenetoftax": 154000000,
        "premiumsearnednet": 10638000000,
        "salesrevenueservicesnet": 527000000,
        "premiumandservicerevenues": 11165000000,
        "premiumtaxrevenue": 559000000,
        "revenues": 609000000,
        "policyholderbenefitsandclaimsincurredhealthcare": 9322000000,
        "costofservices": 441000000,
        "sellinggeneralandadministrativeexpense": 1091000000,
        "amortizationofintangibleassets": 40000000,
        "premiumtaxexpense": 590000000,
        "costsandexpenses": 11484000000,
        "operatingincomeloss": 53000000,
        "investmentincomenonoperating": 41000000,
        "interestexpense": 62000000,
        "incomelossfromcontinuingoperationsbeforeincometaxesminorityinterestandincomelossfromequitymethodinvestments": 219000000,
        "incometaxexpensebenefit": 87000000,
        "incomelossfromcontinuingoperationsincludingportionattributabletononcontrollinginterest": 132000000,
        "netincomelossattributabletononcontrollinginterest": -7000000,
        "netincomeloss": 139000000,
        "incomelossfromcontinuingoperations": 139000000,
        "incomelossfromcontinuingoperationsperbasicshare": 0.81,
        "earningspersharebasic": 0.81,
        "incomelossfromcontinuingoperationsperdilutedshare": 0.79,
        "earningspersharediluted": 0.79,
        "weightedaveragenumberofsharesoutstandingbasic": 172073968,
        "weightedaveragenumberofdilutedsharesoutstanding": 175836290
    },
    {
        "date": "2016-09-29",
        "symbol": "CNC",
        "period": "Q3",
        "profitloss": 146000000,
        "othercomprehensiveincomelossreclassificationadjustmentfromaociforsaleofsecuritiesnetoftax": 1000000,
        "othercomprehensiveincomeunrealizedholdinggainlossonsecuritiesarisingduringperiodnetoftax": 5000000,
        "othercomprehensiveincomelossforeigncurrencytransactionandtranslationadjustmentnetoftax": -1000000,
        "othercomprehensiveincomelossnetoftaxportionattributabletoparent": 3000000,
        "comprehensiveincomenetoftaxincludingportionattributabletononcontrollinginterest": 149000000,
        "comprehensiveincomenetoftaxattributabletononcontrollinginterest": 1000000,
        "comprehensiveincomenetoftax": 148000000,
        "premiumsearnednet": 9625000000,
        "salesrevenueservicesnet": 590000000,
        "premiumandservicerevenues": 10215000000,
        "premiumtaxrevenue": 631000000,
        "revenues": 836000000,
        "policyholderbenefitsandclaimsincurredhealthcare": 8376000000,
        "costofservices": 504000000,
        "generalandadministrativeexpense": 940000000,
        "amortizationofintangibleassets": 43000000,
        "premiumtaxexpense": 512000000,
        "healthinsurerfeeexpense": 129000000,
        "costsandexpenses": 10504000000,
        "operatingincomeloss": 38000000,
        "investmentincomenonoperating": 33000000,
        "interestexpense": 57000000,
        "incomelossfromcontinuingoperationsbeforeincometaxesminorityinterestandincomelossfromequitymethodinvestments": 318000000,
        "incometaxexpensebenefit": 171000000,
        "incomelossfromcontinuingoperationsincludingportionattributabletononcontrollinginterest": 147000000,
        "incomelossfromdiscontinuedoperationsnetoftaxattributabletoreportingentity": -1000000,
        "netincomelossattributabletononcontrollinginterest": 1000000,
        "netincomeloss": 145000000,
        "incomelossfromcontinuingoperations": 146000000,
        "incomelossfromcontinuingoperationsperbasicshare": 0.85,
        "earningspersharebasic": 0.85,
        "incomelossfromcontinuingoperationsperdilutedshare": 0.84,
        "incomelossfromdiscontinuedoperationsnetoftaxperdilutedshare": -0.01,
        "earningspersharediluted": 0.83,
        "weightedaveragenumberofsharesoutstandingbasic": 170774587,
        "weightedaveragenumberofdilutedsharesoutstanding": 174312416
    },
    {
        "date": "2016-06-29",
        "symbol": "CNC",
        "period": "Q2",
        "profitloss": 168000000,
        "othercomprehensiveincomeunrealizedholdinggainlossonsecuritiesarisingduringperiodnetoftax": 34000000,
        "othercomprehensiveincomelossforeigncurrencytransactionandtranslationadjustmentnetoftax": -1000000,
        "othercomprehensiveincomelossnetoftaxportionattributabletoparent": 33000000,
        "comprehensiveincomenetoftaxincludingportionattributabletononcontrollinginterest": 201000000,
        "comprehensiveincomenetoftaxattributabletononcontrollinginterest": -1000000,
        "comprehensiveincomenetoftax": 202000000,
        "premiumsearnednet": 9688000000,
        "salesrevenueservicesnet": 588000000,
        "premiumandservicerevenues": 10276000000,
        "premiumtaxrevenue": 621000000,
        "revenues": 2234000000,
        "policyholderbenefitsandclaimsincurredhealthcare": 8385000000,
        "costofservices": 515000000,
        "generalandadministrativeexpense": 949000000,
        "amortizationofintangibleassets": 43000000,
        "premiumtaxexpense": 498000000,
        "healthinsurerfeeexpense": 130000000,
        "costsandexpenses": 10520000000,
        "operatingincomeloss": 41000000,
        "investmentincomenonoperating": 32000000,
        "interestexpense": 52000000,
        "incomelossfromcontinuingoperationsbeforeincometaxesminorityinterestandincomelossfromequitymethodinvestments": 357000000,
        "incometaxexpensebenefit": 188000000,
        "incomelossfromcontinuingoperationsincludingportionattributabletononcontrollinginterest": 169000000,
        "incomelossfromdiscontinuedoperationsnetoftaxattributabletoreportingentity": -1000000,
        "netincomelossattributabletononcontrollinginterest": -1000000,
        "netincomeloss": 169000000,
        "incomelossfromcontinuingoperations": 170000000,
        "incomelossfromcontinuingoperationsperbasicshare": 1,
        "incomelossfromdiscontinuedoperationsnetoftaxperbasicshare": -0.01,
        "earningspersharebasic": 0.99,
        "incomelossfromcontinuingoperationsperdilutedshare": 0.98,
        "incomelossfromdiscontinuedoperationsnetoftaxperdilutedshare": -0.01,
        "earningspersharediluted": 0.97,
        "weightedaveragenumberofsharesoutstandingbasic": 170558778,
        "weightedaveragenumberofdilutedsharesoutstanding": 173778537
    },
    {
        "date": "2016-03-30",
        "symbol": "CNC",
        "period": "Q1",
        "profitloss": -16000000,
        "othercomprehensiveincomelossreclassificationadjustmentfromaociforsaleofsecuritiesnetoftax": -1000000,
        "othercomprehensiveincomeunrealizedholdinggainlossonsecuritiesarisingduringperiodnetoftax": 18000000,
        "othercomprehensiveincomelossforeigncurrencytransactionandtranslationadjustmentnetoftax": 1000000,
        "othercomprehensiveincomelossnetoftaxportionattributabletoparent": 20000000,
        "comprehensiveincomenetoftaxincludingportionattributabletononcontrollinginterest": 4000000,
        "comprehensiveincomenetoftaxattributabletononcontrollinginterest": 1000000,
        "comprehensiveincomenetoftax": 3000000,
        "premiumsearnednet": 5986000000,
        "salesrevenueservicesnet": 425000000,
        "premiumandservicerevenues": 6411000000,
        "premiumtaxrevenue": 542000000,
        "revenues": 6953000000,
        "policyholderbenefitsandclaimsincurredhealthcare": 5311000000,
        "costofservices": 367000000,
        "generalandadministrativeexpense": 722000000,
        "amortizationofintangibleassets": 9000000,
        "premiumtaxexpense": 450000000,
        "healthinsurerfeeexpense": 74000000,
        "costsandexpenses": 6933000000,
        "operatingincomeloss": 20000000,
        "investmentincomenonoperating": 15000000,
        "interestexpense": 33000000,
        "incomelossfromcontinuingoperationsbeforeincometaxesminorityinterestandincomelossfromequitymethodinvestments": 2000000,
        "incometaxexpensebenefit": 17000000,
        "incomelossfromcontinuingoperationsincludingportionattributabletononcontrollinginterest": -15000000,
        "incomelossfromdiscontinuedoperationsnetoftaxattributabletoreportingentity": -1000000,
        "netincomelossattributabletononcontrollinginterest": 1000000,
        "netincomeloss": -17000000,
        "incomelossfromcontinuingoperations": -16000000,
        "incomelossfromcontinuingoperationsperbasicshare": -0.13,
        "incomelossfromdiscontinuedoperationsnetoftaxperbasicshare": -0.01,
        "earningspersharebasic": -0.14,
        "incomelossfromcontinuingoperationsperdilutedshare": -0.13,
        "incomelossfromdiscontinuedoperationsnetoftaxperdilutedshare": -0.01,
        "earningspersharediluted": -0.14,
        "weightedaveragenumberofsharesoutstandingbasic": 125543076,
        "weightedaveragenumberofdilutedsharesoutstanding": 125543076
    },
    {
        "date": "2015-09-29",
        "symbol": "CNC",
        "period": "Q3",
        "profitloss": 94000000,
        "othercomprehensiveincomeunrealizedholdinggainlossonsecuritiesarisingduringperiodnetoftax": 2000000,
        "othercomprehensiveincomelossnetoftaxportionattributabletoparent": 2000000,
        "comprehensiveincomenetoftaxincludingportionattributabletononcontrollinginterest": 96000000,
        "comprehensiveincomenetoftaxattributabletononcontrollinginterest": 1000000,
        "comprehensiveincomenetoftax": 95000000,
        "premiumsearnednet": 4983000000,
        "salesrevenueservicesnet": 480000000,
        "premiumandservicerevenues": 1815000000,
        "premiumtaxrevenue": 358000000,
        "revenues": 5463000000,
        "policyholderbenefitsandclaimsincurredhealthcare": 4433000000,
        "costofservices": 413000000,
        "generalandadministrativeexpense": 464000000,
        "premiumtaxexpense": 274000000,
        "healthinsurerfeeexpense": 54000000,
        "costsandexpenses": 5638000000,
        "operatingincomeloss": 45000000,
        "investmentincomenonoperating": 8000000,
        "interestexpense": 11000000,
        "incomelossfromcontinuingoperationsbeforeincometaxesminorityinterestandincomelossfromequitymethodinvestments": 180000000,
        "incometaxexpensebenefit": 87000000,
        "incomelossfromcontinuingoperationsincludingportionattributabletononcontrollinginterest": 93000000,
        "incomelossfromdiscontinuedoperationsnetoftaxattributabletoreportingentity": 1000000,
        "netincomelossattributabletononcontrollinginterest": 1000000,
        "netincomeloss": 93000000,
        "incomelossfromcontinuingoperations": 92000000,
        "incomelossfromcontinuingoperationsperbasicshare": 0.77,
        "incomelossfromdiscontinuedoperationsnetoftaxperbasicshare": 0.01,
        "earningspersharebasic": 0.78,
        "incomelossfromcontinuingoperationsperdilutedshare": 0.75,
        "incomelossfromdiscontinuedoperationsnetoftaxperdilutedshare": 0.01,
        "earningspersharediluted": 0.76,
        "weightedaveragenumberofsharesoutstandingbasic": 119121524,
        "weightedaveragenumberofdilutedsharesoutstanding": 123131810
    },
    {
        "date": "2015-06-29",
        "symbol": "CNC",
        "period": "Q2",
        "profitloss": 89000000,
        "othercomprehensiveincomeunrealizedholdinggainlossonsecuritiesarisingduringperiodnetoftax": -4000000,
        "othercomprehensiveincomelossforeigncurrencytransactionandtranslationadjustmentnetoftax": 1000000,
        "comprehensiveincomenetoftaxincludingportionattributabletononcontrollinginterest": 85000000,
        "comprehensiveincomenetoftaxattributabletononcontrollinginterest": 0,
        "comprehensiveincomenetoftax": 85000000,
        "premiumsearnednet": 4692000000,
        "salesrevenueservicesnet": 492000000,
        "premiumandservicerevenues": -1455000000,
        "premiumtaxrevenue": 322000000,
        "revenues": 4814000000,
        "policyholderbenefitsandclaimsincurredhealthcare": 4181000000,
        "costofservices": 419000000,
        "generalandadministrativeexpense": 442000000,
        "premiumtaxexpense": 239000000,
        "healthinsurerfeeexpense": 52000000,
        "costsandexpenses": 5333000000,
        "operatingincomeloss": -47000000,
        "investmentincomenonoperating": 10000000,
        "interestexpense": 11000000,
        "incomelossfromcontinuingoperationsbeforeincometaxesminorityinterestandincomelossfromequitymethodinvestments": 172000000,
        "incometaxexpensebenefit": 84000000,
        "incomelossfromcontinuingoperationsincludingportionattributabletononcontrollinginterest": 88000000,
        "incomelossfromdiscontinuedoperationsnetoftaxattributabletoreportingentity": 0,
        "netincomelossattributabletononcontrollinginterest": 0,
        "netincomeloss": 88000000,
        "incomelossfromcontinuingoperations": 88000000,
        "incomelossfromcontinuingoperationsperbasicshare": 0.74,
        "incomelossfromdiscontinuedoperationsnetoftaxperbasicshare": 0,
        "earningspersharebasic": 0.74,
        "incomelossfromcontinuingoperationsperdilutedshare": 0.72,
        "incomelossfromdiscontinuedoperationsnetoftaxperdilutedshare": 0,
        "earningspersharediluted": 0.72,
        "weightedaveragenumberofsharesoutstandingbasic": 110514,
        "weightedaveragenumberofdilutedsharesoutstanding": 213093
    },
    {
        "date": "2015-03-30",
        "symbol": "CNC",
        "period": "Q1",
        "profitloss": 63000000,
        "othercomprehensiveincomeunrealizedholdinggainlossonsecuritiesarisingduringperiodnetoftax": 5000000,
        "othercomprehensiveincomelossforeigncurrencytransactionandtranslationadjustmentnetoftax": -5000000,
        "comprehensiveincomenetoftaxincludingportionattributabletononcontrollinginterest": 64000000,
        "comprehensiveincomenetoftaxattributabletononcontrollinginterest": 1000000,
        "comprehensiveincomenetoftax": 63000000,
        "premiumsearnednet": 4299000000,
        "salesrevenueservicesnet": 462000000,
        "premiumandservicerevenues": 4761000000,
        "premiumtaxrevenue": 370000000,
        "revenues": 5131000000,
        "policyholderbenefitsandclaimsincurredhealthcare": 3861000000,
        "costofservices": 402000000,
        "generalandadministrativeexpense": 403000000,
        "premiumtaxexpense": 281000000,
        "healthinsurerfeeexpense": 55000000,
        "costsandexpenses": 5002000000,
        "operatingincomeloss": 129000000,
        "investmentincomenonoperating": 9000000,
        "interestexpense": 10000000,
        "incomelossfromcontinuingoperationsbeforeincometaxesminorityinterestandincomelossfromequitymethodinvestments": 128000000,
        "incometaxexpensebenefit": 63000000,
        "incomelossfromcontinuingoperationsincludingportionattributabletononcontrollinginterest": 65000000,
        "incomelossfromdiscontinuedoperationsnetoftaxattributabletoreportingentity": -1000000,
        "netincomelossattributabletononcontrollinginterest": 1000000,
        "netincomeloss": 63000000,
        "incomelossfromcontinuingoperations": 64000000,
        "incomelossfromcontinuingoperationsperbasicshare": 0.54,
        "incomelossfromdiscontinuedoperationsnetoftaxperbasicshare": -0.01,
        "earningspersharebasic": 0.53,
        "incomelossfromcontinuingoperationsperdilutedshare": 0.52,
        "incomelossfromdiscontinuedoperationsnetoftaxperdilutedshare": -0.01,
        "earningspersharediluted": 0.51,
        "weightedaveragenumberofsharesoutstandingbasic": 118783755,
        "weightedaveragenumberofdilutedsharesoutstanding": 122572366
    },
    {
        "date": "2014-12-30",
        "symbol": "CNC",
        "period": "Q4",
        "profitloss": 111376000,
        "othercomprehensiveincomeunrealizedholdinggainlossonsecuritiesarisingduringperiodnetoftax": 526000,
        "comprehensiveincomenetoftaxincludingportionattributabletononcontrollinginterest": 104361000,
        "comprehensiveincomenetoftaxattributabletononcontrollinginterest": -2158000,
        "comprehensiveincomenetoftax": 106519000,
        "premiumsearnednet": 4015799000,
        "salesrevenueservicesnet": 398964000,
        "premiumandservicerevenues": -1532973000,
        "premiumtaxrevenue": 309788000,
        "revenues": 17165206000,
        "policyholderbenefitsandclaimsincurredhealthcare": 3585356000,
        "costofservices": 344596000,
        "generalandadministrativeexpense": -947432000,
        "premiumtaxexpense": 206309000,
        "healthinsurerfeeexpense": 31360000,
        "costsandexpenses": 4531189000,
        "operatingincomeloss": 9789000,
        "investmentincomenonoperating": -16652000,
        "interestexpense": 5091000,
        "incomelossfromcontinuingoperationsbeforeincometaxesminorityinterestandincomelossfromequitymethodinvestments": -295381000,
        "incometaxexpensebenefit": -114125000,
        "incomelossfromcontinuingoperationsincludingportionattributabletononcontrollinginterest": 103744000,
        "netincomelossattributabletononcontrollinginterest": -2158000,
        "netincomeloss": 106534000,
        "incomelossfromcontinuingoperations": 105902000,
        "incomelossfromdiscontinuedoperationsnetoftaxattributabletoreportingentity": 632000,
        "incomelossfromcontinuingoperationsperbasicshare": -0.49,
        "incomelossfromdiscontinuedoperationsnetoftaxperbasicshare": -0.009999999999999998,
        "earningspersharebasic": -0.53,
        "incomelossfromcontinuingoperationsperdilutedshare": -0.4700000000000001,
        "incomelossfromdiscontinuedoperationsnetoftaxperdilutedshare": -0.019999999999999997,
        "earningspersharediluted": -0.5100000000000001,
        "weightedaveragenumberofsharesoutstandingbasic": -57510279,
        "weightedaveragenumberofdilutedsharesoutstanding": -59400187
    },
    {
        "date": "2014-09-29",
        "symbol": "CNC",
        "period": "Q3",
        "profitloss": 79151000,
        "othercomprehensiveincomelossreclassificationadjustmentfromaociforsaleofsecuritiesnetoftax": 109000,
        "othercomprehensiveincomeunrealizedholdinggainlossonsecuritiesarisingduringperiodnetoftax": -2376000,
        "othercomprehensiveincomelossforeigncurrencytransactionandtranslationadjustmentnetoftax": -334000,
        "othercomprehensiveincomelossnetoftaxportionattributabletoparent": -2819000,
        "comprehensiveincomenetoftaxincludingportionattributabletononcontrollinginterest": 76332000,
        "comprehensiveincomenetoftaxattributabletononcontrollinginterest": -3469000,
        "comprehensiveincomenetoftax": 79801000,
        "premiumsearnednet": 3780256000,
        "salesrevenueservicesnet": 378833000,
        "premiumandservicerevenues": 3746076000,
        "premiumtaxrevenue": 192772000,
        "revenues": -821417000,
        "policyholderbenefitsandclaimsincurredhealthcare": 3390090000,
        "costofservices": 327232000,
        "generalandadministrativeexpense": 333878000,
        "premiumtaxexpense": 160744000,
        "healthinsurerfeeexpense": 31985000,
        "costsandexpenses": 4243929000,
        "operatingincomeloss": 28230000,
        "investmentincomenonoperating": 5676000,
        "interestexpense": 9282000,
        "incomelossfromcontinuingoperationsbeforeincometaxesminorityinterestandincomelossfromequitymethodinvestments": 104326000,
        "incometaxexpensebenefit": 26696000,
        "incomelossfromcontinuingoperationsincludingportionattributabletononcontrollinginterest": 77630000,
        "incomelossfromdiscontinuedoperationsnetoftaxattributabletoreportingentity": 1521000,
        "netincomelossattributabletononcontrollinginterest": -3469000,
        "netincomeloss": 82620000,
        "incomelossfromcontinuingoperations": 81099000,
        "incomelossfromcontinuingoperationsperbasicshare": 1.38,
        "incomelossfromdiscontinuedoperationsnetoftaxperbasicshare": 0.03,
        "earningspersharebasic": 1.41,
        "incomelossfromcontinuingoperationsperdilutedshare": 1.34,
        "incomelossfromdiscontinuedoperationsnetoftaxperdilutedshare": 0.02,
        "earningspersharediluted": 1.36,
        "weightedaveragenumberofsharesoutstandingbasic": 58613484,
        "weightedaveragenumberofdilutedsharesoutstanding": 60681875,
        "discontinuedoperationtaxeffectofdiscontinuedoperation": -142000
    },
    {
        "date": "2014-06-29",
        "symbol": "CNC",
        "period": "Q2",
        "profitloss": 48126000,
        "othercomprehensiveincomelossreclassificationadjustmentfromaociforsaleofsecuritiesnetoftax": -29000,
        "othercomprehensiveincomeunrealizedholdinggainlossonsecuritiesarisingduringperiodnetoftax": 2799000,
        "othercomprehensiveincomelossnetoftaxportionattributabletoparent": 2828000,
        "comprehensiveincomenetoftaxincludingportionattributabletononcontrollinginterest": 50954000,
        "comprehensiveincomenetoftaxattributabletononcontrollinginterest": -737000,
        "comprehensiveincomenetoftax": 51691000,
        "premiumsearnednet": 3331058000,
        "salesrevenueservicesnet": 410029000,
        "premiumandservicerevenues": 3238638000,
        "premiumtaxrevenue": 282613000,
        "revenues": -689614000,
        "policyholderbenefitsandclaimsincurredhealthcare": 2960101000,
        "costofservices": 365888000,
        "generalandadministrativeexpense": 321042000,
        "premiumtaxexpense": 252669000,
        "healthinsurerfeeexpense": 31328000,
        "costsandexpenses": 3931028000,
        "operatingincomeloss": 28851000,
        "investmentincomenonoperating": 7252000,
        "interestexpense": 8604000,
        "incomelossfromcontinuingoperationsbeforeincometaxesminorityinterestandincomelossfromequitymethodinvestments": 91320000,
        "incometaxexpensebenefit": 44874000,
        "incomelossfromcontinuingoperationsincludingportionattributabletononcontrollinginterest": 46446000,
        "incomelossfromdiscontinuedoperationsnetoftaxattributabletoreportingentity": 1680000,
        "netincomelossattributabletononcontrollinginterest": -737000,
        "netincomeloss": 48863000,
        "incomelossfromcontinuingoperations": 47183000,
        "incomelossfromcontinuingoperationsperbasicshare": 0.82,
        "incomelossfromdiscontinuedoperationsnetoftaxperbasicshare": 0.03,
        "earningspersharebasic": 0.85,
        "incomelossfromcontinuingoperationsperdilutedshare": 0.79,
        "incomelossfromdiscontinuedoperationsnetoftaxperdilutedshare": 0.03,
        "earningspersharediluted": 0.82,
        "weightedaveragenumberofsharesoutstandingbasic": 57758683,
        "weightedaveragenumberofdilutedsharesoutstanding": 59717258,
        "discontinuedoperationtaxeffectofdiscontinuedoperation": 1461000
    },
    {
        "date": "2014-03-30",
        "symbol": "CNC",
        "period": "Q1",
        "profitloss": 32347000,
        "othercomprehensiveincomelossreclassificationadjustmentfromaociforsaleofsecuritiesnetoftax": 45000,
        "othercomprehensiveincomeunrealizedholdinggainlossonsecuritiesarisingduringperiodnetoftax": 2051000,
        "othercomprehensiveincomelossnetoftaxportionattributabletoparent": 2006000,
        "comprehensiveincomenetoftaxincludingportionattributabletononcontrollinginterest": 34353000,
        "comprehensiveincomenetoftaxattributabletononcontrollinginterest": -636000,
        "comprehensiveincomenetoftax": 34989000,
        "premiumsearnednet": 3070887000,
        "salesrevenueservicesnet": 281174000,
        "premiumandservicerevenues": -651741000,
        "premiumtaxrevenue": 107827000,
        "revenues": 12825000,
        "policyholderbenefitsandclaimsincurredhealthcare": 2742453000,
        "costofservices": 242284000,
        "generalandadministrativeexpense": 295512000,
        "premiumtaxexpense": 78278000,
        "healthinsurerfeeexpense": 31327000,
        "costsandexpenses": 3389854000,
        "operatingincomeloss": 44130000,
        "investmentincomenonoperating": 4724000,
        "interestexpense": 7023000,
        "incomelossfromcontinuingoperationsbeforeincometaxesminorityinterestandincomelossfromequitymethodinvestments": 67735000,
        "incometaxexpensebenefit": 34555000,
        "incomelossfromcontinuingoperationsincludingportionattributabletononcontrollinginterest": 33180000,
        "incomelossfromdiscontinuedoperationsnetoftaxattributabletoreportingentity": -833000,
        "netincomelossattributabletononcontrollinginterest": -636000,
        "netincomeloss": 32983000,
        "incomelossfromcontinuingoperations": 33816000,
        "incomelossfromcontinuingoperationsperbasicshare": 0.59,
        "incomelossfromdiscontinuedoperationsnetoftaxperbasicshare": -0.02,
        "earningspersharebasic": 0.57,
        "incomelossfromcontinuingoperationsperdilutedshare": 0.57,
        "incomelossfromdiscontinuedoperationsnetoftaxperdilutedshare": -0.01,
        "earningspersharediluted": 0.56,
        "weightedaveragenumberofsharesoutstandingbasic": 57483876,
        "weightedaveragenumberofdilutedsharesoutstanding": 59361266
    },
    {
        "date": "2013-12-30",
        "symbol": "CNC",
        "period": "Q4",
        "profitloss": -98479000,
        "othercomprehensiveincomeunrealizedholdinggainlossonsecuritiesarisingduringperiodnetoftax": -50000,
        "comprehensiveincomenetoftaxincludingportionattributabletononcontrollinginterest": 54107000,
        "comprehensiveincomenetoftaxattributabletononcontrollinginterest": 1642000,
        "comprehensiveincomenetoftax": 52465000,
        "premiumsearnednet": 2494042000,
        "salesrevenueservicesnet": 121290000,
        "premiumandservicerevenues": -1758242000,
        "premiumtaxrevenue": 72508000,
        "revenues": -7390169000,
        "policyholderbenefitsandclaimsincurredhealthcare": 2183749000,
        "costofservices": 108080000,
        "generalandadministrativeexpense": -690008000,
        "premiumtaxexpense": 71022000,
        "costsandexpenses": 2599784000,
        "operatingincomeloss": 150200000,
        "investmentincomenonoperating": -12720000,
        "interestexpense": 2362000,
        "incomelossfromcontinuingoperationsbeforeincometaxesminorityinterestandincomelossfromequitymethodinvestments": -208639000,
        "incometaxexpensebenefit": -87158000,
        "netincomelossattributabletononcontrollinginterest": 1642000,
        "netincomeloss": 49359000,
        "earningspersharebasic": 0.9200000000000002,
        "earningspersharediluted": 0.8800000000000001,
        "weightedaveragenumberofsharesoutstandingbasic": -107439270,
        "weightedaveragenumberofdilutedsharesoutstanding": -111554471
    },
    {
        "date": "2013-09-29",
        "symbol": "CNC",
        "period": "Q3",
        "profitloss": 48914000,
        "othercomprehensiveincomelossreclassificationadjustmentforsaleofsecuritiesincludedinnetincomenetoftax": -94000,
        "othercomprehensiveincomeunrealizedholdinggainlossonsecuritiesarisingduringperiodnetoftax": 2310000,
        "othercomprehensiveincomelossnetoftaxportionattributabletoparent": 2216000,
        "comprehensiveincomenetoftaxincludingportionattributabletononcontrollinginterest": 51130000,
        "comprehensiveincomenetoftaxattributabletononcontrollinginterest": -459000,
        "comprehensiveincomenetoftax": 51589000,
        "premiumsearnednet": 2621651000,
        "salesrevenueservicesnet": 112497000,
        "premiumandservicerevenues": -552123000,
        "premiumtaxrevenue": 69504000,
        "revenues": 2803652000,
        "policyholderbenefitsandclaimsincurredhealthcare": 2298881000,
        "costofservices": 100479000,
        "generalandadministrativeexpense": 253608000,
        "premiumtaxexpense": 68453000,
        "costsandexpenses": 2721421000,
        "operatingincomeloss": 14148000,
        "investmentincomenonoperating": 4946000,
        "interestexpense": 6603000,
        "incomelossfromcontinuingoperationsbeforeincometaxesminorityinterestandincomelossfromequitymethodinvestments": 80574000,
        "incometaxexpensebenefit": 31660000,
        "netincomelossattributabletononcontrollinginterest": -459000,
        "netincomeloss": 49373000,
        "earningspersharebasic": 0.9,
        "earningspersharediluted": 0.87,
        "weightedaveragenumberofsharesoutstandingbasic": 54679660,
        "weightedaveragenumberofdilutedsharesoutstanding": 56933056
    },
    {
        "date": "2013-06-29",
        "symbol": "CNC",
        "period": "Q2",
        "profitloss": 39011000,
        "othercomprehensiveincomelossreclassificationadjustmentforsaleofsecuritiesincludedinnetincomenetoftax": -27000,
        "othercomprehensiveincomeunrealizedholdinggainlossonsecuritiesarisingduringperiodnetoftax": -8934000,
        "othercomprehensiveincomelossnetoftaxportionattributabletoparent": -8961000,
        "comprehensiveincomenetoftaxincludingportionattributabletononcontrollinginterest": 30050000,
        "comprehensiveincomenetoftaxattributabletononcontrollinginterest": -473000,
        "comprehensiveincomenetoftax": 30523000,
        "premiumsearnednet": 2528718000,
        "salesrevenueservicesnet": 105599000,
        "premiumandservicerevenues": -566208000,
        "premiumtaxrevenue": 91628000,
        "revenues": 2725945000,
        "policyholderbenefitsandclaimsincurredhealthcare": 2244611000,
        "costofservices": 93300000,
        "generalandadministrativeexpense": 230248000,
        "premiumtaxexpense": 90760000,
        "costsandexpenses": 2658919000,
        "operatingincomeloss": 25998000,
        "investmentincomenonoperating": 4286000,
        "interestexpense": 7033000,
        "incomelossfromcontinuingoperationsbeforeincometaxesminorityinterestandincomelossfromequitymethodinvestments": 64279000,
        "incometaxexpensebenefit": 25268000,
        "netincomelossattributabletononcontrollinginterest": -473000,
        "netincomeloss": 39484000,
        "earningspersharebasic": 0.72,
        "earningspersharediluted": 0.7,
        "weightedaveragenumberofsharesoutstandingbasic": 54529036,
        "weightedaveragenumberofdilutedsharesoutstanding": 56601660
    },
    {
        "date": "2013-03-30",
        "symbol": "CNC",
        "period": "Q1",
        "profitloss": -91000,
        "othercomprehensiveincomelossreclassificationadjustmentforsaleofsecuritiesincludedinnetincomenetoftax": -29000,
        "othercomprehensiveincomeunrealizedholdinggainlossonsecuritiesarisingduringperiodnetoftax": -260000,
        "othercomprehensiveincomelossnetoftaxportionattributabletoparent": -289000,
        "comprehensiveincomenetoftaxincludingportionattributabletononcontrollinginterest": 22622000,
        "comprehensiveincomenetoftaxattributabletononcontrollinginterest": -91000,
        "comprehensiveincomenetoftax": 22713000,
        "premiumsearnednet": 2509049000,
        "salesrevenueservicesnet": 33194000,
        "premiumandservicerevenues": 688279000,
        "premiumtaxrevenue": 103649000,
        "revenues": 2645892000,
        "policyholderbenefitsandclaimsincurredhealthcare": 2267400000,
        "costofservices": 25065000,
        "generalandadministrativeexpense": 210348000,
        "premiumtaxexpense": 102975000,
        "costsandexpenses": 2605788000,
        "operatingincomeloss": 7498000,
        "investmentincomenonoperating": 4471000,
        "interestexpense": 6625000,
        "incomelossfromcontinuingoperationsbeforeincometaxesminorityinterestandincomelossfromequitymethodinvestments": 37950000,
        "incometaxexpensebenefit": 15039000,
        "netincomelossattributabletononcontrollinginterest": -91000,
        "netincomeloss": 23002000,
        "earningspersharebasic": 0.44,
        "earningspersharediluted": 0.42,
        "weightedaveragenumberofsharesoutstandingbasic": 52357119,
        "weightedaveragenumberofdilutedsharesoutstanding": 54266928
    },
    {
        "date": "2012-06-29",
        "symbol": "CNC",
        "period": "Q2",
        "profitloss": -38832000,
        "othercomprehensiveincomereclassificationadjustmentforsaleofsecuritiesincludedinnetincomenetoftax": -66000,
        "othercomprehensiveincomeunrealizedholdinggainlossonsecuritiesarisingduringperiodnetoftax": -461000,
        "othercomprehensiveincomelossnetoftaxportionattributabletoparent": -395000,
        "comprehensiveincomenetoftaxincludingportionattributabletononcontrollinginterest": -39227000,
        "comprehensiveincomenetoftaxattributabletononcontrollinginterest": -3833000,
        "comprehensiveincomenetoftax": -35394000,
        "premiumsearnednet": 2034558000,
        "salesrevenueservicesnet": 27041000,
        "premiumandservicerevenues": 658292000,
        "premiumtaxrevenue": 49147000,
        "revenues": 2110746000,
        "policyholderbenefitsandclaimsincurredhealthcare": 1890405000,
        "costofservices": 21816000,
        "generalandadministrativeexpense": 168062000,
        "premiumtaxexpense": 49176000,
        "impairmentloss": 28033000,
        "costsandexpenses": 2157492000,
        "operatingincomeloss": -18289000,
        "investmentincomenonoperating": 4045000,
        "interestexpense": 4739000,
        "incomelossfromcontinuingoperationsbeforeincometaxesminorityinterestandincomelossfromequitymethodinvestments": -47440000,
        "incometaxexpensebenefit": -8608000,
        "netincomelossattributabletononcontrollinginterest": -3833000,
        "netincomeloss": -34999000,
        "earningspersharebasic": -0.68,
        "earningspersharediluted": -0.68,
        "weightedaveragenumberofsharesoutstandingbasic": 51515895,
        "weightedaveragenumberofdilutedsharesoutstanding": 51515895
    },
    {
        "date": "2011-03-30",
        "symbol": "CNC",
        "period": "Q1",
        "premiumrevenue": 1152777000,
        "salesrevenueservicesnet": 26384000,
        "premiumandservicerevenues": 1179161000,
        "premiumtaxrevenue": 37196000,
        "revenues": 1216357000,
        "policyholderbenefitsandclaimsincurredhealthcare": 957074000,
        "costofservices": 20176000,
        "generalandadministrativeexpense": 162581000,
        "premiumtaxexpense": 37429000,
        "costsandexpenses": 1177260000,
        "operatingincomeloss": 39097000,
        "investmentincomenonoperating": 3749000,
        "interestexpense": 5695000,
        "incomelossfromcontinuingoperationsbeforeincometaxesminorityinterestandincomelossfromequitymethodinvestments": 37151000,
        "incometaxexpensebenefit": 14328000,
        "incomelossfromcontinuingoperationsincludingportionattributabletononcontrollinginterest": 22823000,
        "profitloss": -922000,
        "netincomelossattributabletononcontrollinginterest": -922000,
        "netincomeloss": 23745000,
        "incomelossfromcontinuingoperations": 23745000,
        "incomelossfromcontinuingoperationsperbasicshare": 0.48,
        "earningspersharebasic": 0.48,
        "incomelossfromcontinuingoperationsperdilutedshare": 0.46,
        "earningspersharediluted": 0.46,
        "weightedaveragenumberofsharesoutstandingbasic": 49750430,
        "weightedaveragenumberofdilutedsharesoutstanding": 51811721
    }
]