[
    {
        "date": "2024-09-27",
        "symbol": "WAT",
        "period": "Q3",
        "revenuefromcontractwithcustomerexcludingassessedtax": 740305000,
        "costofgoodsandservicessold": 108277000,
        "sellinggeneralandadministrativeexpense": 169097000,
        "researchanddevelopmentexpense": 45336000,
        "amortizationofacquisitioncosts": 11759000,
        "gainlossrelatedtolitigationsettlement": -1326000,
        "costsandexpenses": 529173000,
        "operatingincomeloss": 211132000,
        "othernonoperatingincomeexpense": -338000,
        "interestexpense": 21435000,
        "investmentincomeinterest": 4258000,
        "incomelossfromcontinuingoperationsbeforeincometaxesextraordinaryitemsnoncontrollinginterest": 193617000,
        "incometaxexpensebenefit": 32114000,
        "netincomelossavailabletocommonstockholdersbasic": 161503000,
        "earningspersharebasic": 2.72,
        "weightedaveragenumberofsharesoutstandingbasic": 59367000,
        "earningspersharediluted": 2.71,
        "weightedaveragenumberofdilutedsharesoutstanding": 59504000,
        "othercomprehensiveincomeforeigncurrencytransactionandtranslationgainlossarisingduringperiodnetoftax": 18668000,
        "othercomprehensiveincomelosscashflowhedgegainlossbeforereclassificationandtax": -3025000,
        "othercomprehensiveincomelosscashflowhedgegainlossreclassificationbeforetax": 366000,
        "othercomprehensiveincomelosscashflowhedgegainlossafterreclassificationbeforetax": -3391000,
        "othercomprehensiveincomelosscashflowhedgegainlossafterreclassificationtax": -814000,
        "othercomprehensiveincomelosscashflowhedgegainlossafterreclassificationandtax": -2577000,
        "othercomprehensiveincomelosspensionandotherpostretirementbenefitplansadjustmentbeforereclassificationadjustmentsandtax": 211000,
        "othercomprehensiveincomelossreclassificationadjustmentfromaocipensionandotherpostretirementbenefitplansbeforetax": -10000,
        "othercomprehensiveincomelosspensionandotherpostretirementbenefitplansadjustmentbeforetax": 221000,
        "othercomprehensiveincomelosspensionandotherpostretirementbenefitplanstax": 47000,
        "othercomprehensiveincomelosspensionandotherpostretirementbenefitplansadjustmentnetoftax": 174000,
        "othercomprehensiveincomelossnetoftaxportionattributabletoparent": 15917000,
        "comprehensiveincomenetoftax": 177420000
    },
    {
        "date": "2024-06-28",
        "symbol": "WAT",
        "period": "Q2",
        "revenuefromcontractwithcustomerexcludingassessedtax": 435144000,
        "costofgoodsandservicessold": 175836000,
        "sellinggeneralandadministrativeexpense": 173247000,
        "researchanddevelopmentexpense": 46182000,
        "amortizationofacquisitioncosts": 11744000,
        "gainlossrelatedtolitigationsettlement": 0,
        "costsandexpenses": 519417000,
        "operatingincomeloss": 189112000,
        "othernonoperatingincomeexpense": -302000,
        "interestexpense": 23726000,
        "investmentincomeinterest": 4328000,
        "incomelossfromcontinuingoperationsbeforeincometaxesextraordinaryitemsnoncontrollinginterest": 169412000,
        "incometaxexpensebenefit": 26675000,
        "netincomelossavailabletocommonstockholdersbasic": 142737000,
        "earningspersharebasic": 2.4,
        "weightedaveragenumberofsharesoutstandingbasic": 59287000,
        "earningspersharediluted": 2.4000000000000004,
        "weightedaveragenumberofdilutedsharesoutstanding": 59445000,
        "othercomprehensiveincomeforeigncurrencytransactionandtranslationgainlossarisingduringperiodnetoftax": -6675000,
        "othercomprehensiveincomelosscashflowhedgegainlossbeforereclassificationandtax": 829000,
        "othercomprehensiveincomelosscashflowhedgegainlossreclassificationbeforetax": 277000,
        "othercomprehensiveincomelosscashflowhedgegainlossafterreclassificationbeforetax": 552000,
        "othercomprehensiveincomelosscashflowhedgegainlossafterreclassificationtax": 132000,
        "othercomprehensiveincomelosscashflowhedgegainlossafterreclassificationandtax": 420000,
        "othercomprehensiveincomelosspensionandotherpostretirementbenefitplansadjustmentbeforereclassificationadjustmentsandtax": 181000,
        "othercomprehensiveincomelossreclassificationadjustmentfromaocipensionandotherpostretirementbenefitplansbeforetax": 59000,
        "othercomprehensiveincomelosspensionandotherpostretirementbenefitplansadjustmentbeforetax": 122000,
        "othercomprehensiveincomelosspensionandotherpostretirementbenefitplanstax": 58000,
        "othercomprehensiveincomelosspensionandotherpostretirementbenefitplansadjustmentnetoftax": 64000,
        "othercomprehensiveincomelossnetoftaxportionattributabletoparent": -6319000,
        "comprehensiveincomenetoftax": 136418000
    },
    {
        "date": "2024-03-29",
        "symbol": "WAT",
        "period": "Q1",
        "revenuefromcontractwithcustomerexcludingassessedtax": 376151000,
        "costofgoodsandservicessold": 153182000,
        "sellinggeneralandadministrativeexpense": 174536000,
        "researchanddevelopmentexpense": 44595000,
        "amortizationofacquisitioncosts": 11834000,
        "gainlossrelatedtolitigationsettlement": -10242000,
        "costsandexpenses": 502993000,
        "operatingincomeloss": 133846000,
        "othernonoperatingincomeexpense": 2259000,
        "interestexpense": 25520000,
        "investmentincomeinterest": 4271000,
        "incomelossfromcontinuingoperationsbeforeincometaxesextraordinaryitemsnoncontrollinginterest": 114856000,
        "incometaxexpensebenefit": 12660000,
        "netincomelossavailabletocommonstockholdersbasic": 102196000,
        "earningspersharebasic": 1.73,
        "weightedaveragenumberofsharesoutstandingbasic": 59232000,
        "earningspersharediluted": 1.72,
        "weightedaveragenumberofdilutedsharesoutstanding": 59431000,
        "othercomprehensiveincomeforeigncurrencytransactionandtranslationgainlossarisingduringperiodnetoftax": -9540000,
        "othercomprehensiveincomelosscashflowhedgegainlossbeforereclassificationandtax": 2405000,
        "othercomprehensiveincomelosscashflowhedgegainlossreclassificationbeforetax": 297000,
        "othercomprehensiveincomelosscashflowhedgegainlossafterreclassificationbeforetax": 2108000,
        "othercomprehensiveincomelosscashflowhedgegainlossafterreclassificationtax": 506000,
        "othercomprehensiveincomelosscashflowhedgegainlossafterreclassificationandtax": 1602000,
        "othercomprehensiveincomelosspensionandotherpostretirementbenefitplansadjustmentbeforereclassificationadjustmentsandtax": -332000,
        "othercomprehensiveincomelossreclassificationadjustmentfromaocipensionandotherpostretirementbenefitplansbeforetax": -117000,
        "othercomprehensiveincomelosspensionandotherpostretirementbenefitplansadjustmentbeforetax": -215000,
        "othercomprehensiveincomelosspensionandotherpostretirementbenefitplanstax": -40000,
        "othercomprehensiveincomelosspensionandotherpostretirementbenefitplansadjustmentnetoftax": -175000,
        "othercomprehensiveincomelossnetoftaxportionattributabletoparent": -7763000,
        "comprehensiveincomenetoftax": 94433000
    },
    {
        "date": "2023-12-30",
        "symbol": "WAT",
        "period": "Q4",
        "revenuefromcontractwithcustomerexcludingassessedtax": 29719000,
        "costofgoodsandservicessold": 371294000,
        "sellinggeneralandadministrativeexpense": 180357000,
        "researchanddevelopmentexpense": 44386000,
        "amortizationofacquisitioncosts": 12148000,
        "costsandexpenses": 555251000,
        "operatingincomeloss": 264223000,
        "othernonoperatingincomeexpense": -557000,
        "interestexpense": 30703000,
        "investmentincomeinterest": 4637000,
        "incomelossfromcontinuingoperationsbeforeincometaxesextraordinaryitemsnoncontrollinginterest": 237600000,
        "incometaxexpensebenefit": 43645000,
        "netincomelossavailabletocommonstockholdersbasic": 216205000,
        "earningspersharebasic": 3.6399999999999992,
        "weightedaveragenumberofsharesoutstandingbasic": 59076000,
        "earningspersharediluted": 3.6400000000000006,
        "weightedaveragenumberofdilutedsharesoutstanding": 59270000,
        "othercomprehensiveincomeforeigncurrencytransactionandtranslationgainlossarisingduringperiodnetoftax": 22670000,
        "othercomprehensiveincomelosspensionandotherpostretirementbenefitplansadjustmentbeforereclassificationadjustmentsandtax": 10124000,
        "othercomprehensiveincomelossreclassificationadjustmentfromaocipensionandotherpostretirementbenefitplansbeforetax": 144000,
        "othercomprehensiveincomelosspensionandotherpostretirementbenefitplansadjustmentbeforetax": 9980000,
        "othercomprehensiveincomelosspensionandotherpostretirementbenefitplanstax": 2135000,
        "othercomprehensiveincomelosspensionandotherpostretirementbenefitplansadjustmentnetoftax": 7845000,
        "othercomprehensiveincomelossnetoftaxportionattributabletoparent": 12177000,
        "comprehensiveincomenetoftax": 228382000
    },
    {
        "date": "2023-09-29",
        "symbol": "WAT",
        "period": "Q3",
        "revenuefromcontractwithcustomerexcludingassessedtax": 448081000,
        "costofgoodsandservicessold": 184332000,
        "sellinggeneralandadministrativeexpense": 186748000,
        "researchanddevelopmentexpense": 41995000,
        "amortizationofacquisitioncosts": 12116000,
        "costsandexpenses": 532266000,
        "operatingincomeloss": 179426000,
        "othernonoperatingincomeexpense": 328000,
        "interestexpense": 30442000,
        "investmentincomeinterest": 3883000,
        "incomelossfromcontinuingoperationsbeforeincometaxesextraordinaryitemsnoncontrollinginterest": 153195000,
        "incometaxexpensebenefit": 18643000,
        "netincomelossavailabletocommonstockholdersbasic": 134552000,
        "earningspersharebasic": 2.28,
        "weightedaveragenumberofsharesoutstandingbasic": 59093000,
        "earningspersharediluted": 2.27,
        "weightedaveragenumberofdilutedsharesoutstanding": 59255000,
        "othercomprehensiveincomeforeigncurrencytransactionandtranslationgainlossarisingduringperiodnetoftax": -17676000,
        "othercomprehensiveincomelosscashflowhedgegainlossbeforereclassificationandtax": 603000,
        "othercomprehensiveincomelosscashflowhedgegainlossreclassificationbeforetax": 93000,
        "othercomprehensiveincomelosscashflowhedgegainlossafterreclassificationbeforetax": 510000,
        "othercomprehensiveincomelosscashflowhedgegainlossafterreclassificationtax": 122000,
        "othercomprehensiveincomelosscashflowhedgegainlossafterreclassificationandtax": 388000,
        "othercomprehensiveincomelosspensionandotherpostretirementbenefitplansadjustmentbeforereclassificationadjustmentsandtax": 200000,
        "othercomprehensiveincomelossreclassificationadjustmentfromaocipensionandotherpostretirementbenefitplansbeforetax": -75000,
        "othercomprehensiveincomelosspensionandotherpostretirementbenefitplansadjustmentbeforetax": 275000,
        "othercomprehensiveincomelosspensionandotherpostretirementbenefitplanstax": 66000,
        "othercomprehensiveincomelosspensionandotherpostretirementbenefitplansadjustmentnetoftax": 209000,
        "othercomprehensiveincomelossnetoftaxportionattributabletoparent": -17497000,
        "comprehensiveincomenetoftax": 117055000
    },
    {
        "date": "2023-06-30",
        "symbol": "WAT",
        "period": "Q2",
        "revenuefromcontractwithcustomerexcludingassessedtax": 740576000,
        "costofgoodsandservicessold": 106722000,
        "sellinggeneralandadministrativeexpense": 186953000,
        "researchanddevelopmentexpense": 45873000,
        "amortizationofacquisitioncosts": 6815000,
        "costsandexpenses": 540717000,
        "operatingincomeloss": 199859000,
        "othernonoperatingincomeexpense": -352000,
        "interestexpense": 23272000,
        "investmentincomeinterest": 4040000,
        "incomelossfromcontinuingoperationsbeforeincometaxesextraordinaryitemsnoncontrollinginterest": 180275000,
        "incometaxexpensebenefit": 29721000,
        "netincomelossavailabletocommonstockholdersbasic": 150554000,
        "earningspersharebasic": 2.56,
        "weightedaveragenumberofsharesoutstandingbasic": 58857000,
        "earningspersharediluted": 2.55,
        "weightedaveragenumberofdilutedsharesoutstanding": 59010000,
        "othercomprehensiveincomeforeigncurrencytransactionandtranslationgainlossarisingduringperiodnetoftax": 3984000,
        "othercomprehensiveincomelosspensionandotherpostretirementbenefitplansadjustmentbeforereclassificationadjustmentsandtax": -91000,
        "othercomprehensiveincomelossreclassificationadjustmentfromaocipensionandotherpostretirementbenefitplansbeforetax": -84000,
        "othercomprehensiveincomelosspensionandotherpostretirementbenefitplansadjustmentbeforetax": -7000,
        "othercomprehensiveincomelosspensionandotherpostretirementbenefitplanstax": 5000,
        "othercomprehensiveincomelosspensionandotherpostretirementbenefitplansadjustmentnetoftax": -12000,
        "othercomprehensiveincomelossnetoftaxportionattributabletoparent": 3996000,
        "comprehensiveincomenetoftax": 154550000
    },
    {
        "date": "2023-03-31",
        "symbol": "WAT",
        "period": "Q1",
        "revenuefromcontractwithcustomerexcludingassessedtax": 684674000,
        "costofgoodsandservicessold": 104026000,
        "sellinggeneralandadministrativeexpense": 181956000,
        "researchanddevelopmentexpense": 42691000,
        "amortizationofacquisitioncosts": 1479000,
        "costsandexpenses": 510506000,
        "operatingincomeloss": 174168000,
        "othernonoperatingincomeexpense": 1388000,
        "interestexpense": 14444000,
        "investmentincomeinterest": 4061000,
        "incomelossfromcontinuingoperationsbeforeincometaxesextraordinaryitemsnoncontrollinginterest": 165173000,
        "incometaxexpensebenefit": 2000000,
        "netincomelossavailabletocommonstockholdersbasic": 140923000,
        "earningspersharebasic": 2.39,
        "weightedaveragenumberofsharesoutstandingbasic": 59023000,
        "earningspersharediluted": 2.38,
        "weightedaveragenumberofdilutedsharesoutstanding": 59317000,
        "othercomprehensiveincomeforeigncurrencytransactionandtranslationgainlossarisingduringperiodnetoftax": 8783000,
        "othercomprehensiveincomelosspensionandotherpostretirementbenefitplansadjustmentbeforereclassificationadjustmentsandtax": -80000,
        "othercomprehensiveincomelossreclassificationadjustmentfromaocipensionandotherpostretirementbenefitplansbeforetax": -83000,
        "othercomprehensiveincomelosspensionandotherpostretirementbenefitplansadjustmentbeforetax": 3000,
        "othercomprehensiveincomelosspensionandotherpostretirementbenefitplanstax": -4000,
        "othercomprehensiveincomelosspensionandotherpostretirementbenefitplansadjustmentnetoftax": 7000,
        "othercomprehensiveincomelossnetoftaxportionattributabletoparent": 8776000,
        "comprehensiveincomenetoftax": 149699000
    },
    {
        "date": "2022-12-30",
        "symbol": "WAT",
        "period": "Q4",
        "revenuefromcontractwithcustomerexcludingassessedtax": 858510000,
        "costofgoodsandservicessold": 942074000,
        "sellinggeneralandadministrativeexpense": 174257000,
        "researchanddevelopmentexpense": 48277000,
        "amortizationofacquisitioncosts": 1503000,
        "costsandexpenses": 572227000,
        "operatingincomeloss": 286283000,
        "othernonoperatingincomeexpense": -372000,
        "interestexpense": 13899000,
        "investmentincomeinterest": 3484000,
        "incomelossfromcontinuingoperationsbeforeincometaxesextraordinaryitemsnoncontrollinginterest": 275496000,
        "incometaxexpensebenefit": -74657000,
        "netincomelossavailabletocommonstockholdersbasic": 227062000,
        "earningspersharebasic": 3.8200000000000007,
        "weightedaveragenumberofsharesoutstandingbasic": -215000,
        "earningspersharediluted": 3.790000000000001,
        "weightedaveragenumberofdilutedsharesoutstanding": -190000,
        "othercomprehensiveincomeforeigncurrencytransactionandtranslationgainlossarisingduringperiodnetoftax": 8120000,
        "othercomprehensiveincomelosspensionandotherpostretirementbenefitplansadjustmentbeforereclassificationadjustmentsandtax": -19198000,
        "othercomprehensiveincomelossreclassificationadjustmentfromaocipensionandotherpostretirementbenefitplansbeforetax": 73000,
        "othercomprehensiveincomelosspensionandotherpostretirementbenefitplansadjustmentbeforetax": 23179000,
        "othercomprehensiveincomelosspensionandotherpostretirementbenefitplanstax": -4573000,
        "othercomprehensiveincomelosspensionandotherpostretirementbenefitplansadjustmentnetoftax": -14698000,
        "othercomprehensiveincomelossnetoftaxportionattributabletoparent": 22818000,
        "comprehensiveincomenetoftax": 249880000
    },
    {
        "date": "2022-09-30",
        "symbol": "WAT",
        "period": "Q3",
        "revenuefromcontractwithcustomerexcludingassessedtax": 708555000,
        "costofgoodsandservicessold": 107183000,
        "sellinggeneralandadministrativeexpense": 164417000,
        "researchanddevelopmentexpense": 43435000,
        "amortizationofacquisitioncosts": 1592000,
        "costsandexpenses": 516545000,
        "operatingincomeloss": 192010000,
        "othernonoperatingincomeexpense": 895000,
        "interestexpense": 12420000,
        "investmentincomeinterest": 2896000,
        "incomelossfromcontinuingoperationsbeforeincometaxesextraordinaryitemsnoncontrollinginterest": 183381000,
        "incometaxexpensebenefit": 27383000,
        "netincomelossavailabletocommonstockholdersbasic": 155998000,
        "earningspersharebasic": 2.6,
        "weightedaveragenumberofsharesoutstandingbasic": -199000,
        "earningspersharediluted": 2.5900000000000007,
        "weightedaveragenumberofdilutedsharesoutstanding": -223000,
        "othercomprehensiveincomeforeigncurrencytransactionandtranslationgainlossarisingduringperiodnetoftax": -23779000,
        "othercomprehensiveincomelossavailableforsalesecuritiesadjustmentbeforetax": 0,
        "othercomprehensiveincomelossavailableforsalesecuritiestax": 0,
        "othercomprehensiveincomelossavailableforsalesecuritiesadjustmentnetoftax": 0,
        "othercomprehensiveincomelosspensionandotherpostretirementbenefitplansadjustmentbeforereclassificationadjustmentsandtax": -767000,
        "othercomprehensiveincomelossreclassificationadjustmentfromaocipensionandotherpostretirementbenefitplansbeforetax": 254000,
        "othercomprehensiveincomelosspensionandotherpostretirementbenefitplansadjustmentbeforetax": -1021000,
        "othercomprehensiveincomelosspensionandotherpostretirementbenefitplanstax": -243000,
        "othercomprehensiveincomelosspensionandotherpostretirementbenefitplansadjustmentnetoftax": -778000,
        "othercomprehensiveincomelossnetoftaxportionattributabletoparent": -23001000,
        "comprehensiveincomenetoftax": 132997000
    },
    {
        "date": "2022-07-01",
        "symbol": "WAT",
        "period": "Q2",
        "revenuefromcontractwithcustomerexcludingassessedtax": 714319000,
        "costofgoodsandservicessold": 104850000,
        "sellinggeneralandadministrativeexpense": 161877000,
        "researchanddevelopmentexpense": 44006000,
        "amortizationofacquisitioncosts": 1598000,
        "acquiredinprocessresearchanddevelopment": 0,
        "costsandexpenses": 514687000,
        "operatingincomeloss": 199632000,
        "othernonoperatingincomeexpense": 1535000,
        "interestexpense": 11419000,
        "investmentincomeinterest": 2526000,
        "incomelossfromcontinuingoperationsbeforeincometaxesextraordinaryitemsnoncontrollinginterest": 192274000,
        "incometaxexpensebenefit": 27410000,
        "netincomelossavailabletocommonstockholdersbasic": 164864000,
        "earningspersharebasic": 2.7399999999999998,
        "weightedaveragenumberofsharesoutstandingbasic": -181000,
        "earningspersharediluted": 2.7299999999999995,
        "weightedaveragenumberofdilutedsharesoutstanding": -208000,
        "othercomprehensiveincomeforeigncurrencytransactionandtranslationgainlossarisingduringperiodnetoftax": -24307000,
        "othercomprehensiveincomelossavailableforsalesecuritiesadjustmentbeforetax": 11000,
        "othercomprehensiveincomelossavailableforsalesecuritiestax": 2000,
        "othercomprehensiveincomelossavailableforsalesecuritiesadjustmentnetoftax": 9000,
        "othercomprehensiveincomelosspensionandotherpostretirementbenefitplansadjustmentbeforereclassificationadjustmentsandtax": -720000,
        "othercomprehensiveincomelossreclassificationadjustmentfromaocipensionandotherpostretirementbenefitplansbeforetax": 120000,
        "othercomprehensiveincomelosspensionandotherpostretirementbenefitplansadjustmentbeforetax": -840000,
        "othercomprehensiveincomelosspensionandotherpostretirementbenefitplanstax": -206000,
        "othercomprehensiveincomelosspensionandotherpostretirementbenefitplansadjustmentnetoftax": -634000,
        "othercomprehensiveincomelossnetoftaxportionattributabletoparent": -23664000,
        "comprehensiveincomenetoftax": 141200000
    },
    {
        "date": "2022-04-02",
        "symbol": "WAT",
        "period": "Q1",
        "revenuefromcontractwithcustomerexcludingassessedtax": 450840000,
        "costofgoodsandservicessold": 191610000,
        "sellinggeneralandadministrativeexpense": 157475000,
        "researchanddevelopmentexpense": 40472000,
        "amortizationofacquisitioncosts": 1673000,
        "acquiredinprocessresearchanddevelopment": 9797000,
        "costsandexpenses": 495102000,
        "operatingincomeloss": 195470000,
        "othernonoperatingincomeexpense": 170000,
        "interestexpense": 11059000,
        "investmentincomeinterest": 2114000,
        "incomelossfromcontinuingoperationsbeforeincometaxesextraordinaryitemsnoncontrollinginterest": 186695000,
        "incometaxexpensebenefit": 26864000,
        "netincomelossavailabletocommonstockholdersbasic": 159831000,
        "earningspersharebasic": 2.64,
        "weightedaveragenumberofsharesoutstandingbasic": 60580000,
        "earningspersharediluted": 2.62,
        "weightedaveragenumberofdilutedsharesoutstanding": 60952000,
        "othercomprehensiveincomeforeigncurrencytransactionandtranslationgainlossarisingduringperiodnetoftax": -6169000,
        "othercomprehensiveincomelossavailableforsalesecuritiesadjustmentbeforetax": 15000,
        "othercomprehensiveincomelossavailableforsalesecuritiestax": 4000,
        "othercomprehensiveincomelossavailableforsalesecuritiesadjustmentnetoftax": 11000,
        "othercomprehensiveincomelosspensionandotherpostretirementbenefitplansadjustmentbeforereclassificationadjustmentsandtax": -268000,
        "othercomprehensiveincomelossreclassificationadjustmentfromaocipensionandotherpostretirementbenefitplansbeforetax": 127000,
        "othercomprehensiveincomelosspensionandotherpostretirementbenefitplansadjustmentbeforetax": -395000,
        "othercomprehensiveincomelosspensionandotherpostretirementbenefitplanstax": -97000,
        "othercomprehensiveincomelosspensionandotherpostretirementbenefitplansadjustmentnetoftax": -298000,
        "othercomprehensiveincomelossnetoftaxportionattributabletoparent": -5860000,
        "comprehensiveincomenetoftax": 153971000
    },
    {
        "date": "2021-12-31",
        "symbol": "WAT",
        "period": "Q4",
        "revenuefromcontractwithcustomerexcludingassessedtax": 579960000,
        "costofgoodsandservicessold": 245529000,
        "sellinggeneralandadministrativeexpense": 173014000,
        "researchanddevelopmentexpense": 43331000,
        "amortizationofacquisitioncosts": 1735000,
        "costsandexpenses": 574249000,
        "operatingincomeloss": 262200000,
        "othernonoperatingincomeexpense": -870000,
        "interestexpense": 10884000,
        "investmentincomeinterest": 1874000,
        "incomelossfromcontinuingoperationsbeforeincometaxesextraordinaryitemsnoncontrollinginterest": 252320000,
        "incometaxexpensebenefit": 36081000,
        "netincomelossavailabletocommonstockholdersbasic": 216239000,
        "earningspersharebasic": 3.530000000000001,
        "weightedaveragenumberofsharesoutstandingbasic": -123729000,
        "earningspersharediluted": 3.5100000000000007,
        "weightedaveragenumberofdilutedsharesoutstanding": -124649000,
        "othercomprehensiveincomeforeigncurrencytransactionandtranslationgainlossarisingduringperiodnetoftax": -3159000,
        "othercomprehensiveincomelossavailableforsalesecuritiesadjustmentbeforetax": -28000,
        "othercomprehensiveincomelossavailableforsalesecuritiesadjustmentnetoftax": -22000,
        "othercomprehensiveincomelosspensionandotherpostretirementbenefitplansadjustmentbeforereclassificationadjustmentsandtax": -8651000,
        "othercomprehensiveincomelossreclassificationadjustmentfromaocipensionandotherpostretirementbenefitplansbeforetax": 485000,
        "othercomprehensiveincomelosspensionandotherpostretirementbenefitplansadjustmentbeforetax": -9136000,
        "othercomprehensiveincomelosspensionandotherpostretirementbenefitplanstax": -2206000,
        "othercomprehensiveincomelosspensionandotherpostretirementbenefitplansadjustmentnetoftax": -6930000,
        "othercomprehensiveincomelossnetoftaxportionattributabletoparent": 3749000,
        "comprehensiveincomenetoftax": 219988000
    },
    {
        "date": "2021-10-02",
        "symbol": "WAT",
        "period": "Q3",
        "revenuefromcontractwithcustomerexcludingassessedtax": 419133000,
        "costofgoodsandservicessold": 171364000,
        "sellinggeneralandadministrativeexpense": 152545000,
        "researchanddevelopmentexpense": 41986000,
        "amortizationofacquisitioncosts": 1759000,
        "costsandexpenses": 467418000,
        "operatingincomeloss": 191815000,
        "othernonoperatingincomeexpense": -607000,
        "interestexpense": 11081000,
        "investmentincomeinterest": 2548000,
        "incomelossfromcontinuingoperationsbeforeincometaxesextraordinaryitemsnoncontrollinginterest": 182675000,
        "incometaxexpensebenefit": 21490000,
        "netincomelossavailabletocommonstockholdersbasic": 161185000,
        "earningspersharebasic": 2.63,
        "weightedaveragenumberofsharesoutstandingbasic": 61359000,
        "earningspersharediluted": 2.6,
        "weightedaveragenumberofdilutedsharesoutstanding": 61888000,
        "othercomprehensiveincomeforeigncurrencytransactionandtranslationgainlossarisingduringperiodnetoftax": -4560000,
        "othercomprehensiveincomelossavailableforsalesecuritiesadjustmentbeforetax": 17000,
        "othercomprehensiveincomelossavailableforsalesecuritiesadjustmentnetoftax": 17000,
        "othercomprehensiveincomelosspensionandotherpostretirementbenefitplansadjustmentbeforereclassificationadjustmentsandtax": 103000,
        "othercomprehensiveincomelossreclassificationadjustmentfromaocipensionandotherpostretirementbenefitplansbeforetax": 248000,
        "othercomprehensiveincomelosspensionandotherpostretirementbenefitplansadjustmentbeforetax": -145000,
        "othercomprehensiveincomelosspensionandotherpostretirementbenefitplanstax": -37000,
        "othercomprehensiveincomelosspensionandotherpostretirementbenefitplansadjustmentnetoftax": -108000,
        "othercomprehensiveincomelossnetoftaxportionattributabletoparent": -4435000,
        "comprehensiveincomenetoftax": 156750000
    },
    {
        "date": "2021-07-03",
        "symbol": "WAT",
        "period": "Q2",
        "revenuefromcontractwithcustomerexcludingassessedtax": 440955000,
        "costofgoodsandservicessold": 176745000,
        "sellinggeneralandadministrativeexpense": 158213000,
        "researchanddevelopmentexpense": 44949000,
        "amortizationofacquisitioncosts": 1809000,
        "costsandexpenses": 485225000,
        "operatingincomeloss": 196422000,
        "othernonoperatingincomeexpense": 9321000,
        "interestexpense": 12027000,
        "investmentincomeinterest": 3698000,
        "incomelossfromcontinuingoperationsbeforeincometaxesextraordinaryitemsnoncontrollinginterest": 197414000,
        "incometaxexpensebenefit": 30122000,
        "netincomelossavailabletocommonstockholdersbasic": 167292000,
        "earningspersharebasic": 2.71,
        "weightedaveragenumberofsharesoutstandingbasic": 61685000,
        "earningspersharediluted": 2.69,
        "weightedaveragenumberofdilutedsharesoutstanding": 62157000,
        "othercomprehensiveincomeforeigncurrencytransactionandtranslationgainlossarisingduringperiodnetoftax": -9000,
        "othercomprehensiveincomelossavailableforsalesecuritiesadjustmentbeforetax": -5000,
        "othercomprehensiveincomelossavailableforsalesecuritiesadjustmentnetoftax": -5000,
        "othercomprehensiveincomelosspensionandotherpostretirementbenefitplansadjustmentbeforereclassificationadjustmentsandtax": 260000,
        "othercomprehensiveincomelossreclassificationadjustmentfromaocipensionandotherpostretirementbenefitplansbeforetax": 218000,
        "othercomprehensiveincomelosspensionandotherpostretirementbenefitplansadjustmentbeforetax": 42000,
        "othercomprehensiveincomelosspensionandotherpostretirementbenefitplanstax": 83000,
        "othercomprehensiveincomelosspensionandotherpostretirementbenefitplansadjustmentnetoftax": -41000,
        "othercomprehensiveincomelossnetoftaxportionattributabletoparent": 27000,
        "comprehensiveincomenetoftax": 167319000
    },
    {
        "date": "2021-04-03",
        "symbol": "WAT",
        "period": "Q1",
        "revenuefromcontractwithcustomerexcludingassessedtax": 382022000,
        "costofgoodsandservicessold": 158876000,
        "sellinggeneralandadministrativeexpense": 143196000,
        "researchanddevelopmentexpense": 38092000,
        "amortizationofacquisitioncosts": 1840000,
        "costsandexpenses": 437275000,
        "operatingincomeloss": 171270000,
        "othernonoperatingincomeexpense": 9359000,
        "interestexpense": 10946000,
        "investmentincomeinterest": 4101000,
        "incomelossfromcontinuingoperationsbeforeincometaxesextraordinaryitemsnoncontrollinginterest": 173784000,
        "incometaxexpensebenefit": 25657000,
        "netincomelossavailabletocommonstockholdersbasic": 148127000,
        "earningspersharebasic": 2.38,
        "weightedaveragenumberofsharesoutstandingbasic": 62260000,
        "earningspersharediluted": 2.37,
        "weightedaveragenumberofdilutedsharesoutstanding": 62632000,
        "othercomprehensiveincomeforeigncurrencytransactionandtranslationgainlossarisingduringperiodnetoftax": 5825000,
        "othercomprehensiveincomelossavailableforsalesecuritiesadjustmentbeforetax": -10000,
        "othercomprehensiveincomelossavailableforsalesecuritiesadjustmentnetoftax": -10000,
        "othercomprehensiveincomelosspensionandotherpostretirementbenefitplansadjustmentbeforereclassificationadjustmentsandtax": -1054000,
        "othercomprehensiveincomelossreclassificationadjustmentfromaocipensionandotherpostretirementbenefitplansbeforetax": 216000,
        "othercomprehensiveincomelosspensionandotherpostretirementbenefitplansadjustmentbeforetax": -1270000,
        "othercomprehensiveincomelosspensionandotherpostretirementbenefitplanstax": -348000,
        "othercomprehensiveincomelosspensionandotherpostretirementbenefitplansadjustmentnetoftax": -922000,
        "othercomprehensiveincomelossnetoftaxportionattributabletoparent": 6737000,
        "comprehensiveincomenetoftax": 154864000
    },
    {
        "date": "2020-12-31",
        "symbol": "WAT",
        "period": "Q4",
        "revenuefromcontractwithcustomerexcludingassessedtax": 531991000,
        "costofgoodsandservicessold": 217062000,
        "sellinggeneralandadministrativeexpense": 153084000,
        "researchanddevelopmentexpense": 39662000,
        "amortizationofacquisitioncosts": 2687000,
        "costsandexpenses": 522947000,
        "operatingincomeloss": 263711000,
        "othernonoperatingincomeexpense": 374000,
        "interestexpense": 11058000,
        "investmentincomeinterest": 4224000,
        "incomelossfromcontinuingoperationsbeforeincometaxesextraordinaryitemsnoncontrollinginterest": 257251000,
        "incometaxexpensebenefit": 38940000,
        "netincomelossavailabletocommonstockholdersbasic": 218311000,
        "earningspersharebasic": 3.510000000000001,
        "weightedaveragenumberofsharesoutstandingbasic": 37000,
        "earningspersharediluted": 3.4999999999999996,
        "weightedaveragenumberofdilutedsharesoutstanding": 43000,
        "othercomprehensiveincomeforeigncurrencytransactionandtranslationgainlossarisingduringperiodnetoftax": 13140000,
        "othercomprehensiveincomelosspensionandotherpostretirementbenefitplansadjustmentbeforereclassificationadjustmentsandtax": 5906000,
        "othercomprehensiveincomelossreclassificationadjustmentfromaocipensionandotherpostretirementbenefitplansbeforetax": 361000,
        "othercomprehensiveincomelosspensionandotherpostretirementbenefitplansadjustmentbeforetax": 5545000,
        "othercomprehensiveincomelosspensionandotherpostretirementbenefitplanstax": 1138000,
        "othercomprehensiveincomelosspensionandotherpostretirementbenefitplansadjustmentnetoftax": 4407000,
        "othercomprehensiveincomelossnetoftaxportionattributabletoparent": 8733000,
        "comprehensiveincomenetoftax": 227044000
    },
    {
        "date": "2020-09-26",
        "symbol": "WAT",
        "period": "Q3",
        "revenuefromcontractwithcustomerexcludingassessedtax": 376239000,
        "costofgoodsandservicessold": 166330000,
        "sellinggeneralandadministrativeexpense": 135430000,
        "researchanddevelopmentexpense": 34971000,
        "amortizationofacquisitioncosts": 2657000,
        "gainlossrelatedtolitigationsettlement": 0,
        "costsandexpenses": 435400000,
        "operatingincomeloss": 158384000,
        "othernonoperatingincomeexpense": -1039000,
        "interestexpense": 10915000,
        "investmentincomeinterest": 4007000,
        "incomelossfromcontinuingoperationsbeforeincometaxesextraordinaryitemsnoncontrollinginterest": 150437000,
        "incometaxexpensebenefit": 23668000,
        "netincomelossavailabletocommonstockholdersbasic": 126769000,
        "earningspersharebasic": 2.05,
        "weightedaveragenumberofsharesoutstandingbasic": -62119000,
        "earningspersharediluted": 2.0200000000000005,
        "weightedaveragenumberofdilutedsharesoutstanding": -62439000,
        "othercomprehensiveincomeforeigncurrencytransactionandtranslationgainlossarisingduringperiodnetoftax": 601000,
        "othercomprehensiveincomelosspensionandotherpostretirementbenefitplansadjustmentbeforereclassificationadjustmentsandtax": 654000,
        "othercomprehensiveincomelossreclassificationadjustmentfromaocipensionandotherpostretirementbenefitplansbeforetax": 352000,
        "othercomprehensiveincomelosspensionandotherpostretirementbenefitplansadjustmentbeforetax": 302000,
        "othercomprehensiveincomelosspensionandotherpostretirementbenefitplanstax": -85000,
        "othercomprehensiveincomelosspensionandotherpostretirementbenefitplansadjustmentnetoftax": 387000,
        "othercomprehensiveincomelossnetoftaxportionattributabletoparent": 214000,
        "comprehensiveincomenetoftax": 126983000
    },
    {
        "date": "2020-06-27",
        "symbol": "WAT",
        "period": "Q2",
        "revenuefromcontractwithcustomerexcludingassessedtax": 314920000,
        "costofgoodsandservicessold": 134802000,
        "sellinggeneralandadministrativeexpense": 117449000,
        "researchanddevelopmentexpense": 31155000,
        "amortizationofacquisitioncosts": 2618000,
        "gainlossrelatedtolitigationsettlement": -514000,
        "costsandexpenses": 364870000,
        "operatingincomeloss": 155114000,
        "othernonoperatingincomeexpense": -736000,
        "interestexpense": 13018000,
        "investmentincomeinterest": 4003000,
        "incomelossfromcontinuingoperationsbeforeincometaxesextraordinaryitemsnoncontrollinginterest": 145363000,
        "incometaxexpensebenefit": 22434000,
        "netincomelossavailabletocommonstockholdersbasic": 122929000,
        "earningspersharebasic": 1.98,
        "weightedaveragenumberofsharesoutstandingbasic": 61944000,
        "earningspersharediluted": 1.98,
        "weightedaveragenumberofdilutedsharesoutstanding": 62184000,
        "othercomprehensiveincomeforeigncurrencytransactionandtranslationgainlossarisingduringperiodnetoftax": 11587000,
        "othercomprehensiveincomelosspensionandotherpostretirementbenefitplansadjustmentbeforereclassificationadjustmentsandtax": 522000,
        "othercomprehensiveincomelossreclassificationadjustmentfromaocipensionandotherpostretirementbenefitplansbeforetax": 336000,
        "othercomprehensiveincomelosspensionandotherpostretirementbenefitplansadjustmentbeforetax": 186000,
        "othercomprehensiveincomelosspensionandotherpostretirementbenefitplanstax": 126000,
        "othercomprehensiveincomelosspensionandotherpostretirementbenefitplansadjustmentnetoftax": 60000,
        "othercomprehensiveincomelossnetoftaxportionattributabletoparent": 11527000,
        "comprehensiveincomenetoftax": 134456000
    },
    {
        "date": "2020-03-28",
        "symbol": "WAT",
        "period": "Q1",
        "revenuefromcontractwithcustomerexcludingassessedtax": 274183000,
        "costofgoodsandservicessold": 119839000,
        "sellinggeneralandadministrativeexpense": 147735000,
        "researchanddevelopmentexpense": 34989000,
        "amortizationofacquisitioncosts": 2625000,
        "gainlossrelatedtolitigationsettlement": -666000,
        "costsandexpenses": 396659000,
        "operatingincomeloss": 68280000,
        "othernonoperatingincomeexpense": -374000,
        "interestexpense": 14079000,
        "investmentincomeinterest": 4036000,
        "incomelossfromcontinuingoperationsbeforeincometaxesextraordinaryitemsnoncontrollinginterest": 57863000,
        "incometaxexpensebenefit": 4301000,
        "netincomelossavailabletocommonstockholdersbasic": 53562000,
        "earningspersharebasic": 0.86,
        "weightedaveragenumberofsharesoutstandingbasic": 62232000,
        "earningspersharediluted": 0.86,
        "weightedaveragenumberofdilutedsharesoutstanding": 62626000,
        "othercomprehensiveincomeforeigncurrencytransactionandtranslationgainlossarisingduringperiodnetoftax": -19344000,
        "othercomprehensiveincomelosspensionandotherpostretirementbenefitplansadjustmentbeforereclassificationadjustmentsandtax": -296000,
        "othercomprehensiveincomelossreclassificationadjustmentfromaocipensionandotherpostretirementbenefitplansbeforetax": 340000,
        "othercomprehensiveincomelosspensionandotherpostretirementbenefitplansadjustmentbeforetax": -636000,
        "othercomprehensiveincomelosspensionandotherpostretirementbenefitplanstax": -238000,
        "othercomprehensiveincomelosspensionandotherpostretirementbenefitplansadjustmentnetoftax": -398000,
        "othercomprehensiveincomelossnetoftaxportionattributabletoparent": -18946000,
        "comprehensiveincomenetoftax": 34616000
    },
    {
        "date": "2019-12-31",
        "symbol": "WAT",
        "period": "Q4",
        "revenuefromcontractwithcustomerexcludingassessedtax": 688751000,
        "costofgoodsandservicessold": 247297000,
        "sellinggeneralandadministrativeexpense": 141208000,
        "researchanddevelopmentexpense": 37072000,
        "amortizationofacquisitioncosts": 2529000,
        "costsandexpenses": 479877000,
        "operatingincomeloss": 236417000,
        "othernonoperatingincomeexpense": -2223000,
        "interestexpense": 14223000,
        "investmentincomeinterest": 4417000,
        "incomelossfromcontinuingoperationsbeforeincometaxesextraordinaryitemsnoncontrollinginterest": 224388000,
        "incometaxexpensebenefit": 23719000,
        "netincomelossavailabletocommonstockholdersbasic": 200669000,
        "earningspersharebasic": 3.06,
        "weightedaveragenumberofsharesoutstandingbasic": -139292000,
        "earningspersharediluted": 3.0299999999999994,
        "weightedaveragenumberofdilutedsharesoutstanding": -140511000,
        "othercomprehensiveincomeforeigncurrencytransactionandtranslationgainlossarisingduringperiodnetoftax": 6034000,
        "othercomprehensiveincomelossavailableforsalesecuritiesadjustmentbeforetax": 0,
        "othercomprehensiveincomelossavailableforsalesecuritiestax": -61000,
        "othercomprehensiveincomelossavailableforsalesecuritiesadjustmentnetoftax": 61000,
        "othercomprehensiveincomelosspensionandotherpostretirementbenefitplansadjustmentbeforereclassificationadjustmentsandtax": 9525000,
        "othercomprehensiveincomelossreclassificationadjustmentfromaocipensionandotherpostretirementbenefitplansbeforetax": 1708000,
        "othercomprehensiveincomelosspensionandotherpostretirementbenefitplansadjustmentbeforetax": 7817000,
        "othercomprehensiveincomelosspensionandotherpostretirementbenefitplanstax": 1832000,
        "othercomprehensiveincomelosspensionandotherpostretirementbenefitplansadjustmentnetoftax": 5985000,
        "othercomprehensiveincomelossnetoftaxportionattributabletoparent": 110000,
        "comprehensiveincomenetoftax": 200779000
    },
    {
        "date": "2019-09-28",
        "symbol": "WAT",
        "period": "Q3",
        "revenuefromcontractwithcustomerexcludingassessedtax": 370573000,
        "costofgoodsandservicessold": 149793000,
        "sellinggeneralandadministrativeexpense": 126036000,
        "researchanddevelopmentexpense": 34333000,
        "amortizationofacquisitioncosts": 2619000,
        "costsandexpenses": 404043000,
        "operatingincomeloss": 173235000,
        "othernonoperatingincomeexpense": -496000,
        "interestexpense": 11456000,
        "investmentincomeinterest": 3455000,
        "incomelossfromcontinuingoperationsbeforeincometaxesextraordinaryitemsnoncontrollinginterest": 164738000,
        "incometaxexpensebenefit": 26605000,
        "netincomelossavailabletocommonstockholdersbasic": 138133000,
        "earningspersharebasic": 2.09,
        "weightedaveragenumberofsharesoutstandingbasic": 66226000,
        "earningspersharediluted": 2.07,
        "weightedaveragenumberofdilutedsharesoutstanding": 66768000,
        "othercomprehensiveincomeforeigncurrencytransactionandtranslationgainlossarisingduringperiodnetoftax": -4894000,
        "othercomprehensiveincomelossavailableforsalesecuritiesadjustmentbeforetax": -8000,
        "othercomprehensiveincomelossavailableforsalesecuritiestax": -2000,
        "othercomprehensiveincomelossavailableforsalesecuritiesadjustmentnetoftax": -6000,
        "othercomprehensiveincomelosspensionandotherpostretirementbenefitplansadjustmentbeforereclassificationadjustmentsandtax": -267000,
        "othercomprehensiveincomelossreclassificationadjustmentfromaocipensionandotherpostretirementbenefitplansbeforetax": 88000,
        "othercomprehensiveincomelosspensionandotherpostretirementbenefitplansadjustmentbeforetax": -355000,
        "othercomprehensiveincomelosspensionandotherpostretirementbenefitplanstax": 60000,
        "othercomprehensiveincomelosspensionandotherpostretirementbenefitplansadjustmentnetoftax": -415000,
        "othercomprehensiveincomelossnetoftaxportionattributabletoparent": -4485000,
        "comprehensiveincomenetoftax": 133648000
    },
    {
        "date": "2019-06-29",
        "symbol": "WAT",
        "period": "Q2",
        "revenuefromcontractwithcustomerexcludingassessedtax": 387265000,
        "costofgoodsandservicessold": 156975000,
        "sellinggeneralandadministrativeexpense": 133208000,
        "researchanddevelopmentexpense": 36490000,
        "amortizationofacquisitioncosts": 2264000,
        "costsandexpenses": 421508000,
        "operatingincomeloss": 177654000,
        "othernonoperatingincomeexpense": -342000,
        "interestexpense": 11448000,
        "investmentincomeinterest": 5871000,
        "incomelossfromcontinuingoperationsbeforeincometaxesextraordinaryitemsnoncontrollinginterest": 171735000,
        "incometaxexpensebenefit": 27325000,
        "netincomelossavailabletocommonstockholdersbasic": 144410000,
        "earningspersharebasic": 2.09,
        "weightedaveragenumberofsharesoutstandingbasic": 68989000,
        "earningspersharediluted": 2.08,
        "weightedaveragenumberofdilutedsharesoutstanding": 69494000,
        "othercomprehensiveincomeforeigncurrencytransactionandtranslationgainlossarisingduringperiodnetoftax": -7031000,
        "othercomprehensiveincomelossavailableforsalesecuritiesadjustmentbeforetax": 710000,
        "othercomprehensiveincomelossavailableforsalesecuritiestax": 157000,
        "othercomprehensiveincomelossavailableforsalesecuritiesadjustmentnetoftax": 553000,
        "othercomprehensiveincomelosspensionandotherpostretirementbenefitplansadjustmentbeforereclassificationadjustmentsandtax": 41000,
        "othercomprehensiveincomelossreclassificationadjustmentfromaocipensionandotherpostretirementbenefitplansbeforetax": 90000,
        "othercomprehensiveincomelosspensionandotherpostretirementbenefitplansadjustmentbeforetax": -49000,
        "othercomprehensiveincomelosspensionandotherpostretirementbenefitplanstax": -23000,
        "othercomprehensiveincomelosspensionandotherpostretirementbenefitplansadjustmentnetoftax": -26000,
        "othercomprehensiveincomelossnetoftaxportionattributabletoparent": -6452000,
        "comprehensiveincomenetoftax": 137958000
    },
    {
        "date": "2019-03-29",
        "symbol": "WAT",
        "period": "Q1",
        "revenuefromcontractwithcustomerexcludingassessedtax": 120600000,
        "costofgoodsandservicessold": 88641000,
        "sellinggeneralandadministrativeexpense": 134339000,
        "researchanddevelopmentexpense": 35060000,
        "amortizationofacquisitioncosts": 2281000,
        "costsandexpenses": 392711000,
        "operatingincomeloss": 121151000,
        "othernonoperatingincomeexpense": -525000,
        "interestexpense": 11563000,
        "investmentincomeinterest": 8315000,
        "incomelossfromcontinuingoperationsbeforeincometaxesextraordinaryitemsnoncontrollinginterest": 117378000,
        "incometaxexpensebenefit": 8392000,
        "netincomelossavailabletocommonstockholdersbasic": 108986000,
        "earningspersharebasic": 1.52,
        "weightedaveragenumberofsharesoutstandingbasic": 71704000,
        "earningspersharediluted": 1.51,
        "weightedaveragenumberofdilutedsharesoutstanding": 72415000,
        "othercomprehensiveincomeforeigncurrencytransactionandtranslationgainlossarisingduringperiodnetoftax": 7522000,
        "othercomprehensiveincomelossavailableforsalesecuritiesadjustmentbeforetax": 2344000,
        "othercomprehensiveincomelossavailableforsalesecuritiestax": 547000,
        "othercomprehensiveincomelossavailableforsalesecuritiesadjustmentnetoftax": 1797000,
        "othercomprehensiveincomelosspensionandotherpostretirementbenefitplansadjustmentbeforereclassificationadjustmentsandtax": 61000,
        "othercomprehensiveincomelossreclassificationadjustmentfromaocipensionandotherpostretirementbenefitplansbeforetax": 93000,
        "othercomprehensiveincomelosspensionandotherpostretirementbenefitplansadjustmentbeforetax": -32000,
        "othercomprehensiveincomelosspensionandotherpostretirementbenefitplanstax": -24000,
        "othercomprehensiveincomelosspensionandotherpostretirementbenefitplansadjustmentnetoftax": -8000,
        "othercomprehensiveincomelossnetoftaxportionattributabletoparent": 9327000,
        "comprehensiveincomenetoftax": 118313000
    },
    {
        "date": "2018-12-30",
        "symbol": "WAT",
        "period": "Q4",
        "sellinggeneralandadministrativeexpense": 142853000,
        "researchanddevelopmentexpense": 38106000,
        "amortizationofacquisitioncosts": 2337000,
        "costsandexpenses": 470487000,
        "operatingincomeloss": 244532000,
        "othernonoperatingincomeexpense": -45501000,
        "interestexpense": 11676000,
        "investmentincomeinterest": 10451000,
        "incomelossfromcontinuingoperationsbeforeincometaxesextraordinaryitemsnoncontrollinginterest": 197806000,
        "incometaxexpensebenefit": -68698000,
        "netincomelossavailabletocommonstockholdersbasic": 185152000,
        "earningspersharebasic": 2.45,
        "weightedaveragenumberofsharesoutstandingbasic": -77913000,
        "earningspersharediluted": -5.109999999999999,
        "weightedaveragenumberofdilutedsharesoutstanding": -78559000,
        "othercomprehensiveincomeforeigncurrencytransactionandtranslationgainlossarisingduringperiodnetoftax": -18342000,
        "othercomprehensiveincomelossavailableforsalesecuritiesadjustmentbeforetax": 590000,
        "othercomprehensiveincomelossavailableforsalesecuritiestax": -568000,
        "othercomprehensiveincomelossavailableforsalesecuritiesadjustmentnetoftax": 1158000,
        "othercomprehensiveincomelosspensionandotherpostretirementbenefitplansadjustmentbeforereclassificationadjustmentsandtax": 6829000,
        "othercomprehensiveincomelossreclassificationadjustmentfromaocipensionandotherpostretirementbenefitplansbeforetax": 46072000,
        "othercomprehensiveincomelosspensionandotherpostretirementbenefitplansadjustmentbeforetax": 40450000,
        "othercomprehensiveincomelosspensionandotherpostretirementbenefitplanstax": -14237000,
        "othercomprehensiveincomelosspensionandotherpostretirementbenefitplansadjustmentnetoftax": -25006000
    },
    {
        "date": "2018-09-28",
        "symbol": "WAT",
        "period": "Q3",
        "revenuefromcontractwithcustomerexcludingassessedtax": 454291000,
        "costofgoodsandservicessold": 85314000,
        "sellinggeneralandadministrativeexpense": 126997000,
        "researchanddevelopmentexpense": 35173000,
        "gainlossrelatedtolitigationsettlement": -924000,
        "amortizationofacquisitioncosts": 2114000,
        "costsandexpenses": 406347000,
        "operatingincomeloss": 171674000,
        "othernonoperatingincomeexpense": -811000,
        "interestexpense": 11435000,
        "investmentincomeinterest": 9802000,
        "incomelossfromcontinuingoperationsbeforeincometaxesextraordinaryitemsnoncontrollinginterest": 169230000,
        "incometaxexpensebenefit": 28216000,
        "netincomelossavailabletocommonstockholdersbasic": 141014000,
        "earningspersharebasic": 1.84,
        "weightedaveragenumberofsharesoutstandingbasic": 76575000,
        "earningspersharediluted": 1.83,
        "weightedaveragenumberofdilutedsharesoutstanding": 77136000,
        "othercomprehensiveincomeforeigncurrencytransactionandtranslationgainlossarisingduringperiodnetoftax": 5309000,
        "othercomprehensiveincomelossavailableforsalesecuritiesadjustmentbeforetax": 1631000,
        "othercomprehensiveincomelossavailableforsalesecuritiestax": 382000,
        "othercomprehensiveincomelossavailableforsalesecuritiesadjustmentnetoftax": 1249000,
        "othercomprehensiveincomelosspensionandotherpostretirementbenefitplansadjustmentbeforereclassificationadjustmentsandtax": 177000,
        "othercomprehensiveincomelossreclassificationadjustmentfromaocipensionandotherpostretirementbenefitplansbeforetax": 904000,
        "othercomprehensiveincomelosspensionandotherpostretirementbenefitplansadjustmentbeforetax": -727000,
        "othercomprehensiveincomelosspensionandotherpostretirementbenefitplanstax": -177000,
        "othercomprehensiveincomelosspensionandotherpostretirementbenefitplansadjustmentnetoftax": -550000,
        "othercomprehensiveincomelossnetoftaxportionattributabletoparent": 7108000,
        "comprehensiveincomenetoftax": 148122000
    },
    {
        "date": "2018-06-29",
        "symbol": "WAT",
        "period": "Q2",
        "sellinggeneralandadministrativeexpense": 136645000,
        "researchanddevelopmentexpense": 35644000,
        "gainlossrelatedtolitigationsettlement": 0,
        "amortizationofacquisitioncosts": 1602000,
        "costsandexpenses": 417026000,
        "operatingincomeloss": 179193000,
        "othernonoperatingincomeexpense": -1828000,
        "interestexpense": 11692000,
        "investmentincomeinterest": 8888000,
        "incomelossfromcontinuingoperationsbeforeincometaxesextraordinaryitemsnoncontrollinginterest": 174561000,
        "incometaxexpensebenefit": 18884000,
        "netincomelossavailabletocommonstockholdersbasic": 155677000,
        "earningspersharebasic": 2,
        "weightedaveragenumberofsharesoutstandingbasic": -553000,
        "earningspersharediluted": 1.9900000000000002,
        "weightedaveragenumberofdilutedsharesoutstanding": -674000,
        "othercomprehensiveincomeforeigncurrencytransactionandtranslationgainlossarisingduringperiodnetoftax": -47159000,
        "othercomprehensiveincomelossavailableforsalesecuritiesadjustmentbeforetax": 1453000,
        "othercomprehensiveincomelossavailableforsalesecuritiestax": -164000,
        "othercomprehensiveincomelossavailableforsalesecuritiesadjustmentnetoftax": 1617000,
        "othercomprehensiveincomelosspensionandotherpostretirementbenefitplansadjustmentbeforereclassificationadjustmentsandtax": -669000,
        "othercomprehensiveincomelossreclassificationadjustmentfromaocipensionandotherpostretirementbenefitplansbeforetax": 909000,
        "othercomprehensiveincomelosspensionandotherpostretirementbenefitplansadjustmentbeforetax": -1578000,
        "othercomprehensiveincomelosspensionandotherpostretirementbenefitplanstax": -306000,
        "othercomprehensiveincomelosspensionandotherpostretirementbenefitplansadjustmentnetoftax": -1272000
    },
    {
        "date": "2018-03-30",
        "symbol": "WAT",
        "period": "Q1",
        "salesrevenuegoodsnet": 240407000,
        "salesrevenueservicesnet": 119035000,
        "salesrevenuenet": 411635000,
        "costofgoodssold": 140466000,
        "costofservices": 80955000,
        "sellinggeneralandadministrativeexpense": 130407000,
        "researchanddevelopmentexpense": 34480000,
        "gainlossrelatedtolitigationsettlement": 1672000,
        "amortizationofacquisitioncosts": 1659000,
        "costsandexpenses": 386295000,
        "operatingincomeloss": 144375000,
        "othernonoperatingincomeexpense": 346000,
        "interestexpense": 13838000,
        "investmentincomeinterest": 9666000,
        "incomelossfromcontinuingoperationsbeforeincometaxesextraordinaryitemsnoncontrollinginterest": 140549000,
        "incometaxexpensebenefit": 28598000,
        "netincomelossavailabletocommonstockholdersbasic": 111951000,
        "earningspersharebasic": 1.42,
        "weightedaveragenumberofsharesoutstandingbasic": 78883000,
        "earningspersharediluted": 1.4,
        "weightedaveragenumberofdilutedsharesoutstanding": 79715000,
        "othercomprehensiveincomeforeigncurrencytransactionandtranslationgainlossarisingduringperiodnetoftax": 23913000,
        "othercomprehensiveincomelossavailableforsalesecuritiesadjustmentbeforetax": -2976000,
        "othercomprehensiveincomelossavailableforsalesecuritiestax": -93000,
        "othercomprehensiveincomelossavailableforsalesecuritiesadjustmentnetoftax": -2883000,
        "othercomprehensiveincomelosspensionandotherpostretirementbenefitplansadjustmentbeforereclassificationadjustmentsandtax": 385000,
        "othercomprehensiveincomelossreclassificationadjustmentfromaocipensionandotherpostretirementbenefitplansbeforetax": 907000,
        "othercomprehensiveincomelosspensionandotherpostretirementbenefitplansadjustmentbeforetax": -522000,
        "othercomprehensiveincomelosspensionandotherpostretirementbenefitplanstax": -116000,
        "othercomprehensiveincomelosspensionandotherpostretirementbenefitplansadjustmentnetoftax": -406000,
        "othercomprehensiveincomelossnetoftax": 23913000,
        "comprehensiveincomenetoftaxincludingportionattributabletononcontrollinginterest": 133387000
    },
    {
        "date": "2017-09-29",
        "symbol": "WAT",
        "period": "Q3",
        "salesrevenuegoodsnet": 44240000,
        "salesrevenueservicesnet": 17440000,
        "salesrevenuenet": 565584000,
        "costofgoodssold": 155621000,
        "costofservices": 80271000,
        "sellinggeneralandadministrativeexpense": 135194000,
        "researchanddevelopmentexpense": 33782000,
        "amortizationofacquisitioncosts": 1682000,
        "costsandexpenses": 406550000,
        "operatingincomeloss": 159034000,
        "interestexpense": 14750000,
        "investmentincomeinterest": 9516000,
        "incomelossfromcontinuingoperationsbeforeincometaxesextraordinaryitemsnoncontrollinginterest": 153800000,
        "incometaxexpensebenefit": 17696000,
        "netincomelossavailabletocommonstockholdersbasic": 136104000,
        "earningspersharebasic": 1.6999999999999995,
        "weightedaveragenumberofsharesoutstandingbasic": -121000,
        "earningspersharediluted": 0.03999999999999998,
        "othercomprehensiveincomelossnetoftax": 309000,
        "comprehensiveincomenetoftaxincludingportionattributabletononcontrollinginterest": 163452000,
        "othercomprehensiveincomeforeigncurrencytransactionandtranslationgainlossarisingduringperiodnetoftax": 26827000,
        "othercomprehensiveincomelossavailableforsalesecuritiesadjustmentbeforetax": 318000,
        "othercomprehensiveincomelossavailableforsalesecuritiestax": 9000,
        "othercomprehensiveincomelossavailableforsalesecuritiesadjustmentnetoftax": 309000,
        "othercomprehensiveincomelosspensionandotherpostretirementbenefitplansadjustmentbeforereclassificationadjustmentsandtax": 499000,
        "othercomprehensiveincomelossreclassificationadjustmentfromaocipensionandotherpostretirementbenefitplansbeforetax": 894000,
        "othercomprehensiveincomelosspensionandotherpostretirementbenefitplansadjustmentbeforetax": -395000,
        "othercomprehensiveincomelosspensionandotherpostretirementbenefitplanstax": -183000,
        "othercomprehensiveincomelosspensionandotherpostretirementbenefitplansadjustmentnetoftax": -212000
    },
    {
        "date": "2017-06-30",
        "symbol": "WAT",
        "period": "Q2",
        "salesrevenuegoodsnet": 43466000,
        "salesrevenueservicesnet": 17004000,
        "salesrevenuenet": 558250000,
        "costofgoodssold": 148023000,
        "costofservices": 81604000,
        "sellinggeneralandadministrativeexpense": 130190000,
        "researchanddevelopmentexpense": 32937000,
        "researchanddevelopmentassetacquiredotherthanthroughbusinesscombinationwrittenoff": 0,
        "amortizationofacquisitioncosts": 1693000,
        "costsandexpenses": 404465000,
        "operatingincomeloss": 153785000,
        "interestexpense": 14083000,
        "investmentincomeinterest": 8370000,
        "incomelossfromcontinuingoperationsbeforeincometaxesextraordinaryitemsnoncontrollinginterest": 148072000,
        "incometaxexpensebenefit": 16250000,
        "netincomelossavailabletocommonstockholdersbasic": 131822000,
        "earningspersharebasic": 1.6500000000000001,
        "weightedaveragenumberofsharesoutstandingbasic": -44000,
        "earningspersharediluted": 0.05000000000000002,
        "weightedaveragenumberofdilutedsharesoutstanding": 0,
        "othercomprehensiveincomelossnetoftax": 717000,
        "comprehensiveincomenetoftaxincludingportionattributabletononcontrollinginterest": 170584000,
        "othercomprehensiveincomeforeigncurrencytransactionandtranslationgainlossarisingduringperiodnetoftax": 38241000,
        "othercomprehensiveincomelossavailableforsalesecuritiesadjustmentbeforetax": 794000,
        "othercomprehensiveincomelossavailableforsalesecuritiestax": 77000,
        "othercomprehensiveincomelossavailableforsalesecuritiesadjustmentnetoftax": 717000,
        "othercomprehensiveincomelosspensionandotherpostretirementbenefitplansadjustmentbeforereclassificationadjustmentsandtax": 1075000,
        "othercomprehensiveincomelossreclassificationadjustmentfromaocipensionandotherpostretirementbenefitplansbeforetax": 922000,
        "othercomprehensiveincomelosspensionandotherpostretirementbenefitplansadjustmentbeforetax": 153000,
        "othercomprehensiveincomelosspensionandotherpostretirementbenefitplanstax": -43000,
        "othercomprehensiveincomelosspensionandotherpostretirementbenefitplansadjustmentnetoftax": 196000
    },
    {
        "date": "2017-03-31",
        "symbol": "WAT",
        "period": "Q1",
        "salesrevenuegoodsnet": 38604000,
        "salesrevenueservicesnet": 15939000,
        "salesrevenuenet": 497969000,
        "costofgoodssold": 133156000,
        "costofservices": 77939000,
        "sellinggeneralandadministrativeexpense": 130524000,
        "researchanddevelopmentexpense": 30752000,
        "amortizationofacquisitioncosts": 1729000,
        "researchanddevelopmentassetacquiredotherthanthroughbusinesscombinationwrittenoff": 5000000,
        "costsandexpenses": 379100000,
        "operatingincomeloss": 118869000,
        "interestexpense": 12725000,
        "investmentincomeinterest": 7343000,
        "incomelossfromcontinuingoperationsbeforeincometaxesextraordinaryitemsnoncontrollinginterest": 113487000,
        "incometaxexpensebenefit": 7930000,
        "netincomelossavailabletocommonstockholdersbasic": 105557000,
        "earningspersharebasic": 1.32,
        "weightedaveragenumberofsharesoutstandingbasic": 80073000,
        "earningspersharediluted": 0.09,
        "weightedaveragenumberofdilutedsharesoutstanding": 80769000,
        "othercomprehensiveincomelossnetoftax": 566000,
        "comprehensiveincomenetoftaxincludingportionattributabletononcontrollinginterest": 135300000,
        "othercomprehensiveincomeforeigncurrencytransactionandtranslationgainlossarisingduringperiodnetoftax": 29141000,
        "othercomprehensiveincomelossavailableforsalesecuritiesadjustmentbeforetax": 588000,
        "othercomprehensiveincomelossavailableforsalesecuritiestax": 22000,
        "othercomprehensiveincomelossavailableforsalesecuritiesadjustmentnetoftax": 566000,
        "othercomprehensiveincomelosspensionandotherpostretirementbenefitplansadjustmentbeforereclassificationadjustmentsandtax": 456000,
        "othercomprehensiveincomelossreclassificationadjustmentfromaocipensionandotherpostretirementbenefitplansbeforetax": 836000,
        "othercomprehensiveincomelosspensionandotherpostretirementbenefitplansadjustmentbeforetax": -380000,
        "othercomprehensiveincomelosspensionandotherpostretirementbenefitplanstax": -344000,
        "othercomprehensiveincomelosspensionandotherpostretirementbenefitplansadjustmentnetoftax": -36000
    },
    {
        "date": "2016-07-01",
        "symbol": "WAT",
        "period": "Q2",
        "operatingincomeloss": 151611000,
        "salesrevenuegoodsnet": 40731000,
        "salesrevenueservicesnet": 17098000,
        "salesrevenuenet": 536560000,
        "costofgoodssold": 144814000,
        "costofservices": 75565000,
        "costofgoodsandservicessold": 220379000,
        "grossprofit": 316181000,
        "sellinggeneralandadministrativeexpense": 129581000,
        "researchanddevelopmentexpense": 32578000,
        "amortizationofacquisitioncosts": 2411000,
        "interestexpense": 10983000,
        "investmentincomeinterest": 4827000,
        "incomelossfromcontinuingoperationsbeforeincometaxesextraordinaryitemsnoncontrollinginterest": 145455000,
        "incometaxexpensebenefit": 17238000,
        "netincomelossavailabletocommonstockholdersbasic": 128217000,
        "earningspersharebasic": 1.59,
        "weightedaveragenumberofsharesoutstandingbasic": 80804000,
        "earningspersharediluted": 1.57,
        "weightedaveragenumberofdilutedsharesoutstanding": 81455000,
        "othercomprehensiveincomelossnetoftax": -28982000,
        "comprehensiveincomenetoftaxincludingportionattributabletononcontrollinginterest": 99235000,
        "othercomprehensiveincomeforeigncurrencytransactionandtranslationgainlossarisingduringperiodnetoftax": -31485000,
        "othercomprehensiveincomelossavailableforsalesecuritiesadjustmentbeforetax": 1881000,
        "othercomprehensiveincomelossavailableforsalesecuritiestax": 76000,
        "othercomprehensiveincomelossavailableforsalesecuritiesadjustmentnetoftax": 1805000,
        "othercomprehensiveincomelosspensionandotherpostretirementbenefitplansadjustmentbeforereclassificationadjustmentsandtax": -501000,
        "othercomprehensiveincomelossreclassificationadjustmentfromaocipensionandotherpostretirementbenefitplansbeforetax": 810000,
        "othercomprehensiveincomelosspensionandotherpostretirementbenefitplansadjustmentbeforetax": -1311000,
        "othercomprehensiveincomelosspensionandotherpostretirementbenefitplanstax": -613000,
        "othercomprehensiveincomelosspensionandotherpostretirementbenefitplansadjustmentnetoftax": -698000
    },
    {
        "date": "2016-04-01",
        "symbol": "WAT",
        "period": "Q1",
        "operatingincomeloss": 112662000,
        "salesrevenuegoodsnet": 35178000,
        "salesrevenueservicesnet": 15875000,
        "salesrevenuenet": 475246000,
        "costofgoodssold": 129258000,
        "costofservices": 71893000,
        "costofgoodsandservicessold": 201151000,
        "grossprofit": 274095000,
        "sellinggeneralandadministrativeexpense": 129351000,
        "researchanddevelopmentexpense": 29438000,
        "amortizationofacquisitioncosts": 2644000,
        "interestexpense": 10119000,
        "investmentincomeinterest": 4087000,
        "incomelossfromcontinuingoperationsbeforeincometaxesextraordinaryitemsnoncontrollinginterest": 106630000,
        "incometaxexpensebenefit": 12578000,
        "netincomelossavailabletocommonstockholdersbasic": 94052000,
        "earningspersharebasic": 1.16,
        "weightedaveragenumberofsharesoutstandingbasic": 81275000,
        "earningspersharediluted": 1.15,
        "weightedaveragenumberofdilutedsharesoutstanding": 81974000,
        "othercomprehensiveincomelossnetoftax": 3196000,
        "comprehensiveincomenetoftaxincludingportionattributabletononcontrollinginterest": 112831000,
        "othercomprehensiveincomeforeigncurrencytransactionandtranslationgainlossarisingduringperiodnetoftax": 16051000,
        "othercomprehensiveincomelossavailableforsalesecuritiesadjustmentbeforetax": 3289000,
        "othercomprehensiveincomelossavailableforsalesecuritiestax": 93000,
        "othercomprehensiveincomelossavailableforsalesecuritiesadjustmentnetoftax": 3196000,
        "othercomprehensiveincomelosspensionandotherpostretirementbenefitplansadjustmentbeforereclassificationadjustmentsandtax": 1000000,
        "othercomprehensiveincomelossreclassificationadjustmentfromaocipensionandotherpostretirementbenefitplansbeforetax": 810000,
        "othercomprehensiveincomelosspensionandotherpostretirementbenefitplansadjustmentbeforetax": 190000,
        "othercomprehensiveincomelosspensionandotherpostretirementbenefitplanstax": -278000,
        "othercomprehensiveincomelosspensionandotherpostretirementbenefitplansadjustmentnetoftax": 468000
    },
    {
        "date": "2015-10-02",
        "symbol": "WAT",
        "period": "Q3",
        "operatingincomeloss": 135843000,
        "salesrevenuegoodsnet": 39564000,
        "salesrevenueservicesnet": 15439000,
        "salesrevenuenet": 500578000,
        "costofgoodssold": 138014000,
        "costofservices": 68790000,
        "costofgoodsandservicessold": 206804000,
        "grossprofit": 293774000,
        "sellinggeneralandadministrativeexpense": 124655000,
        "researchanddevelopmentexpense": 30703000,
        "amortizationofacquisitioncosts": 2573000,
        "interestexpense": 9017000,
        "investmentincomeinterest": 2736000,
        "incomelossfromcontinuingoperationsbeforeincometaxesextraordinaryitemsnoncontrollinginterest": 129562000,
        "incometaxexpensebenefit": 13281000,
        "netincomelossavailabletocommonstockholdersbasic": 116281000,
        "earningspersharebasic": 1.42,
        "weightedaveragenumberofsharesoutstandingbasic": 82036000,
        "earningspersharediluted": 1.4,
        "weightedaveragenumberofdilutedsharesoutstanding": 82784000,
        "othercomprehensiveincomeforeigncurrencytransactionandtranslationgainlossarisingduringperiodnetoftax": -10931000,
        "othercomprehensiveincomelossavailableforsalesecuritiesadjustmentbeforetax": 1814000,
        "othercomprehensiveincomelossavailableforsalesecuritiestax": 68000,
        "othercomprehensiveincomelossavailableforsalesecuritiesadjustmentnetoftax": 1746000,
        "othercomprehensiveincomelosspensionandotherpostretirementbenefitplansadjustmentbeforereclassificationadjustmentsandtax": 511000,
        "othercomprehensiveincomelossreclassificationadjustmentfromaocipensionandotherpostretirementbenefitplansbeforetax": 1478000,
        "othercomprehensiveincomelosspensionandotherpostretirementbenefitplansadjustmentbeforetax": -967000,
        "othercomprehensiveincomelosspensionandotherpostretirementbenefitplanstax": -325000,
        "othercomprehensiveincomelosspensionandotherpostretirementbenefitplansadjustmentnetoftax": -642000,
        "othercomprehensiveincomelossnetoftax": -8543000,
        "comprehensiveincomenetoftaxincludingportionattributabletononcontrollinginterest": 107738000
    },
    {
        "date": "2015-07-03",
        "symbol": "WAT",
        "period": "Q2",
        "operatingincomeloss": 130318000,
        "salesrevenuegoodsnet": 36721000,
        "salesrevenueservicesnet": 15787000,
        "salesrevenuenet": 494740000,
        "costofgoodssold": 138201000,
        "costofservices": 70506000,
        "costofgoodsandservicessold": 208707000,
        "grossprofit": 286033000,
        "sellinggeneralandadministrativeexpense": 122660000,
        "researchanddevelopmentexpense": 30555000,
        "amortizationofacquisitioncosts": 2500000,
        "interestexpense": 9046000,
        "investmentincomeinterest": 2500000,
        "incomelossfromcontinuingoperationsbeforeincometaxesextraordinaryitemsnoncontrollinginterest": 123772000,
        "incometaxexpensebenefit": 18115000,
        "netincomelossavailabletocommonstockholdersbasic": 105657000,
        "earningspersharebasic": 1.28,
        "weightedaveragenumberofsharesoutstandingbasic": 82564000,
        "earningspersharediluted": 1.27,
        "weightedaveragenumberofdilutedsharesoutstanding": 83332000,
        "othercomprehensiveincomeforeigncurrencytransactionandtranslationgainlossarisingduringperiodnetoftax": 21957000,
        "othercomprehensiveincomelossavailableforsalesecuritiesadjustmentbeforetax": -2184000,
        "othercomprehensiveincomelossavailableforsalesecuritiestax": -87000,
        "othercomprehensiveincomelossavailableforsalesecuritiesadjustmentnetoftax": -2097000,
        "othercomprehensiveincomelosspensionandotherpostretirementbenefitplansadjustmentbeforereclassificationadjustmentsandtax": 555000,
        "othercomprehensiveincomelossreclassificationadjustmentfromaocipensionandotherpostretirementbenefitplansbeforetax": 921000,
        "othercomprehensiveincomelosspensionandotherpostretirementbenefitplansadjustmentbeforetax": -366000,
        "othercomprehensiveincomelosspensionandotherpostretirementbenefitplanstax": -123000,
        "othercomprehensiveincomelosspensionandotherpostretirementbenefitplansadjustmentnetoftax": -243000,
        "othercomprehensiveincomelossnetoftax": 20103000,
        "comprehensiveincomenetoftaxincludingportionattributabletononcontrollinginterest": 125760000
    },
    {
        "date": "2015-04-03",
        "symbol": "WAT",
        "period": "Q1",
        "operatingincomeloss": 119982000,
        "salesrevenuegoodsnet": 36186000,
        "salesrevenueservicesnet": 14550000,
        "salesrevenuenet": 460404000,
        "costofgoodssold": 121953000,
        "costofservices": 67293000,
        "costofgoodsandservicessold": 189246000,
        "grossprofit": 271158000,
        "sellinggeneralandadministrativeexpense": 119751000,
        "researchanddevelopmentexpense": 28951000,
        "amortizationofacquisitioncosts": 2474000,
        "interestexpense": 8975000,
        "investmentincomeinterest": 2340000,
        "incomelossfromcontinuingoperationsbeforeincometaxesextraordinaryitemsnoncontrollinginterest": 113347000,
        "incometaxexpensebenefit": 17286000,
        "netincomelossavailabletocommonstockholdersbasic": 96061000,
        "earningspersharebasic": 1.16,
        "weightedaveragenumberofsharesoutstandingbasic": 83025000,
        "earningspersharediluted": 1.15,
        "weightedaveragenumberofdilutedsharesoutstanding": 83752000,
        "othercomprehensiveincomeforeigncurrencytransactionandtranslationgainlossarisingduringperiodnetoftax": -64348000,
        "othercomprehensiveincomelossavailableforsalesecuritiesadjustmentbeforetax": 2767000,
        "othercomprehensiveincomelossavailableforsalesecuritiestax": 116000,
        "othercomprehensiveincomelossavailableforsalesecuritiesadjustmentnetoftax": 2651000,
        "othercomprehensiveincomelosspensionandotherpostretirementbenefitplansadjustmentbeforereclassificationadjustmentsandtax": -2136000,
        "othercomprehensiveincomelossreclassificationadjustmentfromaocipensionandotherpostretirementbenefitplansbeforetax": 921000,
        "othercomprehensiveincomelosspensionandotherpostretirementbenefitplansadjustmentbeforetax": -3057000,
        "othercomprehensiveincomelosspensionandotherpostretirementbenefitplanstax": -1031000,
        "othercomprehensiveincomelosspensionandotherpostretirementbenefitplansadjustmentnetoftax": -2026000,
        "othercomprehensiveincomelossnetoftax": -59671000,
        "comprehensiveincomenetoftaxincludingportionattributabletononcontrollinginterest": 36390000
    },
    {
        "date": "2014-09-26",
        "symbol": "WAT",
        "period": "Q3",
        "operatingincomeloss": 138713000,
        "salesrevenuegoodsnet": 40190000,
        "salesrevenueservicesnet": 15962000,
        "salesrevenuenet": 493165000,
        "costofgoodssold": 133868000,
        "costofservices": 68354000,
        "costofgoodsandservicessold": 202222000,
        "grossprofit": 290943000,
        "sellinggeneralandadministrativeexpense": 122226000,
        "researchanddevelopmentexpense": 27279000,
        "purchasedintangiblesamortization": 2725000,
        "interestexpense": 9062000,
        "investmentincomeinterest": 1762000,
        "incometaxexpensebenefit": 17916000,
        "incomelossfromcontinuingoperationsperbasicshare": 1.3499999999999996,
        "weightedaveragenumberofsharesoutstandingbasic": -356000,
        "incomelossfromcontinuingoperationsperdilutedshare": 1.3400000000000003,
        "weightedaveragenumberofdilutedsharesoutstanding": -376000,
        "othercomprehensiveincomeforeigncurrencytransactionandtranslationgainlossarisingduringperiodnetoftax": -48671000,
        "othercomprehensiveincomeunrealizedholdinggainlossonsecuritiesarisingduringperiodbeforetax": -645000,
        "othercomprehensiveincomeunrealizedholdinggainlossonsecuritiesarisingduringperiodtax": -42000,
        "othercomprehensiveincomeunrealizedholdinggainlossonsecuritiesarisingduringperiodnetoftax": -603000,
        "othercomprehensiveincomelossreclassificationadjustmentfromaocipensionandotherpostretirementbenefitplansbeforetax": 516000,
        "othercomprehensiveincomelosspensionandotherpostretirementbenefitplansadjustmentbeforetax": -516000,
        "othercomprehensiveincomelosspensionandotherpostretirementbenefitplanstax": -400000,
        "othercomprehensiveincomelosspensionandotherpostretirementbenefitplansadjustmentnetoftax": -116000,
        "othercomprehensiveincomelossnetoftax": -49158000,
        "comprehensiveincomenetoftaxincludingportionattributabletononcontrollinginterest": 64339000
    },
    {
        "date": "2014-06-27",
        "symbol": "WAT",
        "period": "Q2",
        "operatingincomeloss": 118395000,
        "salesrevenuegoodsnet": 38504000,
        "salesrevenueservicesnet": 15461000,
        "salesrevenuenet": 481801000,
        "costofgoodssold": 131303000,
        "costofservices": 70550000,
        "costofgoodsandservicessold": 201853000,
        "grossprofit": 279948000,
        "sellinggeneralandadministrativeexpense": 131930000,
        "researchanddevelopmentexpense": 26977000,
        "purchasedintangiblesamortization": 2646000,
        "interestexpense": 7971000,
        "investmentincomeinterest": 1700000,
        "incometaxexpensebenefit": 15595000,
        "incomelossfromcontinuingoperationsperbasicshare": 1.1400000000000001,
        "weightedaveragenumberofsharesoutstandingbasic": -246000,
        "incomelossfromcontinuingoperationsperdilutedshare": 1.13,
        "weightedaveragenumberofdilutedsharesoutstanding": -335000,
        "othercomprehensiveincomeforeigncurrencytransactionandtranslationgainlossarisingduringperiodnetoftax": 5883000,
        "othercomprehensiveincomeunrealizedholdinggainlossonsecuritiesarisingduringperiodbeforetax": 594000,
        "othercomprehensiveincomeunrealizedholdinggainlossonsecuritiesarisingduringperiodtax": 33000,
        "othercomprehensiveincomeunrealizedholdinggainlossonsecuritiesarisingduringperiodnetoftax": 561000,
        "othercomprehensiveincomelosspensionandotherpostretirementbenefitplansadjustmentbeforereclassificationadjustmentsandtax": 0,
        "othercomprehensiveincomelossreclassificationadjustmentfromaocipensionandotherpostretirementbenefitplansbeforetax": 516000,
        "othercomprehensiveincomelosspensionandotherpostretirementbenefitplansadjustmentbeforetax": -516000,
        "othercomprehensiveincomelosspensionandotherpostretirementbenefitplanstax": -335000,
        "othercomprehensiveincomelosspensionandotherpostretirementbenefitplansadjustmentnetoftax": -181000,
        "othercomprehensiveincomelossnetoftax": 6625000,
        "comprehensiveincomenetoftaxincludingportionattributabletononcontrollinginterest": 103154000
    },
    {
        "date": "2014-03-28",
        "symbol": "WAT",
        "period": "Q1",
        "operatingincomeloss": 88761000,
        "salesrevenueservicesnet": 13671000,
        "salesrevenuenet": 430508000,
        "salesrevenuegoodsnet": 33228000,
        "costofgoodssold": 122475000,
        "costofservices": 65244000,
        "costofgoodsandservicessold": 187719000,
        "grossprofit": 242789000,
        "sellinggeneralandadministrativeexpense": 126635000,
        "researchanddevelopmentexpense": 24746000,
        "purchasedintangiblesamortization": 2647000,
        "interestexpense": 7489000,
        "investmentincomeinterest": 1458000,
        "incomelossfromcontinuingoperationsbeforeincometaxesminorityinterestandincomelossfromequitymethodinvestments": 82730000,
        "incometaxexpensebenefit": 12428000,
        "incomelossfromcontinuingoperationsincludingportionattributabletononcontrollinginterest": 70302000,
        "incomelossfromcontinuingoperationsperbasicshare": 0.83,
        "weightedaveragenumberofsharesoutstandingbasic": 84977000,
        "incomelossfromcontinuingoperationsperdilutedshare": 0.82,
        "weightedaveragenumberofdilutedsharesoutstanding": 85873000,
        "othercomprehensiveincomeforeigncurrencytransactionandtranslationgainlossarisingduringperiodnetoftax": 26717000,
        "othercomprehensiveincomeunrealizedholdinggainlossonsecuritiesarisingduringperiodbeforetax": 142000,
        "othercomprehensiveincomeunrealizedholdinggainlossonsecuritiesarisingduringperiodtax": -2000,
        "othercomprehensiveincomeunrealizedholdinggainlossonsecuritiesarisingduringperiodnetoftax": 144000,
        "othercomprehensiveincomelosspensionandotherpostretirementbenefitplansadjustmentbeforereclassificationadjustmentsandtax": 931000,
        "othercomprehensiveincomelossreclassificationadjustmentfromaocipensionandotherpostretirementbenefitplansbeforetax": 516000,
        "othercomprehensiveincomelosspensionandotherpostretirementbenefitplansadjustmentbeforetax": 415000,
        "othercomprehensiveincomelosspensionandotherpostretirementbenefitplanstax": 132000,
        "othercomprehensiveincomelosspensionandotherpostretirementbenefitplansadjustmentnetoftax": 283000,
        "othercomprehensiveincomelossnetoftax": 26578000,
        "comprehensiveincomenetoftaxincludingportionattributabletononcontrollinginterest": 96880000
    },
    {
        "date": "2013-09-27",
        "symbol": "WAT",
        "period": "Q3",
        "operatingincomeloss": 119069000,
        "salesrevenueservicesnet": 14066000,
        "salesrevenuenet": 457317000,
        "salesrevenuegoodsnet": 40541000,
        "costofgoodssold": 128374000,
        "costofservices": 63194000,
        "costofgoodsandservicessold": 191568000,
        "grossprofit": 265749000,
        "sellinggeneralandadministrativeexpense": 120563000,
        "researchanddevelopmentexpense": 23599000,
        "purchasedintangiblesamortization": 2518000,
        "interestexpense": 7358000,
        "investmentincomeinterest": 946000,
        "incomelossfromcontinuingoperationsbeforeincometaxesminorityinterestandincomelossfromequitymethodinvestments": 112657000,
        "incometaxexpensebenefit": 14609000,
        "incomelossfromcontinuingoperationsincludingportionattributabletononcontrollinginterest": 98048000,
        "incomelossfromcontinuingoperationsperbasicshare": 1.1500000000000001,
        "weightedaveragenumberofsharesoutstandingbasic": -85966000,
        "incomelossfromcontinuingoperationsperdilutedshare": 1.1400000000000003,
        "weightedaveragenumberofdilutedsharesoutstanding": -87072000,
        "othercomprehensiveincomeforeigncurrencytransactionandtranslationgainlossarisingduringperiodnetoftax": 27349000,
        "othercomprehensiveincomelossavailableforsalesecuritiesadjustmentbeforereclassificationadjustmentsandtax": 532000,
        "othercomprehensiveincomeunrealizedholdinggainlossonsecuritiesarisingduringperiodbeforetax": 532000,
        "othercomprehensiveincomeunrealizedholdinggainlossonsecuritiesarisingduringperiodtax": 85000,
        "othercomprehensiveincomeunrealizedholdinggainlossonsecuritiesarisingduringperiodnetoftax": 447000,
        "comprehensiveincomenetoftaxincludingportionattributabletononcontrollinginterest": 126468000
    },
    {
        "date": "2013-06-28",
        "symbol": "WAT",
        "period": "Q2",
        "operatingincomeloss": 112692000,
        "salesrevenueservicesnet": 13648000,
        "salesrevenuenet": 451115000,
        "salesrevenuegoodsnet": 35289000,
        "costofgoodssold": 123704000,
        "costofservices": 64625000,
        "costofgoodsandservicessold": 188329000,
        "grossprofit": 262786000,
        "sellinggeneralandadministrativeexpense": 123062000,
        "researchanddevelopmentexpense": 24650000,
        "purchasedintangiblesamortization": 2382000,
        "gainlossoninvestments": -1575000,
        "interestexpense": 7580000,
        "investmentincomeinterest": 1179000,
        "incomelossfromcontinuingoperationsbeforeincometaxesminorityinterestandincomelossfromequitymethodinvestments": 104716000,
        "incometaxexpensebenefit": 15402000,
        "incomelossfromcontinuingoperationsincludingportionattributabletononcontrollinginterest": 89314000,
        "incomelossfromcontinuingoperationsperbasicshare": 1.04,
        "weightedaveragenumberofsharesoutstandingbasic": 85482000,
        "incomelossfromcontinuingoperationsperdilutedshare": 1.03,
        "weightedaveragenumberofdilutedsharesoutstanding": 86576000,
        "othercomprehensiveincomeforeigncurrencytransactionandtranslationgainlossarisingduringperiodnetoftax": -765000,
        "othercomprehensiveincomelossavailableforsalesecuritiesadjustmentbeforereclassificationadjustmentsandtax": 203000,
        "othercomprehensiveincomelossreclassificationadjustmentfromaociforwritedownofsecuritiesbeforetax": 1576000,
        "othercomprehensiveincomeunrealizedholdinggainlossonsecuritiesarisingduringperiodbeforetax": 1779000,
        "othercomprehensiveincomeunrealizedholdinggainlossonsecuritiesarisingduringperiodtax": 550000,
        "othercomprehensiveincomeunrealizedholdinggainlossonsecuritiesarisingduringperiodnetoftax": 1229000,
        "othercomprehensiveincomelossreclassificationadjustmentfromaocipensionandotherpostretirementbenefitplansbeforetax": -973000,
        "othercomprehensiveincomelosspensionandotherpostretirementbenefitplansadjustmentbeforetax": -973000,
        "othercomprehensiveincomelosspensionandotherpostretirementbenefitplanstax": -360000,
        "othercomprehensiveincomelosspensionandotherpostretirementbenefitplansadjustmentnetoftax": -613000,
        "othercomprehensiveincomelossnetoftax": 1077000,
        "comprehensiveincomenetoftaxincludingportionattributabletononcontrollinginterest": 90391000
    },
    {
        "date": "2013-03-29",
        "symbol": "WAT",
        "period": "Q1",
        "salesrevenuegoodsnet": 36057000,
        "salesrevenueservicesnet": 12856000,
        "salesrevenuenet": 430338000,
        "costofgoodssold": 113752000,
        "costofservices": 60816000,
        "costofgoodsandservicessold": 174568000,
        "grossprofit": 255770000,
        "sellinggeneralandadministrativeexpense": 118660000,
        "researchanddevelopmentexpense": 25312000,
        "purchasedintangiblesamortization": 2393000,
        "operatingincomeloss": 109405000,
        "interestexpense": 7185000,
        "investmentincomeinterest": 1187000,
        "incomelossfromcontinuingoperationsbeforeincometaxesminorityinterestandincomelossfromequitymethodinvestments": 103407000,
        "incometaxexpensebenefit": -17652000,
        "incomelossfromcontinuingoperationsincludingportionattributabletononcontrollinginterest": 121059000,
        "incomelossfromcontinuingoperationsperbasicshare": 1.41,
        "weightedaveragenumberofsharesoutstandingbasic": 86049000,
        "incomelossfromcontinuingoperationsperdilutedshare": 1.39,
        "weightedaveragenumberofdilutedsharesoutstanding": 87215000,
        "othercomprehensiveincomeforeigncurrencytransactionandtranslationgainlossarisingduringperiodnetoftax": -28713000,
        "othercomprehensiveincomelossavailableforsalesecuritiesadjustmentbeforereclassificationadjustmentsandtax": -58000,
        "othercomprehensiveincomeunrealizedholdinggainlossonsecuritiesarisingduringperiodbeforetax": -58000,
        "othercomprehensiveincomeunrealizedholdinggainlossonsecuritiesarisingduringperiodtax": -15000,
        "othercomprehensiveincomeunrealizedholdinggainlossonsecuritiesarisingduringperiodnetoftax": -43000,
        "othercomprehensiveincomereclassificationofdefinedbenefitplansnetgainlossrecognizedinnetperiodicbenefitcostbeforetax": 762000,
        "othercomprehensiveincomedefinedbenefitplansadjustmentbeforetaxperiodincreasedecrease": 762000,
        "othercomprehensiveincomedefinedbenefitplanstax": 282000,
        "othercomprehensiveincomedefinedbenefitplansadjustmentnetoftaxperiodincreasedecrease": 480000,
        "othercomprehensiveincomelossnetoftaxperiodincreasedecrease": -28276000,
        "comprehensiveincomenetoftaxincludingportionattributabletononcontrollinginterest": 92783000
    },
    {
        "date": "2012-09-28",
        "symbol": "WAT",
        "period": "Q3",
        "salesrevenuegoodsnet": 35184000,
        "salesrevenueservicesnet": 12695000,
        "salesrevenuenet": 449952000,
        "costofgoodssold": 122861000,
        "costofservices": 59841000,
        "costofgoodsandservicessold": 182702000,
        "grossprofit": 267250000,
        "sellinggeneralandadministrativeexpense": 115322000,
        "researchanddevelopmentexpense": 23756000,
        "purchasedintangiblesamortization": 6427000,
        "operatingincomeloss": 121745000,
        "interestexpense": 7107000,
        "investmentincomeinterest": 1184000,
        "incomelossfromcontinuingoperationsbeforeincometaxesminorityinterestandincomelossfromequitymethodinvestments": 115822000,
        "incometaxexpensebenefit": 16713000,
        "incomelossfromcontinuingoperationsincludingportionattributabletononcontrollinginterest": 99109000,
        "incomelossfromcontinuingoperationsperbasicshare": 1.13,
        "weightedaveragenumberofsharesoutstandingbasic": -89075000,
        "incomelossfromcontinuingoperationsperdilutedshare": 1.1199999999999997,
        "weightedaveragenumberofdilutedsharesoutstanding": -90283000,
        "othercomprehensiveincomeforeigncurrencytransactionandtranslationgainlossarisingduringperiodnetoftax": 23936000,
        "othercomprehensiveincomeunrealizedholdinggainlossonsecuritiesarisingduringperiodbeforetax": -5000,
        "othercomprehensiveincomeunrealizedholdinggainlossonsecuritiesarisingduringperiodtax": -1000,
        "othercomprehensiveincomeunrealizedholdinggainlossonsecuritiesarisingduringperiodnetoftax": -4000,
        "othercomprehensiveincomedefinedbenefitplansadjustmentbeforetaxperiodincreasedecrease": 254000,
        "othercomprehensiveincomedefinedbenefitplansadjustmentnetoftaxperiodincreasedecrease": 165000,
        "othercomprehensiveincomelossnetoftaxperiodincreasedecrease": 24097000,
        "comprehensiveincomenetoftaxincludingportionattributabletononcontrollinginterest": 123206000
    },
    {
        "date": "2012-06-29",
        "symbol": "WAT",
        "period": "Q2",
        "salesrevenuegoodsnet": 37994000,
        "salesrevenueservicesnet": 12980000,
        "salesrevenuenet": 451465000,
        "costofgoodssold": 120321000,
        "costofservices": 58938000,
        "costofgoodsandservicessold": 179259000,
        "grossprofit": 272206000,
        "sellinggeneralandadministrativeexpense": 122682000,
        "researchanddevelopmentexpense": 23943000,
        "purchasedintangiblesamortization": 2458000,
        "gainlossrelatedtolitigationsettlement": -3000000,
        "operatingincomeloss": 120123000,
        "interestexpense": 6878000,
        "investmentincomeinterest": 1031000,
        "incomelossfromcontinuingoperationsbeforeincometaxesminorityinterestandincomelossfromequitymethodinvestments": 114276000,
        "incometaxexpensebenefit": 16552000,
        "incomelossfromcontinuingoperationsincludingportionattributabletononcontrollinginterest": 97724000,
        "incomelossfromcontinuingoperationsperbasicshare": 1.11,
        "weightedaveragenumberofsharesoutstandingbasic": 88317000,
        "incomelossfromcontinuingoperationsperdilutedshare": 1.09,
        "weightedaveragenumberofdilutedsharesoutstanding": 89381000,
        "othercomprehensiveincomeforeigncurrencytransactionandtranslationgainlossarisingduringperiodnetoftax": -31352000,
        "othercomprehensiveincomeunrealizedholdinggainlossonsecuritiesarisingduringperiodbeforetax": -37000,
        "othercomprehensiveincomeunrealizedholdinggainlossonsecuritiesarisingduringperiodtax": -12000,
        "othercomprehensiveincomeunrealizedholdinggainlossonsecuritiesarisingduringperiodnetoftax": -25000,
        "othercomprehensiveincomedefinedbenefitplansadjustmentbeforetaxperiodincreasedecrease": 1114000,
        "othercomprehensiveincomedefinedbenefitplanstax": 390000,
        "othercomprehensiveincomedefinedbenefitplansadjustmentnetoftaxperiodincreasedecrease": 724000,
        "othercomprehensiveincomelossnetoftaxperiodincreasedecrease": -30653000,
        "comprehensiveincomenetoftaxincludingportionattributabletononcontrollinginterest": 67071000
    },
    {
        "date": "2012-03-30",
        "symbol": "WAT",
        "period": "Q1",
        "salesrevenuegoodsnet": 34900000,
        "salesrevenueservicesnet": 12307000,
        "salesrevenuenet": 420458000,
        "costofgoodssold": 109712000,
        "costofservices": 57578000,
        "costofgoodsandservicessold": 167290000,
        "grossprofit": 253168000,
        "sellinggeneralandadministrativeexpense": 117119000,
        "researchanddevelopmentexpense": 23347000,
        "purchasedintangiblesamortization": 2485000,
        "operatingincomeloss": 110217000,
        "interestexpense": 6491000,
        "investmentincomeinterest": 769000,
        "incomelossfromcontinuingoperationsbeforeincometaxesminorityinterestandincomelossfromequitymethodinvestments": 104495000,
        "incometaxexpensebenefit": 15829000,
        "incomelossfromcontinuingoperationsincludingportionattributabletononcontrollinginterest": 88666000,
        "incomelossfromcontinuingoperationsperbasicshare": 1,
        "weightedaveragenumberofsharesoutstandingbasic": 88992000,
        "incomelossfromcontinuingoperationsperdilutedshare": 0.98,
        "weightedaveragenumberofdilutedsharesoutstanding": 90269000,
        "othercomprehensiveincomeforeigncurrencytransactionandtranslationgainlossarisingduringperiodnetoftax": 17227000,
        "othercomprehensiveincomeunrealizedholdinggainlossonsecuritiesarisingduringperiodbeforetax": -968000,
        "othercomprehensiveincomeunrealizedholdinggainlossonsecuritiesarisingduringperiodtax": -338000,
        "othercomprehensiveincomeunrealizedholdinggainlossonsecuritiesarisingduringperiodnetoftax": -630000,
        "othercomprehensiveincomedefinedbenefitplansadjustmentbeforetaxperiodincreasedecrease": -5717000,
        "othercomprehensiveincomedefinedbenefitplansadjustmenttax": -2239000,
        "othercomprehensiveincomedefinedbenefitplansadjustmentnetoftaxperiodincreasedecrease": -3478000,
        "othercomprehensiveincomelossnetoftaxperiodincreasedecrease": 13119000,
        "comprehensiveincomenetoftaxincludingportionattributabletononcontrollinginterest": 101785000
    },
    {
        "date": "2011-09-30",
        "symbol": "WAT",
        "period": "Q3",
        "salesrevenuegoodsnet": 36580000,
        "salesrevenueservicesnet": 11941000,
        "salesrevenuenet": 454534000,
        "costofgoodssold": 124228000,
        "costofservices": 56090000,
        "costofgoodsandservicessold": 180318000,
        "grossprofit": 274216000,
        "sellinggeneralandadministrativeexpense": 121211000,
        "researchanddevelopmentexpense": 23372000,
        "purchasedintangiblesamortization": 2369000,
        "operatingincomeloss": 127264000,
        "interestexpense": 6159000,
        "investmentincomeinterest": 613000,
        "incomelossfromcontinuingoperationsbeforeincometaxesminorityinterestandincomelossfromequitymethodinvestments": 121718000,
        "incometaxexpensebenefit": 20461000,
        "incomelossfromcontinuingoperationsincludingportionattributabletononcontrollinginterest": 101257000,
        "incomelossfromcontinuingoperationsperbasicshare": 1.12,
        "weightedaveragenumberofsharesoutstandingbasic": 90688000,
        "incomelossfromcontinuingoperationsperdilutedshare": 1.1,
        "weightedaveragenumberofdilutedsharesoutstanding": 92060000
    },
    {
        "date": "2011-07-01",
        "symbol": "WAT",
        "period": "Q2",
        "salesrevenueservicesnet": 11606000,
        "salesrevenuenet": 447627000,
        "salesrevenuegoodsnet": 35430000,
        "costofgoodssold": 121280000,
        "costofservices": 54823000,
        "costofgoodsandservicessold": 176103000,
        "grossprofit": 271524000,
        "sellinggeneralandadministrativeexpense": 125439000,
        "researchanddevelopmentexpense": 23014000,
        "purchasedintangiblesamortization": 2504000,
        "operatingincomeloss": 120567000,
        "interestexpense": 5052000,
        "investmentincomeinterest": 813000,
        "incomelossfromcontinuingoperationsbeforeincometaxesminorityinterestandincomelossfromequitymethodinvestments": 116328000,
        "incometaxexpensebenefit": 16253000,
        "incomelossfromcontinuingoperationsincludingportionattributabletononcontrollinginterest": 100075000,
        "incomelossfromcontinuingoperationsperbasicshare": 1.09,
        "weightedaveragenumberofsharesoutstandingbasic": 91662000,
        "incomelossfromcontinuingoperationsperdilutedshare": 1.07,
        "weightedaveragenumberofdilutedsharesoutstanding": 93271000
    },
    {
        "date": "2011-04-01",
        "symbol": "WAT",
        "period": "Q1",
        "salesrevenueservicesnet": 10860000,
        "salesrevenuenet": 427603000,
        "salesrevenuegoodsnet": 32103000,
        "costofgoodssold": 115901000,
        "costofservices": 53928000,
        "costofgoodsandservicessold": 169829000,
        "grossprofit": 257774000,
        "sellinggeneralandadministrativeexpense": 117124000,
        "researchanddevelopmentexpense": 22254000,
        "purchasedintangiblesamortization": 2501000,
        "operatingincomeloss": 115895000,
        "interestexpense": 4083000,
        "investmentincomeinterest": 713000,
        "incomelossfromcontinuingoperationsbeforeincometaxesminorityinterestandincomelossfromequitymethodinvestments": 112525000,
        "incometaxexpensebenefit": 18036000,
        "incomelossfromcontinuingoperationsincludingportionattributabletononcontrollinginterest": 94489000,
        "incomelossfromcontinuingoperationsperbasicshare": 1.03,
        "weightedaveragenumberofsharesoutstandingbasic": 91649000,
        "incomelossfromcontinuingoperationsperdilutedshare": 1.01,
        "weightedaveragenumberofdilutedsharesoutstanding": 93313000
    },
    {
        "date": "2010-10-01",
        "symbol": "WAT",
        "period": "Q3",
        "salesrevenueservicesnet": 10200000,
        "salesrevenuenet": 401038000,
        "salesrevenuegoodsnet": 31813000,
        "costofgoodssold": 113345000,
        "costofservices": 49640000,
        "costofgoodsandservicessold": 162985000,
        "grossprofit": 238053000,
        "sellinggeneralandadministrativeexpense": 111306000,
        "researchanddevelopmentexpense": 20524000,
        "purchasedintangiblesamortization": 2408000,
        "operatingincomeloss": 103815000,
        "interestexpense": 3810000,
        "investmentincomeinterest": 516000,
        "incomelossfromcontinuingoperationsbeforeincometaxesminorityinterestandincomelossfromequitymethodinvestments": 100521000,
        "incometaxexpensebenefit": 5802000,
        "incomelossfromcontinuingoperationsincludingportionattributabletononcontrollinginterest": 94719000,
        "incomelossfromcontinuingoperationsperbasicshare": 1.03,
        "weightedaveragenumberofsharesoutstandingbasic": 91714000,
        "incomelossfromcontinuingoperationsperdilutedshare": 1.02,
        "weightedaveragenumberofdilutedsharesoutstanding": 93286000
    },
    {
        "date": "2010-07-02",
        "symbol": "WAT",
        "period": "Q2",
        "salesrevenueservicesnet": 10744000,
        "salesrevenuenet": 391055000,
        "costofservices": 48243000,
        "costofgoodsandservicessold": 155133000,
        "grossprofit": 235922000,
        "investmentincomeinterest": 448000,
        "incomelossfromcontinuingoperationsbeforeincometaxesminorityinterestandincomelossfromequitymethodinvestments": 102411000,
        "incometaxexpensebenefit": 17489000,
        "incomelossfromcontinuingoperationsincludingportionattributabletononcontrollinginterest": 84922000,
        "purchasedintangiblesamortization": 2592000,
        "operatingincomeloss": 105584000,
        "salesrevenuegoodsnet": 30020000,
        "costofgoodssold": 106890000,
        "sellinggeneralandadministrativeexpense": 106939000,
        "researchanddevelopmentexpense": 20807000,
        "interestexpense": 3621000,
        "incomelossfromcontinuingoperationsperbasicshare": 0.92,
        "weightedaveragenumberofsharesoutstandingbasic": 92612000,
        "incomelossfromcontinuingoperationsperdilutedshare": 0.9,
        "weightedaveragenumberofdilutedsharesoutstanding": 94278000
    },
    {
        "date": "2010-04-02",
        "symbol": "WAT",
        "period": "Q1",
        "salesrevenuegoodsnet": 253042000,
        "salesrevenueservicesnet": 114658000,
        "salesrevenuenet": 367700000,
        "costofgoodssold": 97405000,
        "costofservices": 48527000,
        "costofgoodsandservicessold": 145932000,
        "grossprofit": 221768000,
        "sellinggeneralandadministrativeexpense": 106693000,
        "researchanddevelopmentexpense": 20076000,
        "purchasedintangiblesamortization": 2642000,
        "operatingincomeloss": 92357000,
        "interestexpense": -2614000,
        "investmentincomeinterest": 329000,
        "incomelossfromcontinuingoperationsbeforeincometaxesminorityinterestandincomelossfromequitymethodinvestments": 90072000,
        "incometaxexpensebenefit": 14554000,
        "profitloss": 75518000,
        "earningspersharebasic": 0.81,
        "weightedaveragenumberofsharesoutstandingbasic": 93629000,
        "earningspersharediluted": 0.79,
        "weightedaveragenumberofdilutedsharesoutstanding": 95223000
    },
    {
        "date": "2009-10-02",
        "symbol": "WAT",
        "period": "Q3",
        "salesrevenuegoodsnet": 259532000,
        "salesrevenueservicesnet": 114431000,
        "salesrevenuenet": 373963000,
        "costofgoodssold": 104038000,
        "costofservices": 49105000,
        "costofgoodsandservicessold": 153143000,
        "grossprofit": 220820000,
        "sellinggeneralandadministrativeexpense": 102675000,
        "researchanddevelopmentexpense": 19310000,
        "purchasedintangiblesamortization": 2723000,
        "operatingincomeloss": 96112000,
        "interestexpense": -2864000,
        "investmentincomeinterest": 785000,
        "incomelossfromcontinuingoperationsbeforeincometaxesminorityinterestandincomelossfromequitymethodinvestments": 94033000,
        "incometaxexpensebenefit": 18097000,
        "profitloss": 75936000,
        "earningspersharebasic": 0.8,
        "weightedaveragenumberofsharesoutstandingbasic": 95235000,
        "earningspersharediluted": 0.79,
        "weightedaveragenumberofdilutedsharesoutstanding": 96513000
    },
    {
        "date": "2009-07-03",
        "symbol": "WAT",
        "period": "Q2",
        "salesrevenuegoodsnet": 253521000,
        "salesrevenueservicesnet": 109316000,
        "salesrevenuenet": 362837000,
        "costofgoodssold": 98506000,
        "costofservices": 45648000,
        "costofgoodsandservicessold": 144154000,
        "grossprofit": 218683000,
        "sellinggeneralandadministrativeexpense": 109583000,
        "researchanddevelopmentexpense": 19722000,
        "purchasedintangiblesamortization": 2683000,
        "operatingincomeloss": 86695000,
        "interestexpense": -2649000,
        "investmentincomeinterest": 595000,
        "incomelossfromcontinuingoperationsbeforeincometaxesminorityinterestandincomelossfromequitymethodinvestments": 84641000,
        "incometaxexpensebenefit": 14734000,
        "profitloss": 69907000,
        "earningspersharebasic": 0.73,
        "weightedaveragenumberofsharesoutstandingbasic": 96147000,
        "earningspersharediluted": 0.72,
        "weightedaveragenumberofdilutedsharesoutstanding": 96996000
    }
]