[
    {
        "date": "2024-09-29",
        "symbol": "ZBH",
        "period": "Q3",
        "revenuefromcontractwithcustomerexcludingassessedtax": 1824200000,
        "typeofrevenueextensiblelist": "http://fasb.org/us-gaap/2024#ProductMember",
        "costofgoodsandservicessold": 21000000,
        "typeofcostgoodorserviceextensiblelist": "http://fasb.org/us-gaap/2024#ProductMember",
        "amortizationofintangibleassets": 148200000,
        "researchanddevelopmentexpenseexcludingacquiredinprocesscost": 111600000,
        "sellinggeneralandadministrativeexpense": 709700000,
        "restructuringandothercostreductioninitiatives": 7300000,
        "acquisitionintegrationdivestitureandrelatedexpenses": 4400000,
        "costsandexpenses": 1544700000,
        "operatingincomeloss": 279500000,
        "othernonoperatingincomeexpense": 700000,
        "interestincomeexpensenet": -200000,
        "incomelossfromcontinuingoperationsbeforeincometaxesextraordinaryitemsnoncontrollinginterest": 20800000,
        "incometaxexpensebenefit": -400000,
        "incomelossfromcontinuingoperationsincludingportionattributabletononcontrollinginterest": 249200000,
        "incomelossfromcontinuingoperationsattributabletononcontrollingentity": 200000,
        "netincomeloss": 249100000,
        "earningspersharebasic": 1.23,
        "earningspersharediluted": 1.23,
        "weightedaveragenumberofsharesoutstandingbasic": 202300000,
        "weightedaveragenumberofdilutedsharesoutstanding": 203000000,
        "othercomprehensiveincomeforeigncurrencytransactionandtranslationgainlossarisingduringperiodnetoftax": 61100000,
        "othercomprehensiveincomelosscashflowhedgegainlossbeforereclassificationaftertax": -49900000,
        "othercomprehensiveincomelosscashflowhedgegainlossreclassificationaftertax": 17100000,
        "othercomprehensiveincomelosspensionandotherpostretirementbenefitplansadjustmentnetoftax": 1100000,
        "othercomprehensiveincomelossnetoftaxportionattributabletoparent": -7000000,
        "comprehensiveincomenetoftax": 242100000
    },
    {
        "date": "2024-03-30",
        "symbol": "ZBH",
        "period": "Q1",
        "revenuefromcontractwithcustomerexcludingassessedtax": 1889200000,
        "typeofrevenueextensiblelist": "http://fasb.org/us-gaap/2023#ProductMember",
        "costofgoodsandservicessold": 512300000,
        "typeofcostgoodorserviceextensiblelist": "http://fasb.org/us-gaap/2023#ProductMember",
        "amortizationofintangibleassets": 142100000,
        "researchanddevelopmentexpenseexcludingacquiredinprocesscost": 107900000,
        "sellinggeneralandadministrativeexpense": 736200000,
        "restructuringandothercostreductioninitiatives": 124400000,
        "acquisitionintegrationdivestitureandrelatedexpenses": 400000,
        "costsandexpenses": 1623300000,
        "operatingincomeloss": 265900000,
        "othernonoperatingincomeexpense": -100000,
        "interestincomeexpensenet": -50700000,
        "incomelossfromcontinuingoperationsbeforeincometaxesextraordinaryitemsnoncontrollinginterest": 215100000,
        "incometaxexpensebenefit": 42300000,
        "profitloss": 172800000,
        "incomelossfromcontinuingoperationsattributabletononcontrollingentity": 400000,
        "netincomeloss": 172400000,
        "earningspersharebasic": 0.84,
        "earningspersharediluted": 0.84,
        "weightedaveragenumberofsharesoutstandingbasic": 205200000,
        "weightedaveragenumberofdilutedsharesoutstanding": 206200000,
        "othercomprehensiveincomeforeigncurrencytransactionandtranslationgainlossarisingduringperiodnetoftax": -35800000,
        "othercomprehensiveincomelosscashflowhedgegainlossbeforereclassificationaftertax": 34700000,
        "othercomprehensiveincomelosscashflowhedgegainlossreclassificationaftertax": 18000000,
        "othercomprehensiveincomelosspensionandotherpostretirementbenefitplansadjustmentnetoftax": 1100000,
        "othercomprehensiveincomelossnetoftaxportionattributabletoparent": -20200000,
        "comprehensiveincomenetoftax": 152200000
    },
    {
        "date": "2023-12-30",
        "symbol": "ZBH",
        "period": "Q4",
        "revenuefromcontractwithcustomerexcludingassessedtax": 5066000000,
        "typeofrevenueextensiblelist": "http://fasb.org/us-gaap/2023#ProductMember",
        "costofgoodsandservicessold": 1518600000,
        "typeofcostgoodorserviceextensiblelist": "http://fasb.org/us-gaap/2023#ProductMember",
        "amortizationofintangibleassets": 144900000,
        "researchanddevelopmentexpenseexcludingacquiredinprocesscost": 113300000,
        "sellinggeneralandadministrativeexpense": 722300000,
        "restructuringandothercostreductioninitiatives": 61400000,
        "acquisitionintegrationdivestitureandrelatedexpenses": 5200000,
        "costsandexpenses": 1585900000,
        "operatingincomeloss": 1511000000,
        "othernonoperatingincomeexpense": -15400000,
        "interestincomeexpensenet": -149700000,
        "incomelossfromcontinuingoperationsbeforeincometaxesextraordinaryitemsnoncontrollinginterest": 801900000,
        "incometaxexpensebenefit": -14500000,
        "incomelossfromcontinuingoperationsincludingportionattributabletononcontrollinginterest": 419600000,
        "incomelossfromcontinuingoperationsattributabletononcontrollingentity": 500000,
        "incomelossfromcontinuingoperations": 419200000,
        "netincomeloss": 419200000,
        "incomelossfromcontinuingoperationsperbasicshare": 2.0199999999999996,
        "earningspersharebasic": 2.0199999999999996,
        "incomelossfromcontinuingoperationsperdilutedshare": 1.9999999999999993,
        "earningspersharediluted": 1.9999999999999993,
        "weightedaveragenumberofsharesoutstandingbasic": 208700000,
        "weightedaveragenumberofdilutedsharesoutstanding": 209700000,
        "othercomprehensiveincomeforeigncurrencytransactionandtranslationgainlossarisingduringperiodnetoftax": 46700000,
        "othercomprehensiveincomelosscashflowhedgegainlossbeforereclassificationaftertax": -18600000,
        "othercomprehensiveincomelosscashflowhedgegainlossreclassificationaftertax": 20000000,
        "othercomprehensiveincomelosspensionandotherpostretirementbenefitplansadjustmentnetoftax": 12600000,
        "othercomprehensiveincomelossnetoftaxportionattributabletoparent": -4500000,
        "comprehensiveincomenetoftax": 414700000
    },
    {
        "date": "2023-09-29",
        "symbol": "ZBH",
        "period": "Q3",
        "revenuefromcontractwithcustomerexcludingassessedtax": 1753600000,
        "typeofrevenueextensiblelist": "http://fasb.org/us-gaap/2023#ProductMember",
        "costofgoodsandservicessold": 518600000,
        "typeofcostgoodorserviceextensiblelist": "http://fasb.org/us-gaap/2023#ProductMember",
        "amortizationofintangibleassets": 145000000,
        "researchanddevelopmentexpenseexcludingacquiredinprocesscost": 116900000,
        "sellinggeneralandadministrativeexpense": 674900000,
        "restructuringandothercostreductioninitiatives": 24300000,
        "acquisitionintegrationdivestitureandrelatedexpenses": 7300000,
        "costsandexpenses": 1487000000,
        "operatingincomeloss": 266600000,
        "othernonoperatingincomeexpense": 3800000,
        "interestincomeexpensenet": -51100000,
        "incomelossfromcontinuingoperationsbeforeincometaxesextraordinaryitemsnoncontrollinginterest": 219200000,
        "incometaxexpensebenefit": 56400000,
        "incomelossfromcontinuingoperationsincludingportionattributabletononcontrollinginterest": 162800000,
        "incomelossfromcontinuingoperationsattributabletononcontrollingentity": 200000,
        "incomelossfromcontinuingoperations": 162700000,
        "netincomeloss": 162700000,
        "incomelossfromcontinuingoperationsperbasicshare": 0.78,
        "earningspersharebasic": 0.78,
        "incomelossfromcontinuingoperationsperdilutedshare": 0.77,
        "earningspersharediluted": 0.77,
        "weightedaveragenumberofsharesoutstandingbasic": 208900000,
        "weightedaveragenumberofdilutedsharesoutstanding": 210000000,
        "othercomprehensiveincomeforeigncurrencytransactionandtranslationgainlossarisingduringperiodnetoftax": -22700000,
        "othercomprehensiveincomelosscashflowhedgegainlossbeforereclassificationaftertax": 33800000,
        "othercomprehensiveincomelosscashflowhedgegainlossreclassificationaftertax": 19100000,
        "othercomprehensiveincomelosspensionandotherpostretirementbenefitplansadjustmentnetoftax": 700000,
        "othercomprehensiveincomelossnetoftaxportionattributabletoparent": -8700000,
        "comprehensiveincomenetoftax": 154000000
    },
    {
        "date": "2023-06-29",
        "symbol": "ZBH",
        "period": "Q2",
        "revenuefromcontractwithcustomerexcludingassessedtax": 310500000,
        "typeofrevenueextensiblelist": "http://fasb.org/us-gaap/2023#ProductMember",
        "costofgoodsandservicessold": 23500000,
        "typeofcostgoodorserviceextensiblelist": "http://fasb.org/us-gaap/2023#ProductMember",
        "amortizationofintangibleassets": 138200000,
        "researchanddevelopmentexpenseexcludingacquiredinprocesscost": 118100000,
        "sellinggeneralandadministrativeexpense": 725800000,
        "restructuringandothercostreductioninitiatives": 24400000,
        "acquisitionintegrationdivestitureandrelatedexpenses": 7900000,
        "costsandexpenses": 1539900000,
        "operatingincomeloss": -257800000,
        "othernonoperatingincomeexpense": 1300000,
        "interestincomeexpensenet": -200000,
        "incomelossfromcontinuingoperationsbeforeincometaxesextraordinaryitemsnoncontrollinginterest": 23300000,
        "incometaxexpensebenefit": 200000,
        "incomelossfromcontinuingoperationsincludingportionattributabletononcontrollinginterest": 209900000,
        "incomelossfromcontinuingoperationsattributabletononcontrollingentity": 200000,
        "incomelossfromcontinuingoperations": 209600000,
        "netincomeloss": 209600000,
        "incomelossfromcontinuingoperationsperbasicshare": 1,
        "earningspersharebasic": 1,
        "incomelossfromcontinuingoperationsperdilutedshare": 1,
        "earningspersharediluted": 1,
        "weightedaveragenumberofsharesoutstandingbasic": 208600000,
        "weightedaveragenumberofdilutedsharesoutstanding": 209900000,
        "othercomprehensiveincomeforeigncurrencytransactionandtranslationgainlossarisingduringperiodnetoftax": -26500000,
        "othercomprehensiveincomelosscashflowhedgegainlossbeforereclassificationaftertax": 47100000,
        "othercomprehensiveincomelosscashflowhedgegainlossreclassificationaftertax": 19300000,
        "othercomprehensiveincomelosspensionandotherpostretirementbenefitplansadjustmentnetoftax": 1100000,
        "othercomprehensiveincomelossnetoftaxportionattributabletoparent": 200000,
        "comprehensiveincomenetoftax": 209800000
    },
    {
        "date": "2023-03-30",
        "symbol": "ZBH",
        "period": "Q1",
        "revenuefromcontractwithcustomerexcludingassessedtax": 264100000.00000003,
        "typeofrevenueextensiblelist": "http://fasb.org/us-gaap/2022#ProductMember",
        "costofgoodsandservicessold": 23100000,
        "typeofcostgoodorserviceextensiblelist": "http://fasb.org/us-gaap/2022#ProductMember",
        "amortizationofintangibleassets": 133400000,
        "researchanddevelopmentexpenseexcludingacquiredinprocesscost": 110400000,
        "sellinggeneralandadministrativeexpense": 715900000,
        "restructuringandothercostreductioninitiatives": 41800000,
        "acquisitionintegrationdivestitureandrelatedexpenses": 1300000,
        "costsandexpenses": 1503700000,
        "operatingincomeloss": -242100000,
        "othernonoperatingincomeexpense": 1000000,
        "interestincomeexpensenet": -200000,
        "incomelossfromcontinuingoperationsbeforeincometaxesextraordinaryitemsnoncontrollinginterest": 22900000,
        "incometaxexpensebenefit": 100000,
        "incomelossfromcontinuingoperationsincludingportionattributabletononcontrollinginterest": 232800000,
        "incomelossfromcontinuingoperationsattributabletononcontrollingentity": 200000,
        "incomelossfromcontinuingoperations": 232500000,
        "netincomeloss": 232500000,
        "incomelossfromcontinuingoperationsperbasicshare": 1.11,
        "earningspersharebasic": 1.11,
        "incomelossfromcontinuingoperationsperdilutedshare": 1.11,
        "earningspersharediluted": 1.11,
        "weightedaveragenumberofsharesoutstandingbasic": 209400000,
        "weightedaveragenumberofdilutedsharesoutstanding": 210400000,
        "othercomprehensiveincomeforeigncurrencytransactionandtranslationgainlossarisingduringperiodnetoftax": 12400000,
        "othercomprehensiveincomelosscashflowhedgegainlossbeforereclassificationaftertax": 8800000,
        "othercomprehensiveincomelosscashflowhedgegainlossreclassificationaftertax": 19000000,
        "othercomprehensiveincomelosspensionandotherpostretirementbenefitplansadjustmentnetoftax": 900000,
        "othercomprehensiveincomelossnetoftaxportionattributabletoparent": 1300000,
        "comprehensiveincomenetoftax": 233800000
    },
    {
        "date": "2022-12-30",
        "symbol": "ZBH",
        "period": "Q4",
        "revenuefromcontractwithcustomerexcludingassessedtax": 294200000,
        "typeofrevenueextensiblelist": "http://fasb.org/us-gaap/2022#ProductMember",
        "costofgoodsandservicessold": -88400000,
        "typeofcostgoodorserviceextensiblelist": "http://fasb.org/us-gaap/2022#ProductMember",
        "amortizationofintangibleassets": 922100000,
        "researchanddevelopmentexpenseexcludingacquiredinprocesscost": 108000000,
        "sellinggeneralandadministrativeexpense": -1780200000,
        "restructuringandothercostreductioninitiatives": 62400000,
        "qualityremediationcosts": 11400000,
        "acquisitionintegrationdivestitureandrelatedexpenses": 2900000,
        "costsandexpenses": 1853400000,
        "operatingincomeloss": 1179800000,
        "othernonoperatingincomeexpense": 9600000,
        "interestincomeexpensenet": -200000,
        "incomelossfromcontinuingoperationsbeforeincometaxesextraordinaryitemsnoncontrollinginterest": 21000000,
        "incometaxexpensebenefit": -56800000,
        "incomelossfromcontinuingoperationsincludingportionattributabletononcontrollinginterest": -130200000,
        "incomelossfromcontinuingoperationsattributabletononcontrollingentity": 300000,
        "incomelossfromcontinuingoperations": -130500000,
        "netincomeloss": -130500000,
        "incomelossfromcontinuingoperationsperbasicshare": -0.63,
        "earningspersharebasic": -0.6299999999999999,
        "incomelossfromcontinuingoperationsperdilutedshare": -0.6200000000000002,
        "earningspersharediluted": -0.6199999999999999,
        "weightedaveragenumberofsharesoutstandingbasic": 100000,
        "othercomprehensiveincomeforeigncurrencytransactionandtranslationgainlossarisingduringperiodnetoftax": 63100000,
        "othercomprehensiveincomelosscashflowhedgegainlossbeforereclassificationaftertax": -49699999.999999985,
        "othercomprehensiveincomelosscashflowhedgegainlossreclassificationaftertax": 17600000,
        "othercomprehensiveincomelosspensionandotherpostretirementbenefitplansadjustmentnetoftax": -69800000,
        "comprehensiveincomenetoftax": -64900000
    },
    {
        "date": "2022-09-29",
        "symbol": "ZBH",
        "period": "Q3",
        "revenuefromcontractwithcustomerexcludingassessedtax": 305400000,
        "typeofrevenueextensiblelist": "http://fasb.org/us-gaap/2022#ProductMember",
        "costofgoodsandservicessold": 17100000,
        "typeofcostgoodorserviceextensiblelist": "http://fasb.org/us-gaap/2022#ProductMember",
        "amortizationofintangibleassets": -131500000.00000001,
        "researchanddevelopmentexpenseexcludingacquiredinprocesscost": 101700000,
        "sellinggeneralandadministrativeexpense": 654900000,
        "restructuringandothercostreductioninitiatives": 28299999.999999985,
        "qualityremediationcosts": 8100000,
        "acquisitionintegrationdivestitureandrelatedexpenses": 11800000,
        "costsandexpenses": 1424500000,
        "operatingincomeloss": -234700000,
        "othernonoperatingincomeexpense": -4700000,
        "interestincomeexpensenet": -200000,
        "incomelossfromcontinuingoperationsbeforeincometaxesextraordinaryitemsnoncontrollinginterest": 16900000,
        "incometaxexpensebenefit": -1000000,
        "incomelossfromcontinuingoperationsincludingportionattributabletononcontrollinginterest": 194200000,
        "incomelossfromcontinuingoperationsattributabletononcontrollingentity": 200000,
        "incomelossfromcontinuingoperations": 194000000,
        "netincomeloss": 194000000,
        "incomelossfromcontinuingoperationsperbasicshare": 0.9299999999999998,
        "earningspersharebasic": 0.9299999999999999,
        "incomelossfromcontinuingoperationsperdilutedshare": 0.92,
        "earningspersharediluted": 0.9199999999999999,
        "weightedaveragenumberofsharesoutstandingbasic": 100000,
        "weightedaveragenumberofdilutedsharesoutstanding": 0,
        "othercomprehensiveincomeforeigncurrencytransactionandtranslationgainlossarisingduringperiodnetoftax": -95600000,
        "othercomprehensiveincomelosscashflowhedgegainlossbeforereclassificationaftertax": 53899999.999999985,
        "othercomprehensiveincomelosscashflowhedgegainlossreclassificationaftertax": 14400000,
        "othercomprehensiveincomelosspensionandotherpostretirementbenefitplansadjustmentnetoftax": -3700000,
        "comprehensiveincomenetoftax": 141600000
    },
    {
        "date": "2022-06-29",
        "symbol": "ZBH",
        "period": "Q2",
        "revenuefromcontractwithcustomerexcludingassessedtax": 309200000,
        "typeofrevenueextensiblelist": "http://fasb.org/us-gaap/2021-01-31#ProductMember",
        "costofgoodsandservicessold": 11300000,
        "typeofcostgoodorserviceextensiblelist": "http://fasb.org/us-gaap/2021-01-31#ProductMember",
        "amortizationofintangibleassets": -394600000,
        "researchanddevelopmentexpenseexcludingacquiredinprocesscost": 99400000,
        "sellinggeneralandadministrativeexpense": 695200000,
        "restructuringandothercostreductioninitiatives": 57000000,
        "qualityremediationcosts": 7800000,
        "acquisitionintegrationdivestitureandrelatedexpenses": -5500000,
        "costsandexpenses": 1500900000,
        "operatingincomeloss": -317000000,
        "othernonoperatingincomeexpense": -3400000,
        "interestincomeexpensenet": -200000,
        "incomelossfromcontinuingoperationsbeforeincometaxesextraordinaryitemsnoncontrollinginterest": 11100000.000000002,
        "incometaxexpensebenefit": -800000,
        "incomelossfromcontinuingoperationsincludingportionattributabletononcontrollinginterest": 154000000,
        "incomelossfromcontinuingoperationsattributabletononcontrollingentity": 300000,
        "incomelossfromcontinuingoperations": 153700000,
        "incomelossfromdiscontinuedoperationsnetoftaxattributabletoreportingentity": 0,
        "netincomeloss": 153700000,
        "incomelossfromcontinuingoperationsperbasicshare": 0.7300000000000001,
        "incomelossfromdiscontinuedoperationsnetoftaxperbasicshare": 0,
        "earningspersharebasic": 0.73,
        "incomelossfromcontinuingoperationsperdilutedshare": 0.7300000000000001,
        "incomelossfromdiscontinuedoperationsnetoftaxperdilutedshare": 0,
        "earningspersharediluted": 0.73,
        "weightedaveragenumberofsharesoutstandingbasic": 200000,
        "weightedaveragenumberofdilutedsharesoutstanding": 100000,
        "othercomprehensiveincomeforeigncurrencytransactionandtranslationgainlossarisingduringperiodnetoftax": -92100000,
        "othercomprehensiveincomelosscashflowhedgegainlossbeforereclassificationaftertax": 65600000,
        "othercomprehensiveincomelosscashflowhedgegainlossreclassificationaftertax": 9700000,
        "othercomprehensiveincomelosspensionandotherpostretirementbenefitplansadjustmentnetoftax": -2600000,
        "comprehensiveincomenetoftax": 120100000
    },
    {
        "date": "2022-03-30",
        "symbol": "ZBH",
        "period": "Q1",
        "revenuefromcontractwithcustomerexcludingassessedtax": 279000000,
        "typeofrevenueextensiblelist": "http://fasb.org/us-gaap/2021-01-31#ProductMember",
        "costofgoodsandservicessold": 5200000,
        "typeofcostgoodorserviceextensiblelist": "http://fasb.org/us-gaap/2021-01-31#ProductMember",
        "amortizationofintangibleassets": 130800000.00000001,
        "researchanddevelopmentexpenseexcludingacquiredinprocesscost": 96900000,
        "sellinggeneralandadministrativeexpense": 684500000,
        "restructuringandothercostreductioninitiatives": 43900000,
        "qualityremediationcosts": 6500000,
        "acquisitionintegrationdivestitureandrelatedexpenses": 2200000,
        "costsandexpenses": 1464800000,
        "operatingincomeloss": -221100000,
        "othernonoperatingincomeexpense": -1300000,
        "interestincomeexpensenet": -200000,
        "incomelossfromcontinuingoperationsbeforeincometaxesextraordinaryitemsnoncontrollinginterest": 5000000,
        "incometaxexpensebenefit": -400000,
        "incomelossfromcontinuingoperationsincludingportionattributabletononcontrollinginterest": 73200000,
        "incomelossfromcontinuingoperationsattributabletononcontrollingentity": 200000,
        "incomelossfromcontinuingoperations": 73000000,
        "incomelossfromdiscontinuedoperationsnetoftaxattributabletoreportingentity": -58800000,
        "netincomeloss": 14200000,
        "incomelossfromcontinuingoperationsperbasicshare": 0.35,
        "incomelossfromdiscontinuedoperationsnetoftaxperbasicshare": -0.28,
        "earningspersharebasic": 0.07,
        "incomelossfromcontinuingoperationsperdilutedshare": 0.35,
        "incomelossfromdiscontinuedoperationsnetoftaxperdilutedshare": -0.28,
        "earningspersharediluted": 0.07,
        "weightedaveragenumberofsharesoutstandingbasic": 209200000,
        "weightedaveragenumberofdilutedsharesoutstanding": 210100000,
        "othercomprehensiveincomeforeigncurrencytransactionandtranslationgainlossarisingduringperiodnetoftax": 1300000,
        "othercomprehensiveincomelosscashflowhedgegainlossbeforereclassificationaftertax": 13700000,
        "othercomprehensiveincomelosscashflowhedgegainlossreclassificationaftertax": 4300000,
        "othercomprehensiveincomelosspensionandotherpostretirementbenefitplansadjustmentnetoftax": -900000,
        "othercomprehensiveincomelossnetoftaxfromcontinuingoperations": 11600000,
        "comprehensiveincomenetoftaxincludingportionattributabletononcontrollinginterestfromcontinuingoperations": 84800000,
        "comprehensiveincomenetoftaxattributabletononcontrollinginterest": 200000,
        "comprehensiveincomelossnetoftaxattributabletodiscontinuedoperations": -58800000,
        "comprehensiveincomenetoftax": 25800000
    },
    {
        "date": "2021-12-30",
        "symbol": "ZBH",
        "period": "Q4",
        "revenuefromcontractwithcustomerexcludingassessedtax": 3875800000,
        "typeofrevenueextensiblelist": "http://fasb.org/us-gaap/2021-01-31#ProductMember",
        "costofgoodsandservicessold": 4000000,
        "typeofcostgoodorserviceextensiblelist": "http://fasb.org/us-gaap/2021-01-31#ProductMember",
        "amortizationofintangibleassets": -1079500000,
        "researchanddevelopmentexpenseexcludingacquiredinprocesscost": 113400000,
        "sellinggeneralandadministrativeexpense": -2094100000,
        "restructuringandothercostreductioninitiatives": 65600000,
        "qualityremediationcosts": 20200000,
        "acquisitionintegrationdivestitureandrelatedexpenses": 15700000.000000007,
        "costsandexpenses": 1958800000,
        "operatingincomeloss": 605600000,
        "othernonoperatingincomeexpense": -4000000,
        "interestincomeexpensenet": -100000,
        "incomelossfromcontinuingoperationsbeforeincometaxesextraordinaryitemsnoncontrollinginterest": -3400000,
        "incometaxexpensebenefit": 7800000,
        "profitloss": 100000,
        "netincomelossattributabletononcontrollinginterest": 100000,
        "netincomeloss": -84000000,
        "earningspersharebasic": -0.4,
        "earningspersharediluted": -0.40000000000000024,
        "weightedaveragenumberofsharesoutstandingbasic": 100000,
        "weightedaveragenumberofdilutedsharesoutstanding": -100000,
        "othercomprehensiveincomeforeigncurrencytransactionandtranslationgainlossarisingduringperiodnetoftax": -30300000,
        "othercomprehensiveincomelosscashflowhedgegainlossbeforereclassificationaftertax": 25800000,
        "othercomprehensiveincomelosscashflowhedgegainlossreclassificationaftertax": 2100000,
        "othercomprehensiveincomelosspensionandotherpostretirementbenefitplansadjustmentnetoftax": -73100000,
        "othercomprehensiveincomelossnetoftax": 66500000,
        "comprehensiveincomenetoftaxincludingportionattributabletononcontrollinginterest": -17400000,
        "comprehensiveincomenetoftaxattributabletononcontrollinginterest": 100000,
        "comprehensiveincomenetoftax": -17500000
    },
    {
        "date": "2021-09-29",
        "symbol": "ZBH",
        "period": "Q3",
        "revenuefromcontractwithcustomerexcludingassessedtax": 86800000,
        "typeofrevenueextensiblelist": "http://fasb.org/us-gaap/2021-01-31#ProductMember",
        "costofgoodsandservicessold": -1700000,
        "typeofcostgoodorserviceextensiblelist": "http://fasb.org/us-gaap/2021-01-31#ProductMember",
        "amortizationofintangibleassets": 153700000,
        "researchanddevelopmentexpenseexcludingacquiredinprocesscost": 108900000,
        "sellinggeneralandadministrativeexpense": 802400000,
        "restructuringandothercostreductioninitiatives": 23300000.000000007,
        "qualityremediationcosts": 11800000,
        "acquisitionintegrationdivestitureandrelatedexpenses": 27299999.999999993,
        "costsandexpenses": 1709100000,
        "operatingincomeloss": -205700000,
        "othernonoperatingincomeexpense": -7400000,
        "interestincomeexpensenet": -100000,
        "incomelossfromcontinuingoperationsbeforeincometaxesextraordinaryitemsnoncontrollinginterest": -1800000,
        "incometaxexpensebenefit": -600000,
        "profitloss": 200000,
        "netincomelossattributabletononcontrollinginterest": 200000,
        "netincomeloss": 145600000,
        "earningspersharebasic": 0.7,
        "earningspersharediluted": 0.7000000000000002,
        "weightedaveragenumberofsharesoutstandingbasic": -208100000,
        "weightedaveragenumberofdilutedsharesoutstanding": -210400000,
        "othercomprehensiveincomeforeigncurrencytransactionandtranslationgainlossarisingduringperiodnetoftax": -36900000,
        "othercomprehensiveincomelosscashflowhedgegainlossbeforereclassificationaftertax": 18500000,
        "othercomprehensiveincomelosscashflowhedgegainlossreclassificationaftertax": -1600000,
        "othercomprehensiveincomelosspensionandotherpostretirementbenefitplansadjustmentnetoftax": -5700000,
        "othercomprehensiveincomelossnetoftax": -11100000,
        "comprehensiveincomenetoftaxincludingportionattributabletononcontrollinginterest": 134700000,
        "comprehensiveincomenetoftaxattributabletononcontrollinginterest": 200000,
        "comprehensiveincomenetoftax": 134500000
    },
    {
        "date": "2021-06-29",
        "symbol": "ZBH",
        "period": "Q2",
        "revenuefromcontractwithcustomerexcludingassessedtax": 230000000,
        "typeofrevenueextensiblelist": "us-gaap:ProductMember",
        "costofgoodsandservicessold": -2600000,
        "typeofcostgoodorserviceextensiblelist": "us-gaap:ProductMember",
        "amortizationofintangibleassets": 154600000,
        "researchanddevelopmentexpenseexcludingacquiredinprocesscost": 180500000,
        "sellinggeneralandadministrativeexpense": 817400000,
        "goodwillandintangibleassetimpairment": 16300000,
        "restructuringandothercostreductioninitiatives": 19700000,
        "qualityremediationcosts": 11000000,
        "acquisitionintegrationdivestitureandrelatedexpenses": 25400000,
        "costsandexpenses": 1806400000,
        "operatingincomeloss": -162000000,
        "othernonoperatingincomeexpense": 1800000,
        "interestincomeexpensenet": -200000,
        "incomelossfromcontinuingoperationsbeforeincometaxesextraordinaryitemsnoncontrollinginterest": -2800000,
        "incometaxexpensebenefit": 600000,
        "profitloss": 600000,
        "netincomelossattributabletononcontrollinginterest": 600000,
        "netincomeloss": 141900000,
        "earningspersharebasic": 0.68,
        "earningspersharediluted": 0.67,
        "weightedaveragenumberofsharesoutstandingbasic": 208600000,
        "weightedaveragenumberofdilutedsharesoutstanding": 210700000,
        "othercomprehensiveincomeforeigncurrencytransactionandtranslationgainlossarisingduringperiodnetoftax": -13600000,
        "othercomprehensiveincomelosscashflowhedgegainlossbeforereclassificationaftertax": 2200000,
        "othercomprehensiveincomelosscashflowhedgegainlossreclassificationaftertax": -2300000,
        "othercomprehensiveincomelosspensionandotherpostretirementbenefitplansadjustmentnetoftax": 1200000,
        "othercomprehensiveincomelossnetoftax": -10300000,
        "comprehensiveincomenetoftaxincludingportionattributabletononcontrollinginterest": 132199999.99999999,
        "comprehensiveincomenetoftaxattributabletononcontrollinginterest": 600000,
        "comprehensiveincomenetoftax": 131600000
    },
    {
        "date": "2021-03-30",
        "symbol": "ZBH",
        "period": "Q1",
        "revenuefromcontractwithcustomerexcludingassessedtax": 336900000,
        "typeofrevenueextensiblelist": "us-gaap:ProductMember",
        "costofgoodsandservicessold": 1100000,
        "typeofcostgoodorserviceextensiblelist": "us-gaap:ProductMember",
        "amortizationofintangibleassets": 155500000,
        "researchanddevelopmentexpenseexcludingacquiredinprocesscost": 94400000,
        "sellinggeneralandadministrativeexpense": 770100000,
        "restructuringandothercostreductioninitiatives": 21900000,
        "qualityremediationcosts": 10200000,
        "acquisitionintegrationdivestitureandrelatedexpenses": 13400000,
        "costsandexpenses": 1581800000,
        "operatingincomeloss": -101900000,
        "othernonoperatingincomeexpense": -1500000,
        "interestincomeexpensenet": -200000,
        "incomelossfromcontinuingoperationsbeforeincometaxesextraordinaryitemsnoncontrollinginterest": 900000,
        "incometaxexpensebenefit": -10000000,
        "profitloss": -400000,
        "netincomelossattributabletononcontrollinginterest": -400000,
        "netincomeloss": 198100000,
        "earningspersharebasic": 0.95,
        "earningspersharediluted": 0.94,
        "weightedaveragenumberofsharesoutstandingbasic": 208000000,
        "weightedaveragenumberofdilutedsharesoutstanding": 210200000,
        "othercomprehensiveincomeforeigncurrencytransactionandtranslationgainlossarisingduringperiodnetoftax": -19100000,
        "othercomprehensiveincomelosscashflowhedgegainlossbeforereclassificationaftertax": 39900000,
        "othercomprehensiveincomelosscashflowhedgegainlossreclassificationaftertax": 500000,
        "othercomprehensiveincomelosspensionandotherpostretirementbenefitplansadjustmentnetoftax": -800000,
        "othercomprehensiveincomelossnetoftax": 21100000,
        "comprehensiveincomenetoftaxincludingportionattributabletononcontrollinginterest": 218800000,
        "comprehensiveincomenetoftaxattributabletononcontrollinginterest": -400000,
        "comprehensiveincomenetoftax": 219200000
    },
    {
        "date": "2020-12-30",
        "symbol": "ZBH",
        "period": "Q4",
        "revenuefromcontractwithcustomerexcludingassessedtax": 3247000000,
        "typeofrevenueextensiblelist": "us-gaap:ProductMember",
        "costofgoodsandservicessold": 6000000,
        "typeofcostgoodorserviceextensiblelist": "us-gaap:ProductMember",
        "amortizationofintangibleassets": -1042600000,
        "researchanddevelopmentexpenseexcludingacquiredinprocesscost": 100000000,
        "sellinggeneralandadministrativeexpense": -2014000000,
        "restructuringandothercostreductioninitiatives": 27700000,
        "qualityremediationcosts": 14000000,
        "acquisitionintegrationandrelatedexpenses": 8100000,
        "costsandexpenses": 1844600000,
        "operatingincomeloss": 739900000,
        "othernonoperatingincomeexpense": -500000,
        "interestincomeexpensenet": -100000,
        "incomelossfromcontinuingoperationsbeforeincometaxesextraordinaryitemsnoncontrollinginterest": 400000,
        "incometaxexpensebenefit": -355500000,
        "profitloss": 100000,
        "netincomelossattributabletononcontrollinginterest": 100000,
        "netincomeloss": 333700000,
        "earningspersharebasic": 1.62,
        "earningspersharediluted": 1.62,
        "weightedaveragenumberofsharesoutstandingbasic": 200000,
        "weightedaveragenumberofdilutedsharesoutstanding": 200000,
        "othercomprehensiveincomeforeigncurrencytransactionandtranslationgainlossarisingduringperiodnetoftax": 48300000,
        "othercomprehensiveincomelosscashflowhedgegainlossbeforereclassificationaftertax": -42200000,
        "othercomprehensiveincomelosscashflowhedgegainlossreclassificationaftertax": 4900000,
        "othercomprehensiveincomelosspensionandotherpostretirementbenefitplansadjustmentnetoftax": 12000000,
        "othercomprehensiveincomelossnetoftax": -10800000,
        "comprehensiveincomenetoftaxincludingportionattributabletononcontrollinginterest": 322999999.99999994,
        "comprehensiveincomenetoftaxattributabletononcontrollinginterest": 200000,
        "comprehensiveincomenetoftax": 322800000
    },
    {
        "date": "2020-09-29",
        "symbol": "ZBH",
        "period": "Q3",
        "revenuefromcontractwithcustomerexcludingassessedtax": 336100000,
        "typeofrevenueextensiblelist": "us-gaap:ProductMember",
        "costofgoodsandservicessold": 8700000,
        "typeofcostgoodorserviceextensiblelist": "us-gaap:ProductMember",
        "amortizationofintangibleassets": 149700000,
        "researchanddevelopmentexpenseexcludingacquiredinprocesscost": 85900000,
        "sellinggeneralandadministrativeexpense": 790000000,
        "restructuringandothercostreductioninitiatives": 16200000,
        "qualityremediationcosts": 10000000,
        "acquisitionintegrationandrelatedexpenses": 9100000,
        "costsandexpenses": 1630100000,
        "operatingincomeloss": -103800000,
        "othernonoperatingincomeexpense": -2600000,
        "interestincomeexpensenet": -200000,
        "incomelossfromcontinuingoperationsbeforeincometaxesextraordinaryitemsnoncontrollinginterest": -1600000,
        "incometaxexpensebenefit": -900000,
        "profitloss": 3600000,
        "netincomelossattributabletononcontrollinginterest": 3600000,
        "netincomeloss": 242500000,
        "earningspersharebasic": 1.17,
        "earningspersharediluted": 1.17,
        "weightedaveragenumberofsharesoutstandingbasic": -206500000,
        "weightedaveragenumberofdilutedsharesoutstanding": -206500000,
        "othercomprehensiveincomeforeigncurrencytransactionandtranslationgainlossarisingduringperiodnetoftax": 8500000,
        "othercomprehensiveincomelosscashflowhedgegainlossbeforereclassificationaftertax": -23400000,
        "othercomprehensiveincomelosscashflowhedgegainlossreclassificationaftertax": 7000000,
        "othercomprehensiveincomelosspensionandotherpostretirementbenefitplansadjustmentnetoftax": -700000,
        "othercomprehensiveincomelossnetoftax": -21200000,
        "comprehensiveincomenetoftaxincludingportionattributabletononcontrollinginterest": 224900000,
        "comprehensiveincomenetoftaxattributabletononcontrollinginterest": 3500000,
        "comprehensiveincomenetoftax": 221400000.00000006
    },
    {
        "date": "2020-06-29",
        "symbol": "ZBH",
        "period": "Q2",
        "revenuefromcontractwithcustomerexcludingassessedtax": 264500000,
        "typeofrevenueextensiblelist": "us-gaap:ProductMember",
        "costofgoodsandservicessold": 15100000,
        "typeofcostgoodorserviceextensiblelist": "us-gaap:ProductMember",
        "amortizationofintangibleassets": 147700000,
        "researchanddevelopmentexpenseexcludingacquiredinprocesscost": 87700000,
        "sellinggeneralandadministrativeexpense": 665000000,
        "goodwillandintangibleassetimpairment": 33000000,
        "restructuringandothercostreductioninitiatives": 28000000,
        "qualityremediationcosts": 9900000,
        "acquisitionintegrationandrelatedexpenses": 2200000,
        "costsandexpenses": 1397800000,
        "operatingincomeloss": -111600000,
        "othernonoperatingincomeexpense": -2700000,
        "interestincomeexpensenet": -100000,
        "incomelossfromcontinuingoperationsbeforeincometaxesextraordinaryitemsnoncontrollinginterest": -1700000,
        "incometaxexpensebenefit": 400000,
        "profitloss": -1600000,
        "netincomelossattributabletononcontrollinginterest": -1600000,
        "netincomeloss": -206600000,
        "earningspersharebasic": -1,
        "earningspersharediluted": -1,
        "weightedaveragenumberofsharesoutstandingbasic": 206800000,
        "weightedaveragenumberofdilutedsharesoutstanding": 206800000,
        "othercomprehensiveincomeforeigncurrencytransactionandtranslationgainlossarisingduringperiodnetoftax": 23000000,
        "othercomprehensiveincomelosscashflowhedgegainlossbeforereclassificationaftertax": -22700000,
        "othercomprehensiveincomelosscashflowhedgegainlossreclassificationaftertax": 13100000,
        "othercomprehensiveincomelosspensionandotherpostretirementbenefitplansadjustmentnetoftax": -2100000,
        "othercomprehensiveincomelossnetoftax": -10700000,
        "comprehensiveincomenetoftaxincludingportionattributabletononcontrollinginterest": -218900000,
        "comprehensiveincomenetoftaxattributabletononcontrollinginterest": -1600000,
        "comprehensiveincomenetoftax": -217300000
    },
    {
        "date": "2020-03-30",
        "symbol": "ZBH",
        "period": "Q1",
        "revenuefromcontractwithcustomerexcludingassessedtax": 275900000,
        "typeofrevenueextensiblelist": "us-gaap:ProductMember",
        "costofgoodsandservicessold": 15600000,
        "typeofcostgoodorserviceextensiblelist": "us-gaap:ProductMember",
        "amortizationofintangibleassets": 147600000,
        "researchanddevelopmentexpenseexcludingacquiredinprocesscost": 98400000,
        "sellinggeneralandadministrativeexpense": 828900000,
        "goodwillimpairmentloss": 612000000,
        "restructuringandothercostreductioninitiatives": 45000000,
        "qualityremediationcosts": 15900000,
        "acquisitionintegrationandrelatedexpenses": 4400000,
        "costsandexpenses": 2239800000,
        "operatingincomeloss": -104000000,
        "othernonoperatingincomeexpense": -2700000,
        "interestincomeexpensenet": -200000,
        "incomelossfromcontinuingoperationsbeforeincometaxesextraordinaryitemsnoncontrollinginterest": -1700000,
        "incometaxexpensebenefit": -2000000,
        "profitloss": -600000,
        "netincomelossattributabletononcontrollinginterest": -600000,
        "netincomeloss": -508500000,
        "earningspersharebasic": -2.46,
        "earningspersharediluted": -2.46,
        "weightedaveragenumberofsharesoutstandingbasic": 206500000,
        "weightedaveragenumberofdilutedsharesoutstanding": 206500000,
        "othercomprehensiveincomeforeigncurrencytransactionandtranslationgainlossarisingduringperiodnetoftax": -54200000,
        "othercomprehensiveincomelosscashflowhedgegainlossbeforereclassificationaftertax": 54800000,
        "othercomprehensiveincomelosscashflowhedgegainlossreclassificationaftertax": 13500000,
        "othercomprehensiveincomelosspensionandotherpostretirementbenefitplansadjustmentnetoftax": 300000,
        "othercomprehensiveincomelossnetoftax": -13200000,
        "comprehensiveincomenetoftaxincludingportionattributabletononcontrollinginterest": -522299999.99999994,
        "comprehensiveincomenetoftaxattributabletononcontrollinginterest": -600000,
        "comprehensiveincomenetoftax": -521700000.00000006
    },
    {
        "date": "2019-12-30",
        "symbol": "ZBH",
        "period": "Q4",
        "revenuefromcontractwithcustomerexcludingassessedtax": 3729500000,
        "typeofrevenueextensiblelist": "us-gaap:ProductMember",
        "costofgoodsandservicessold": 12600000,
        "typeofcostgoodorserviceextensiblelist": "us-gaap:ProductMember",
        "amortizationofintangibleassets": 147400000,
        "researchanddevelopmentexpenseexcludingacquiredinprocesscost": 121100000,
        "sellinggeneralandadministrativeexpense": 877000000,
        "qualityremediationcosts": 17800000.000000007,
        "acquisitionintegrationandrelatedexpenses": -8100000,
        "costsandexpenses": 1788900000,
        "operatingincomeloss": 2965200000,
        "othernonoperatingincomeexpense": -5500000,
        "interestincomeexpensenet": -200000,
        "incomelossfromcontinuingoperationsbeforeincometaxesextraordinaryitemsnoncontrollinginterest": 3500000,
        "incometaxexpensebenefit": 261500000,
        "profitloss": 700000,
        "netincomelossattributabletononcontrollinginterest": 700000,
        "netincomeloss": 320700000,
        "earningspersharebasic": 1.5599999999999994,
        "earningspersharediluted": 1.5399999999999998,
        "weightedaveragenumberofsharesoutstandingbasic": 300000,
        "weightedaveragenumberofdilutedsharesoutstanding": 400000,
        "othercomprehensiveincomeforeigncurrencytransactionandtranslationgainlossarisingduringperiodnetoftax": 58600000,
        "othercomprehensiveincomelosscashflowhedgegainlossbeforereclassificationaftertax": -10400000,
        "othercomprehensiveincomelosscashflowhedgegainlossreclassificationaftertax": 11000000,
        "othercomprehensiveincomelosspensionandotherpostretirementbenefitplansadjustmentnetoftax": 55900000,
        "othercomprehensiveincomelossnetoftax": -18700000,
        "comprehensiveincomenetoftaxincludingportionattributabletononcontrollinginterest": 302700000,
        "comprehensiveincomenetoftaxattributabletononcontrollinginterest": 700000,
        "comprehensiveincomenetoftax": 302000000
    },
    {
        "date": "2019-09-29",
        "symbol": "ZBH",
        "period": "Q3",
        "revenuefromcontractwithcustomerexcludingassessedtax": 277700000,
        "typeofrevenueextensiblelist": "us-gaap:ProductMember",
        "costofgoodsandservicessold": 11200000,
        "typeofcostgoodorserviceextensiblelist": "us-gaap:ProductMember",
        "amortizationofintangibleassets": 146600000,
        "researchanddevelopmentexpenseexcludingacquiredinprocesscost": 114400000,
        "sellinggeneralandadministrativeexpense": 830100000,
        "acquisitionintegrationandrelatedexpenses": -900000,
        "qualityremediationcosts": 21499999.999999993,
        "costsandexpenses": 1646600000,
        "operatingincomeloss": -253500000,
        "othernonoperatingincomeexpense": -5500000,
        "interestincomeexpensenet": -100000,
        "incomelossfromcontinuingoperationsbeforeincometaxesextraordinaryitemsnoncontrollinginterest": -3700000,
        "incometaxexpensebenefit": -261100000,
        "profitloss": 900000,
        "netincomelossattributabletononcontrollinginterest": 900000,
        "netincomeloss": 431100000,
        "earningspersharebasic": 2.1100000000000003,
        "earningspersharediluted": 2.08,
        "weightedaveragenumberofsharesoutstandingbasic": -204400000,
        "weightedaveragenumberofdilutedsharesoutstanding": -205700000,
        "othercomprehensiveincomeforeigncurrencytransactionandtranslationgainlossarisingduringperiodnetoftax": -70800000,
        "othercomprehensiveincomelosscashflowhedgegainlossbeforereclassificationaftertax": 26100000,
        "othercomprehensiveincomelosscashflowhedgegainlossreclassificationaftertax": 9700000,
        "othercomprehensiveincomelosspensionandotherpostretirementbenefitplansadjustmentnetoftax": -3000000,
        "othercomprehensiveincomelossnetoftax": -51400000,
        "comprehensiveincomenetoftaxincludingportionattributabletononcontrollinginterest": 380600000,
        "comprehensiveincomenetoftaxattributabletononcontrollinginterest": 900000,
        "comprehensiveincomenetoftax": 379700000
    },
    {
        "date": "2019-06-29",
        "symbol": "ZBH",
        "period": "Q2",
        "revenuefromcontractwithcustomerexcludingassessedtax": 294400000,
        "typeofrevenueextensiblelist": "us-gaap:ProductMember",
        "costofgoodsandservicessold": 7400000,
        "typeofcostgoodorserviceextensiblelist": "us-gaap:ProductMember",
        "amortizationofintangibleassets": 146900000,
        "researchanddevelopmentexpenseexcludingacquiredinprocesscost": 112100000,
        "sellinggeneralandadministrativeexpense": 840300000,
        "impairmentofintangibleassetsindefinitelivedexcludinggoodwill": 70100000,
        "acquisitionintegrationandrelatedexpenses": 10500000,
        "qualityremediationcosts": 23400000,
        "costsandexpenses": 1783900000,
        "operatingincomeloss": -275000000,
        "othernonoperatingincomeexpense": -5500000,
        "interestincomeexpensenet": -200000,
        "incomelossfromcontinuingoperationsbeforeincometaxesextraordinaryitemsnoncontrollinginterest": -3600000,
        "incometaxexpensebenefit": -1200000,
        "profitloss": -1800000,
        "netincomelossattributabletononcontrollinginterest": -1800000,
        "netincomeloss": 133699999.99999999,
        "earningspersharebasic": 0.65,
        "earningspersharediluted": 0.65,
        "weightedaveragenumberofsharesoutstandingbasic": 204800000,
        "weightedaveragenumberofdilutedsharesoutstanding": 206200000,
        "othercomprehensiveincomeforeigncurrencytransactionandtranslationgainlossarisingduringperiodnetoftax": 15100000,
        "othercomprehensiveincomelosscashflowhedgegainlossbeforereclassificationaftertax": 400000,
        "othercomprehensiveincomelosscashflowhedgegainlossreclassificationaftertax": 6200000,
        "othercomprehensiveincomelosspensionandotherpostretirementbenefitplansadjustmentnetoftax": -2400000,
        "othercomprehensiveincomelossnetoftax": 11700000,
        "comprehensiveincomenetoftaxincludingportionattributabletononcontrollinginterest": 143600000,
        "comprehensiveincomenetoftaxattributabletononcontrollinginterest": -1800000,
        "comprehensiveincomenetoftax": 145400000
    },
    {
        "date": "2019-03-30",
        "symbol": "ZBH",
        "period": "Q1",
        "revenuefromcontractwithcustomerexcludingassessedtax": 290500000,
        "typeofrevenueextensiblelist": "us-gaap:ProductMember",
        "costofgoodsandservicessold": 7200000,
        "typeofcostgoodorserviceextensiblelist": "us-gaap:ProductMember",
        "amortizationofintangibleassets": 143400000,
        "researchanddevelopmentexpenseexcludingacquiredinprocesscost": 101700000,
        "sellinggeneralandadministrativeexpense": 796400000,
        "acquisitionintegrationandrelatedexpenses": 10700000,
        "qualityremediationcosts": 19700000,
        "costsandexpenses": 1625300000,
        "operatingincomeloss": -253400000,
        "othernonoperatingincomeexpense": -5300000,
        "interestincomeexpensenet": -100000,
        "incomelossfromcontinuingoperationsbeforeincometaxesextraordinaryitemsnoncontrollinginterest": -3500000,
        "incometaxexpensebenefit": -1500000,
        "profitloss": 100000,
        "netincomelossattributabletononcontrollinginterest": 100000,
        "netincomeloss": 246100000,
        "earningspersharebasic": 1.2,
        "earningspersharediluted": 1.2,
        "weightedaveragenumberofsharesoutstandingbasic": 204400000,
        "weightedaveragenumberofdilutedsharesoutstanding": 205800000,
        "othercomprehensiveincomeforeigncurrencytransactionandtranslationgainlossarisingduringperiodnetoftax": -4400000,
        "othercomprehensiveincomelosscashflowhedgegainlossbeforereclassificationaftertax": 14500000,
        "othercomprehensiveincomelosscashflowhedgegainlossreclassificationaftertax": 8200000,
        "othercomprehensiveincomelosspensionandotherpostretirementbenefitplansadjustmentnetoftax": -2000000,
        "othercomprehensiveincomelossnetoftax": 3900000,
        "comprehensiveincomenetoftaxincludingportionattributabletononcontrollinginterest": 250100000,
        "comprehensiveincomenetoftaxattributabletononcontrollinginterest": 100000,
        "comprehensiveincomenetoftax": 250000000
    },
    {
        "date": "2018-12-30",
        "symbol": "ZBH",
        "period": "Q4",
        "typeofrevenueextensiblelist": "us-gaap:ProductMember",
        "typeofcostgoodorserviceextensiblelist": "us-gaap:ProductMember",
        "amortizationofintangibleassets": 148000000,
        "researchanddevelopmentexpenseexcludingacquiredinprocesscost": 101200000,
        "sellinggeneralandadministrativeexpense": 998600000,
        "costsandexpenses": 2861500000,
        "operatingincomeloss": 2073700000,
        "othernonoperatingincomeexpense": -6700000,
        "incomelossfromcontinuingoperationsbeforeincometaxesextraordinaryitemsnoncontrollinginterest": -4200000,
        "incometaxexpensebenefit": -1300000,
        "profitloss": -523300000,
        "netincomelossattributabletononcontrollinginterest": -1400000,
        "netincomeloss": -901100000,
        "earningspersharebasic": -4.430000000000001,
        "earningspersharediluted": -4.41,
        "weightedaveragenumberofsharesoutstandingbasic": -203400000,
        "othercomprehensiveincomeforeigncurrencytransactionandtranslationgainlossarisingduringperiodnetoftax": -8400000,
        "othercomprehensiveincomelosspensionandotherpostretirementbenefitplansadjustmentnetoftax": 21700000,
        "othercomprehensiveincomelossnetoftax": -19300000,
        "comprehensiveincomenetoftaxincludingportionattributabletononcontrollinginterest": -921800000,
        "comprehensiveincomenetoftax": -920400000
    },
    {
        "date": "2018-09-29",
        "symbol": "ZBH",
        "period": "Q3",
        "revenuefromcontractwithcustomerexcludingassessedtax": 279500000,
        "typeofrevenueextensiblelist": "us-gaap:ProductMember",
        "costofgoodsandservicessold": -4900000,
        "typeofcostgoodorserviceextensiblelist": "us-gaap:ProductMember",
        "amortizationofintangibleassets": 147600000,
        "researchanddevelopmentexpenseexcludingacquiredinprocesscost": 95700000,
        "sellinggeneralandadministrativeexpense": 787700000,
        "goodwillandintangibleassetimpairment": 3800000,
        "acquisitionintegrationandrelatedexpenses": 17400000,
        "qualityremediationcosts": 34200000,
        "costsandexpenses": 1613400000,
        "operatingincomeloss": 43300000,
        "othernonoperatingincomeexpense": -6700000,
        "investmentincomeinterest": 800000,
        "interestexpensedebt": 68300000,
        "incomelossfromcontinuingoperationsbeforeincometaxesextraordinaryitemsnoncontrollinginterest": -4300000,
        "incometaxexpensebenefit": -1000000,
        "profitloss": 162100000,
        "netincomelossattributabletononcontrollinginterest": -100000,
        "netincomeloss": 162200000,
        "earningspersharebasic": 0.8,
        "earningspersharediluted": 0.79,
        "weightedaveragenumberofsharesoutstandingbasic": 203700000,
        "weightedaveragenumberofdilutedsharesoutstanding": 205400000,
        "commonstockdividendspersharedeclared": 0.24,
        "othercomprehensiveincomeforeigncurrencytransactionandtranslationgainlossarisingduringperiodnetoftax": -44000000,
        "othercomprehensiveincomelosscashflowhedgegainlossbeforereclassificationaftertax": 32800000,
        "othercomprehensiveincomelosscashflowhedgegainlossreclassificationaftertax": -4100000,
        "othercomprehensiveincomelosspensionandotherpostretirementbenefitplansadjustmentnetoftax": -2000000,
        "othercomprehensiveincomelossnetoftax": -5100000,
        "comprehensiveincomenetoftaxincludingportionattributabletononcontrollinginterest": 157000000,
        "comprehensiveincomenetoftaxattributabletononcontrollinginterest": -100000,
        "comprehensiveincomenetoftax": 157100000
    },
    {
        "date": "2018-06-29",
        "symbol": "ZBH",
        "period": "Q2",
        "salesrevenuegoodsnet": 309100000,
        "costofgoodssold": -10500000,
        "amortizationofintangibleassets": 149500000,
        "researchanddevelopmentexpenseexcludingacquiredinprocesscost": 99100000,
        "sellinggeneralandadministrativeexpense": 807900000,
        "costsandexpenses": 1711600000,
        "operatingincomeloss": 39800000,
        "othernonoperatingincomeexpense": -6700000,
        "investmentincomeinterest": 600000,
        "interestexpensedebt": 75900000,
        "incomelossfromcontinuingoperationsbeforeincometaxesextraordinaryitemsnoncontrollinginterest": -4200000,
        "incometaxexpensebenefit": -1200000,
        "profitloss": 184900000,
        "netincomelossattributabletononcontrollinginterest": -100000,
        "netincomeloss": 185000000,
        "earningspersharebasic": 0.91,
        "earningspersharediluted": 0.91,
        "weightedaveragenumberofsharesoutstandingbasic": 200000,
        "weightedaveragenumberofdilutedsharesoutstanding": 0,
        "commonstockdividendspersharedeclared": 0.24,
        "othercomprehensiveincomeforeigncurrencytransactionandtranslationgainlossarisingduringperiodnetoftax": -177800000,
        "othercomprehensiveincomeunrealizedgainlossonderivativesarisingduringperiodnetoftax": 51600000,
        "othercomprehensiveincomelossreclassificationadjustmentfromaocionderivativesnetoftax": -9200000,
        "othercomprehensiveincomelosspensionandotherpostretirementbenefitplansadjustmentnetoftax": -5300000,
        "othercomprehensiveincomelossnetoftax": -111700000,
        "comprehensiveincomenetoftaxincludingportionattributabletononcontrollinginterest": 73200000,
        "comprehensiveincomenetoftaxattributabletononcontrollinginterest": 0,
        "comprehensiveincomenetoftax": 73200000
    },
    {
        "date": "2018-03-30",
        "symbol": "ZBH",
        "period": "Q1",
        "salesrevenuegoodsnet": 295000000,
        "costofgoodssold": -11100000,
        "amortizationofintangibleassets": 150800000,
        "researchanddevelopmentexpenseexcludingacquiredinprocesscost": 95700000,
        "sellinggeneralandadministrativeexpense": 785100000,
        "acquisitionqualityremediationandother": 105200000,
        "costsandexpenses": 1712600000,
        "operatingincomeloss": 53500000,
        "othernonoperatingincomeexpense": -6100000,
        "investmentincomeinterest": 900000,
        "interestexpensedebt": 78900000,
        "incomelossfromcontinuingoperationsbeforeincometaxesextraordinaryitemsnoncontrollinginterest": -3600000,
        "incometaxexpensebenefit": -800000,
        "profitloss": 176200000,
        "netincomelossattributabletononcontrollinginterest": 1500000,
        "netincomeloss": 174700000,
        "earningspersharebasic": 0.86,
        "earningspersharediluted": 0.85,
        "weightedaveragenumberofsharesoutstandingbasic": 203000000,
        "weightedaveragenumberofdilutedsharesoutstanding": 204600000,
        "commonstockdividendspersharedeclared": 0.24,
        "othercomprehensiveincomeforeigncurrencytransactionandtranslationgainlossarisingduringperiodnetoftax": 94800000,
        "othercomprehensiveincomeunrealizedgainlossonderivativesarisingduringperiodnetoftax": -26400000,
        "othercomprehensiveincomelossreclassificationadjustmentfromaocionderivativesnetoftax": -9700000,
        "othercomprehensiveincomelosspensionandotherpostretirementbenefitplansadjustmentnetoftax": 3300000,
        "othercomprehensiveincomelossnetoftax": 74800000,
        "comprehensiveincomenetoftaxincludingportionattributabletononcontrollinginterest": 251000000,
        "comprehensiveincomenetoftaxattributabletononcontrollinginterest": 1400000,
        "comprehensiveincomenetoftax": 249600000
    },
    {
        "date": "2017-12-30",
        "symbol": "ZBH",
        "period": "Q4",
        "salesrevenuegoodsnet": 87600000,
        "costofgoodssold": -6900000,
        "amortizationofintangibleassets": 151500000,
        "researchanddevelopmentexpenseexcludingacquiredinprocesscost": 95000000,
        "sellinggeneralandadministrativeexpense": 770600000,
        "specialitems": 199000000,
        "costsandexpenses": 2112200000,
        "operatingincomeloss": 2237300000,
        "othernonoperatingincomeexpense": -7100000,
        "investmentincomeinterest": 800000,
        "interestexpensedebt": 80000000,
        "incomelossfromcontinuingoperationsbeforeincometaxesextraordinaryitemsnoncontrollinginterest": -3300000,
        "incometaxexpensebenefit": -1100000,
        "profitloss": -582600000,
        "netincomeloss": 1231400000,
        "earningspersharebasic": 6.09,
        "earningspersharediluted": 6.04,
        "weightedaveragenumberofsharesoutstandingbasic": 200000,
        "weightedaveragenumberofdilutedsharesoutstanding": 100000,
        "commonstockdividendspersharedeclared": 0.24,
        "othercomprehensiveincomeforeigncurrencytransactionandtranslationgainlossarisingduringperiodnetoftax": 77100000,
        "othercomprehensiveincomeunrealizedgainlossonderivativesarisingduringperiodnetoftax": -15600000,
        "othercomprehensiveincomelossreclassificationadjustmentfromaocionderivativesnetoftax": -5600000,
        "othercomprehensiveincomelosspensionandotherpostretirementbenefitplansadjustmentnetoftax": -9600000,
        "othercomprehensiveincomelossnetoftax": 76700000,
        "comprehensiveincomenetoftaxincludingportionattributabletononcontrollinginterest": 1307900000,
        "comprehensiveincomenetoftaxattributabletononcontrollinginterest": -700000,
        "comprehensiveincomenetoftax": 1308600000
    },
    {
        "date": "2017-09-29",
        "symbol": "ZBH",
        "period": "Q3",
        "salesrevenuegoodsnet": -319600000,
        "costofgoodssold": -5000000,
        "amortizationofintangibleassets": 152700000,
        "researchanddevelopmentexpenseexcludingacquiredinprocesscost": 91200000,
        "sellinggeneralandadministrativeexpense": 694500000,
        "specialitems": 165400000,
        "costsandexpenses": 1604700000,
        "operatingincomeloss": 51100000,
        "othernonoperatingincomeexpense": -4500000,
        "investmentincomeinterest": 600000,
        "interestexpensedebt": 82300000,
        "incomelossfromcontinuingoperationsbeforeincometaxesextraordinaryitemsnoncontrollinginterest": -2800000,
        "incometaxexpensebenefit": -1100000,
        "profitloss": 98800000,
        "netincomelossattributabletononcontrollinginterest": 0,
        "netincomeloss": 98800000,
        "earningspersharebasic": 0.49,
        "earningspersharediluted": 0.49,
        "weightedaveragenumberofsharesoutstandingbasic": -201200000,
        "weightedaveragenumberofdilutedsharesoutstanding": -203200000,
        "commonstockdividendspersharedeclared": 0.24,
        "othercomprehensiveincomeforeigncurrencytransactionandtranslationgainlossarisingduringperiodnetoftax": 129700000,
        "othercomprehensiveincomeunrealizedgainlossonderivativesarisingduringperiodnetoftax": -28300000,
        "othercomprehensiveincomelossreclassificationadjustmentfromaocionderivativesnetoftax": -4100000,
        "othercomprehensiveincomelosspensionandotherpostretirementbenefitplansadjustmentnetoftax": 1000000,
        "othercomprehensiveincomelossnetoftax": 104500000,
        "comprehensiveincomenetoftaxincludingportionattributabletononcontrollinginterest": 203300000,
        "comprehensiveincomenetoftaxattributabletononcontrollinginterest": -200000,
        "comprehensiveincomenetoftax": 203500000
    },
    {
        "date": "2017-06-29",
        "symbol": "ZBH",
        "period": "Q2",
        "salesrevenuegoodsnet": 77000000,
        "costofgoodssold": 5900000,
        "amortizationofintangibleassets": 147700000,
        "researchanddevelopmentexpenseexcludingacquiredinprocesscost": 90100000,
        "sellinggeneralandadministrativeexpense": 748000000,
        "specialitems": 158600000,
        "costsandexpenses": 1672100000,
        "operatingincomeloss": 72500000,
        "othernonoperatingincomeexpense": -3900000,
        "investmentincomeinterest": 300000,
        "interestexpensedebt": 82300000,
        "incomelossfromcontinuingoperationsbeforeincometaxesextraordinaryitemsnoncontrollinginterest": -2700000,
        "incometaxexpensebenefit": -1100000,
        "profitloss": 184100000,
        "netincomelossattributabletononcontrollinginterest": -100000,
        "netincomeloss": 184200000,
        "earningspersharebasic": 0.91,
        "earningspersharediluted": 0.9,
        "weightedaveragenumberofsharesoutstandingbasic": 201800000,
        "weightedaveragenumberofdilutedsharesoutstanding": 203700000,
        "commonstockdividendspersharedeclared": 0.24,
        "othercomprehensiveincomeforeigncurrencytransactionandtranslationgainlossarisingduringperiodnetoftax": 189200000,
        "othercomprehensiveincomeunrealizedgainlossonderivativesarisingduringperiodnetoftax": -24800000,
        "othercomprehensiveincomelossreclassificationadjustmentfromaocionderivativesnetoftax": 4500000,
        "othercomprehensiveincomelosspensionandotherpostretirementbenefitplansadjustmentnetoftax": 500000,
        "othercomprehensiveincomelossnetoftax": 159400000,
        "comprehensiveincomenetoftaxincludingportionattributabletononcontrollinginterest": 343500000,
        "comprehensiveincomenetoftaxattributabletononcontrollinginterest": -200000,
        "comprehensiveincomenetoftax": 343700000
    },
    {
        "date": "2017-03-30",
        "symbol": "ZBH",
        "period": "Q1",
        "salesrevenuegoodsnet": 475700000,
        "costofgoodssold": 11100000,
        "amortizationofintangibleassets": 152000000,
        "researchanddevelopmentexpenseexcludingacquiredinprocesscost": 91100000,
        "sellinggeneralandadministrativeexpense": 760800000,
        "specialitems": 110100000,
        "costsandexpenses": 1626900000,
        "operatingincomeloss": 73600000,
        "othernonoperatingincomeexpense": -2800000,
        "investmentincomeinterest": 500000,
        "interestexpensedebt": 82900000,
        "incomelossfromcontinuingoperationsbeforeincometaxesextraordinaryitemsnoncontrollinginterest": -3000000,
        "incometaxexpensebenefit": -1200000,
        "profitloss": 299300000,
        "netincomelossattributabletononcontrollinginterest": -100000,
        "netincomeloss": 299400000,
        "earningspersharebasic": 1.49,
        "earningspersharediluted": 1.47,
        "weightedaveragenumberofsharesoutstandingbasic": 201100000,
        "weightedaveragenumberofdilutedsharesoutstanding": 203100000,
        "commonstockdividendspersharedeclared": 0.24,
        "othercomprehensiveincomeforeigncurrencytransactionandtranslationgainlossarisingduringperiodnetoftax": 49000000,
        "othercomprehensiveincomeunrealizedgainlossonderivativesarisingduringperiodnetoftax": -26300000,
        "othercomprehensiveincomelossreclassificationadjustmentfromaocionderivativesnetoftax": 9000000,
        "othercomprehensiveincomelosspensionandotherpostretirementbenefitplansadjustmentnetoftax": 3500000,
        "othercomprehensiveincomelossnetoftax": 10200000,
        "comprehensiveincomenetoftaxincludingportionattributabletononcontrollinginterest": 309500000,
        "comprehensiveincomenetoftaxattributabletononcontrollinginterest": -200000,
        "comprehensiveincomenetoftax": 309700000
    },
    {
        "date": "2016-12-30",
        "symbol": "ZBH",
        "period": "Q4",
        "salesrevenuegoodsnet": 482200000,
        "costofgoodssold": -81100000,
        "amortizationofintangibleassets": 141200000,
        "researchanddevelopmentexpenseexcludingacquiredinprocesscost": 95700000,
        "sellinggeneralandadministrativeexpense": 756300000,
        "specialitems": 214800000,
        "operatingincomeloss": 65100000,
        "investmentincomeinterest": 200000,
        "interestexpensedebt": 90100000,
        "incomelossfromcontinuingoperationsbeforeincometaxesextraordinaryitemsnoncontrollinginterest": -5800000,
        "incometaxexpensebenefit": -1900000,
        "profitloss": -236200000,
        "netincomelossattributabletononcontrollinginterest": 100000,
        "netincomeloss": 69600000,
        "earningspersharebasic": 0.3500000000000002,
        "earningspersharediluted": 0.33999999999999997,
        "weightedaveragenumberofsharesoutstandingbasic": 100000,
        "weightedaveragenumberofdilutedsharesoutstanding": 100000,
        "commonstockdividendspersharedeclared": 0.24,
        "othercomprehensiveincomeforeigncurrencytransactionandtranslationgainlossarisingduringperiodnetoftax": -243900000,
        "othercomprehensiveincomeunrealizedgainlossonderivativesarisingduringperiodnetoftax": 81300000,
        "othercomprehensiveincomelossreclassificationadjustmentfromaocionderivativesnetoftax": -32200000,
        "othercomprehensiveincomelosspensionandotherpostretirementbenefitplansadjustmentnetoftax": 300000,
        "othercomprehensiveincomelossnetoftax": -130600000,
        "comprehensiveincomenetoftaxincludingportionattributabletononcontrollinginterest": -60900000,
        "comprehensiveincomenetoftaxattributabletononcontrollinginterest": 300000,
        "comprehensiveincomenetoftax": -61200000
    },
    {
        "date": "2016-09-29",
        "symbol": "ZBH",
        "period": "Q3",
        "salesrevenuegoodsnet": 440600000,
        "costofgoodssold": 18100000,
        "amortizationofintangibleassets": 164300000,
        "researchanddevelopmentexpenseexcludingacquiredinprocesscost": 95600000,
        "sellinggeneralandadministrativeexpense": 727700000,
        "specialitems": 170400000,
        "operatingincomeloss": 50100000,
        "investmentincomeinterest": 600000,
        "interestexpensedebt": 91500000,
        "incomelossfromcontinuingoperationsbeforeincometaxesextraordinaryitemsnoncontrollinginterest": -3200000,
        "incometaxexpensebenefit": -1000000,
        "profitloss": 157900000,
        "netincomelossattributabletononcontrollinginterest": -900000,
        "netincomeloss": 158800000,
        "earningspersharebasic": 0.7899999999999998,
        "earningspersharediluted": 0.79,
        "weightedaveragenumberofsharesoutstandingbasic": 100000,
        "weightedaveragenumberofdilutedsharesoutstanding": 200000,
        "commonstockdividendspersharedeclared": 0.24,
        "othercomprehensiveincomeforeigncurrencytransactionandtranslationgainlossarisingduringperiodnetoftax": 58300000,
        "othercomprehensiveincomeunrealizedgainlossonderivativesarisingduringperiodnetoftax": -9700000,
        "othercomprehensiveincomelossreclassificationadjustmentfromaocionderivativesnetoftax": 13900000,
        "othercomprehensiveincomelosspensionandotherpostretirementbenefitplansadjustmentnetoftax": -1200000,
        "othercomprehensiveincomelossnetoftax": 35900000,
        "comprehensiveincomenetoftaxincludingportionattributabletononcontrollinginterest": 193800000,
        "comprehensiveincomenetoftaxattributabletononcontrollinginterest": -200000,
        "comprehensiveincomenetoftax": 194000000
    },
    {
        "date": "2016-06-29",
        "symbol": "ZBH",
        "period": "Q2",
        "salesrevenuegoodsnet": 477200000,
        "costofgoodssold": 26300000,
        "amortizationofintangibleassets": 133800000,
        "researchanddevelopmentexpenseexcludingacquiredinprocesscost": 88600000,
        "sellinggeneralandadministrativeexpense": 732000000,
        "specialitems": 132500000,
        "operatingexpenses": 1732400000,
        "operatingincomeloss": 75700000,
        "othernonoperatingexpense": 3800000,
        "investmentincomeinterest": 800000,
        "interestexpensedebt": 88100000,
        "incomelossfromcontinuingoperationsbeforeincometaxesextraordinaryitemsnoncontrollinginterest": -3000000,
        "incometaxexpensebenefit": -1200000,
        "profitloss": -28800000,
        "netincomelossattributabletononcontrollinginterest": -400000,
        "netincomeloss": -28400000,
        "earningspersharebasic": -0.14,
        "earningspersharediluted": -0.14,
        "weightedaveragenumberofsharesoutstandingbasic": -300000,
        "weightedaveragenumberofdilutedsharesoutstanding": 100000,
        "commonstockdividendspersharedeclared": 0.24,
        "othercomprehensiveincomeforeigncurrencytransactionandtranslationgainlossarisingduringperiodnetoftax": -78600000,
        "othercomprehensiveincomeunrealizedgainlossonderivativesarisingduringperiodnetoftax": 800000,
        "othercomprehensiveincomelossreclassificationadjustmentfromaocionderivativesnetoftax": 19700000,
        "othercomprehensiveincomeunrealizedholdinggainlossonsecuritiesarisingduringperiodnetoftax": 0,
        "othercomprehensiveincomelosspensionandotherpostretirementbenefitplansadjustmentnetoftax": -1100000,
        "othercomprehensiveincomelossnetoftax": -96400000,
        "comprehensiveincomenetoftaxincludingportionattributabletononcontrollinginterest": -125200000,
        "comprehensiveincomenetoftaxattributabletononcontrollinginterest": -400000,
        "comprehensiveincomenetoftax": -124800000
    },
    {
        "date": "2016-03-30",
        "symbol": "ZBH",
        "period": "Q1",
        "salesrevenuegoodsnet": 467900000,
        "costofgoodssold": 32100000,
        "amortizationofintangibleassets": 126600000,
        "researchanddevelopmentexpenseexcludingacquiredinprocesscost": 85700000,
        "sellinggeneralandadministrativeexpense": 716900000,
        "specialitems": 94100000,
        "operatingexpenses": 1658500000,
        "operatingincomeloss": 58200000,
        "othernonoperatingexpense": 3800000,
        "investmentincomeinterest": 1300000,
        "interestexpensedebt": 88200000,
        "incomelossfromcontinuingoperationsbeforeincometaxesextraordinaryitemsnoncontrollinginterest": -3100000,
        "incometaxexpensebenefit": -1100000,
        "profitloss": 105800000,
        "netincomelossattributabletononcontrollinginterest": -100000,
        "netincomeloss": 105900000,
        "earningspersharebasic": 0.53,
        "earningspersharediluted": 0.52,
        "weightedaveragenumberofsharesoutstandingbasic": 200100000,
        "weightedaveragenumberofdilutedsharesoutstanding": 202000000,
        "commonstockdividendspersharedeclared": 0.24,
        "othercomprehensiveincomeforeigncurrencytransactionandtranslationgainlossarisingduringperiodnetoftax": 134200000,
        "othercomprehensiveincomeunrealizedgainlossonderivativesarisingduringperiodnetoftax": -44100000,
        "othercomprehensiveincomelossreclassificationadjustmentfromaocionderivativesnetoftax": 24400000,
        "othercomprehensiveincomeunrealizedholdinggainlossonsecuritiesarisingduringperiodnetoftax": 400000,
        "othercomprehensiveincomelosspensionandotherpostretirementbenefitplansadjustmentnetoftax": -20000000,
        "othercomprehensiveincomelossnetoftax": 86100000,
        "comprehensiveincomenetoftaxincludingportionattributabletononcontrollinginterest": 191900000,
        "comprehensiveincomenetoftaxattributabletononcontrollinginterest": -200000,
        "comprehensiveincomenetoftax": 192100000
    },
    {
        "date": "2015-09-29",
        "symbol": "ZBH",
        "period": "Q3",
        "salesrevenuegoodsnet": 529700000,
        "amortizationofintangibleassets": 122600000,
        "researchanddevelopmentexpenseexcludingacquiredinprocesscost": 83100000,
        "sellinggeneralandadministrativeexpense": 690500000,
        "specialitems": 195500000,
        "operatingexpenses": 2223000000,
        "operatingincomeloss": -62800000,
        "investmentincomeinterest": 2300000,
        "interestexpensedebt": 90800000,
        "incometaxexpensebenefit": -2800000,
        "profitloss": 900000,
        "netincomelossattributabletononcontrollinginterest": 0,
        "netincomeloss": 900000,
        "earningspersharebasic": -0.020000000000000018,
        "earningspersharediluted": 0,
        "weightedaveragenumberofsharesoutstandingbasic": -160900000,
        "weightedaveragenumberofdilutedsharesoutstanding": -161200000,
        "commonstockdividendspersharedeclared": 0.22000000000000006,
        "othercomprehensiveincomeforeigncurrencytransactionandtranslationgainlossarisingduringperiodnetoftax": -151700000,
        "othercomprehensiveincomeunrealizedgainlossonderivativesarisingduringperiodnetoftax": 4100000,
        "othercomprehensiveincomelossreclassificationadjustmentfromaocionderivativesnetoftax": 23000000,
        "othercomprehensiveincomeunrealizedholdinggainlossonsecuritiesarisingduringperiodnetoftax": 0,
        "othercomprehensiveincomelosspensionandotherpostretirementbenefitplansadjustmentnetoftax": -5800000,
        "othercomprehensiveincomelossnetoftax": -164800000,
        "comprehensiveincomenetoftaxincludingportionattributabletononcontrollinginterest": -163900000,
        "comprehensiveincomenetoftaxattributabletononcontrollinginterest": -100000,
        "comprehensiveincomenetoftax": -163800000
    },
    {
        "date": "2015-06-29",
        "symbol": "ZBH",
        "period": "Q2",
        "salesrevenuegoodsnet": 59900000,
        "costofgoodssold": 33100000,
        "grossprofit": 877100000,
        "researchanddevelopmentexpenseexcludingacquiredinprocesscost": 51400000,
        "sellinggeneralandadministrativeexpense": 445100000,
        "amortizationofintangibleassets": 33000000,
        "certainclaims": 7700000,
        "specialitems": 469400000,
        "operatingexpenses": 1006600000,
        "operatingincomeloss": 59900000,
        "othernonoperatingexpense": 4000000,
        "investmentincomeinterest": 2500000,
        "interestexpensedebt": 82700000,
        "incomelossfromcontinuingoperationsbeforeincometaxesminorityinterestandincomelossfromequitymethodinvestments": -213700000,
        "incometaxexpensebenefit": -1500000,
        "profitloss": -158200000,
        "netincomelossattributabletononcontrollinginterest": -200000,
        "netincomeloss": -158000000,
        "earningspersharebasic": -0.91,
        "earningspersharediluted": -0.91,
        "weightedaveragenumberofsharesoutstandingbasic": 173000000,
        "weightedaveragenumberofdilutedsharesoutstanding": 173000000,
        "commonstockdividendspersharedeclared": 0.22,
        "othercomprehensiveincomeforeigncurrencytransactionandtranslationgainlossarisingduringperiodnetoftax": 27800000,
        "othercomprehensiveincomeunrealizedgainlossonderivativesarisingduringperiodnetoftax": -13100000,
        "othercomprehensiveincomelossreclassificationadjustmentfromaocionderivativesnetoftax": 25100000,
        "othercomprehensiveincomeunrealizedholdinggainlossonsecuritiesarisingduringperiodnetoftax": -100000,
        "othercomprehensiveincomelosspensionandotherpostretirementbenefitplansadjustmentnetoftax": -1500000,
        "othercomprehensiveincomelossnetoftax": -9000000,
        "comprehensiveincomenetoftaxincludingportionattributabletononcontrollinginterest": -167200000,
        "comprehensiveincomenetoftaxattributabletononcontrollinginterest": -200000,
        "comprehensiveincomenetoftax": -167000000
    },
    {
        "date": "2015-03-30",
        "symbol": "ZBH",
        "period": "Q1",
        "salesrevenuegoodsnet": 52200000,
        "costofgoodssold": 28100000,
        "grossprofit": 855700000,
        "researchanddevelopmentexpenseexcludingacquiredinprocesscost": 48400000,
        "sellinggeneralandadministrativeexpense": 425000000,
        "amortizationofintangibleassets": 20400000,
        "specialitems": 87000000,
        "operatingexpenses": 580800000,
        "operatingincomeloss": 320300000,
        "othernonoperatingexpense": 22600000,
        "investmentincomeinterest": 2600000,
        "interestexpensedebt": 23100000,
        "incomelossfromcontinuingoperationsbeforeincometaxesminorityinterestandincomelossfromequitymethodinvestments": 231800000,
        "incometaxexpensebenefit": 700000,
        "profitloss": 176800000,
        "netincomelossattributabletononcontrollinginterest": -300000,
        "netincomeloss": 177100000,
        "earningspersharebasic": 1.04,
        "earningspersharediluted": 1.02,
        "weightedaveragenumberofsharesoutstandingbasic": 170000000,
        "weightedaveragenumberofdilutedsharesoutstanding": 172900000,
        "commonstockdividendspersharedeclared": 0.22,
        "othercomprehensiveincomeforeigncurrencytransactionandtranslationgainlossarisingduringperiodnetoftax": -152700000,
        "othercomprehensiveincomeunrealizedgainlossonderivativesarisingduringperiodnetoftax": 52400000,
        "othercomprehensiveincomelossreclassificationadjustmentfromaocionderivativesnetoftax": 21600000,
        "othercomprehensiveincomeunrealizedholdinggainlossonsecuritiesarisingduringperiodnetoftax": 600000,
        "othercomprehensiveincomelosspensionandotherpostretirementbenefitplansadjustmentnetoftax": -3900000,
        "othercomprehensiveincomelossnetoftax": -117400000,
        "comprehensiveincomenetoftaxincludingportionattributabletononcontrollinginterest": 59400000,
        "comprehensiveincomenetoftaxattributabletononcontrollinginterest": 200000,
        "comprehensiveincomenetoftax": 59200000
    },
    {
        "date": "2014-12-30",
        "symbol": "ZBH",
        "period": "Q4",
        "salesrevenuegoodsnet": 53900000,
        "costofgoodssold": 33600000,
        "grossprofit": 910000000,
        "researchanddevelopmentexpenseexcludingacquiredinprocesscost": 46600000,
        "sellinggeneralandadministrativeexpense": 458900000,
        "specialitems": 179000000,
        "operatingexpenses": 684200000,
        "operatingincomeloss": -1541800000,
        "interestexpensedebt": 16000000,
        "incomelossfromcontinuingoperationsbeforeincometaxesminorityinterestandincomelossfromequitymethodinvestments": 194200000,
        "incometaxexpensebenefit": -13400000,
        "profitloss": -563600000,
        "netincomelossattributabletononcontrollinginterest": -100000,
        "netincomeloss": 156600000,
        "earningspersharebasic": 0.9199999999999999,
        "earningspersharediluted": 0.9000000000000004,
        "weightedaveragenumberofsharesoutstandingbasic": 200000,
        "weightedaveragenumberofdilutedsharesoutstanding": 200000,
        "commonstockdividendspersharedeclared": 0.21999999999999995,
        "othercomprehensiveincomeunrealizedgainlossonderivativesarisingduringperiodnetoftax": 17400000,
        "othercomprehensiveincomelossreclassificationadjustmentfromaocionderivativesnetoftax": 9200000,
        "othercomprehensiveincomelosspensionandotherpostretirementbenefitplansadjustmentnetoftax": 79600000,
        "othercomprehensiveincomelossnetoftax": -182600000,
        "comprehensiveincomenetoftaxincludingportionattributabletononcontrollinginterest": -26100000,
        "comprehensiveincomenetoftaxattributabletononcontrollinginterest": -100000,
        "comprehensiveincomenetoftax": -26000000
    },
    {
        "date": "2014-09-29",
        "symbol": "ZBH",
        "period": "Q3",
        "salesrevenuegoodsnet": -254000000,
        "costofgoodssold": -12000000,
        "grossprofit": 807700000,
        "researchanddevelopmentexpenseexcludingacquiredinprocesscost": 46100000,
        "sellinggeneralandadministrativeexpense": 443500000,
        "specialitems": 66900000,
        "operatingexpenses": 556500000,
        "operatingincomeloss": 749300000,
        "interestexpensedebt": 16300000,
        "incomelossfromcontinuingoperationsbeforeincometaxesminorityinterestandincomelossfromequitymethodinvestments": 227400000,
        "incometaxexpensebenefit": 3600000,
        "profitloss": 165300000,
        "netincomelossattributabletononcontrollinginterest": -200000,
        "netincomeloss": 165500000,
        "earningspersharebasic": 0.98,
        "earningspersharediluted": 0.9700000000000002,
        "weightedaveragenumberofsharesoutstandingbasic": 100000,
        "weightedaveragenumberofdilutedsharesoutstanding": 100000,
        "commonstockdividendspersharedeclared": 0.22000000000000006,
        "othercomprehensiveincomeunrealizedgainlossonderivativesarisingduringperiodnetoftax": 49900000,
        "othercomprehensiveincomelossreclassificationadjustmentfromaocionderivativesnetoftax": 5000000,
        "othercomprehensiveincomeunrealizedholdinggainlossonsecuritiesarisingduringperiodnetoftax": 0,
        "othercomprehensiveincomelosspensionandotherpostretirementbenefitplansadjustmentnetoftax": -2100000,
        "othercomprehensiveincomelossnetoftax": -87600000,
        "comprehensiveincomenetoftaxincludingportionattributabletononcontrollinginterest": 77700000,
        "comprehensiveincomenetoftaxattributabletononcontrollinginterest": -100000,
        "comprehensiveincomenetoftax": 77800000
    },
    {
        "date": "2014-06-29",
        "symbol": "ZBH",
        "period": "Q2",
        "salesrevenuegoodsnet": 208500000,
        "costofgoodssold": 16700000,
        "grossprofit": 849700000,
        "researchanddevelopmentexpenseexcludingacquiredinprocesscost": 48100000,
        "sellinggeneralandadministrativeexpense": 455800000,
        "specialitems": 64700000,
        "operatingexpenses": 590400000,
        "operatingincomeloss": 93900000,
        "investmentincomeinterest": 0,
        "interestexpensedebt": 15800000,
        "incomelossfromcontinuingoperationsbeforeincometaxesminorityinterestandincomelossfromequitymethodinvestments": 236400000,
        "incometaxexpensebenefit": 3900000,
        "profitloss": 176100000,
        "netincomelossattributabletononcontrollinginterest": -400000,
        "netincomeloss": 176500000,
        "earningspersharebasic": 1.0499999999999998,
        "earningspersharediluted": 1.0299999999999998,
        "weightedaveragenumberofsharesoutstandingbasic": -400000,
        "weightedaveragenumberofdilutedsharesoutstanding": -400000,
        "commonstockdividendspersharedeclared": 0.22,
        "othercomprehensiveincomelossforeigncurrencytransactionandtranslationadjustmentnetoftax": -12300000,
        "othercomprehensiveincomeunrealizedgainlossonderivativesarisingduringperiodnetoftax": -8300000,
        "othercomprehensiveincomelossreclassificationadjustmentfromaocionderivativesnetoftax": 2700000,
        "othercomprehensiveincomeunrealizedholdinggainlossonsecuritiesarisingduringperiodnetoftax": 100000,
        "othercomprehensiveincomelossreclassificationadjustmentfromaociforsaleofsecuritiesnetoftax": 0,
        "othercomprehensiveincomelosspensionandotherpostretirementbenefitplansadjustmentnetoftax": -3600000,
        "othercomprehensiveincomelossnetoftax": -19600000,
        "comprehensiveincomenetoftaxincludingportionattributabletononcontrollinginterest": 156500000,
        "comprehensiveincomenetoftaxattributabletononcontrollinginterest": -400000,
        "comprehensiveincomenetoftax": 156900000
    },
    {
        "date": "2014-03-30",
        "symbol": "ZBH",
        "period": "Q1",
        "salesrevenuegoodsnet": 195900000,
        "costofgoodssold": -5000000,
        "grossprofit": 856100000,
        "researchanddevelopmentexpenseexcludingacquiredinprocesscost": 47500000,
        "sellinggeneralandadministrativeexpense": 464300000,
        "specialitems": 45900000,
        "operatingexpenses": 557700000,
        "operatingincomeloss": 94500000,
        "investmentincomeinterest": 400000,
        "interestexpensedebt": 15000000,
        "incomelossfromcontinuingoperationsbeforeincometaxesminorityinterestandincomelossfromequitymethodinvestments": 285900000,
        "incometaxexpensebenefit": 2900000,
        "profitloss": 221100000,
        "netincomelossattributabletononcontrollinginterest": -400000,
        "netincomeloss": 221500000,
        "earningspersharebasic": 1.31,
        "earningspersharediluted": 1.29,
        "weightedaveragenumberofsharesoutstandingbasic": 169100000,
        "weightedaveragenumberofdilutedsharesoutstanding": 171800000,
        "commonstockdividendspersharedeclared": 0.22,
        "othercomprehensiveincomelossforeigncurrencytransactionandtranslationadjustmentnetoftax": 15900000,
        "othercomprehensiveincomeunrealizedgainlossonderivativesarisingduringperiodnetoftax": -3100000,
        "othercomprehensiveincomelossreclassificationadjustmentfromaocionderivativesnetoftax": 2000000,
        "othercomprehensiveincomeunrealizedholdinggainlossonsecuritiesarisingduringperiodnetoftax": 100000,
        "othercomprehensiveincomelossreclassificationadjustmentfromaociforsaleofsecuritiesnetoftax": 400000,
        "othercomprehensiveincomelosspensionandotherpostretirementbenefitplansadjustmentnetoftax": 1900000,
        "othercomprehensiveincomelossnetoftax": 8600000,
        "comprehensiveincomenetoftaxincludingportionattributabletononcontrollinginterest": 229700000,
        "comprehensiveincomenetoftaxattributabletononcontrollinginterest": -400000,
        "comprehensiveincomenetoftax": 230100000
    },
    {
        "date": "2013-12-30",
        "symbol": "ZBH",
        "period": "Q4",
        "salesrevenuegoodsnet": 115900000,
        "costofgoodssold": -4500000,
        "grossprofit": 899900000,
        "sellinggeneralandadministrativeexpense": 477000000,
        "specialitems": 372200000,
        "operatingexpenses": 584600000,
        "operatingincomeloss": 315300000,
        "investmentincomeinterest": 4200000,
        "interestexpensedebt": 16500000,
        "incomelossfromcontinuingoperationsbeforeincometaxesminorityinterestandincomelossfromequitymethodinvestments": 303000000,
        "incometaxexpensebenefit": -3600000,
        "profitloss": 237200000,
        "netincomelossattributabletononcontrollinginterest": -500000,
        "netincomeloss": 235900000,
        "earningspersharebasic": 1.39,
        "earningspersharediluted": 1.36,
        "weightedaveragenumberofsharesoutstandingbasic": 400000,
        "weightedaveragenumberofdilutedsharesoutstanding": 600000,
        "commonstockdividendspersharedeclared": 0.20000000000000007,
        "othercomprehensiveincomelossforeigncurrencytransactionandtranslationadjustmentnetoftax": 7000000,
        "othercomprehensiveincomeunrealizedgainlossonderivativesarisingduringperiodnetoftax": 8900000,
        "othercomprehensiveincomeunrealizedholdinggainlossonsecuritiesarisingduringperiodnetoftax": 200000,
        "othercomprehensiveincomelosspensionandotherpostretirementbenefitplansadjustmentnetoftax": -28600000,
        "othercomprehensiveincomelossnetoftax": 42300000,
        "comprehensiveincomenetoftaxincludingportionattributabletononcontrollinginterest": 277700000,
        "comprehensiveincomenetoftaxattributabletononcontrollinginterest": -600000,
        "comprehensiveincomenetoftax": 278300000
    },
    {
        "date": "2013-09-29",
        "symbol": "ZBH",
        "period": "Q3",
        "salesrevenuegoodsnet": -748600000,
        "costofgoodssold": -620000000,
        "grossprofit": 745500000,
        "sellinggeneralandadministrativeexpense": 438000000,
        "specialitems": -264600000,
        "operatingexpenses": 533800000,
        "operatingincomeloss": 1004300000,
        "investmentincomeinterest": 3800000,
        "interestexpensedebt": 17100000,
        "incomelossfromcontinuingoperationsbeforeincometaxesminorityinterestandincomelossfromequitymethodinvestments": 198400000,
        "incometaxexpensebenefit": -111200000,
        "profitloss": 154100000,
        "netincomelossattributabletononcontrollinginterest": -300000,
        "netincomeloss": 154400000,
        "earningspersharebasic": 0.9000000000000001,
        "earningspersharediluted": 0.8999999999999997,
        "weightedaveragenumberofsharesoutstandingbasic": -168300000,
        "weightedaveragenumberofdilutedsharesoutstanding": -170200000,
        "commonstockdividendspersharedeclared": 0.19999999999999996,
        "othercomprehensiveincomelossforeigncurrencytransactionandtranslationadjustmentnetoftax": 45400000,
        "othercomprehensiveincomeunrealizedgainlossonderivativesarisingduringperiodnetoftax": -18300000,
        "othercomprehensiveincomeunrealizedholdinggainlossonsecuritiesarisingduringperiodnetoftax": 900000,
        "othercomprehensiveincomelosspensionandotherpostretirementbenefitplansadjustmentnetoftax": -3400000,
        "othercomprehensiveincomelossnetoftax": 27900000,
        "comprehensiveincomenetoftaxincludingportionattributabletononcontrollinginterest": 182000000,
        "comprehensiveincomenetoftaxattributabletononcontrollinginterest": -400000,
        "comprehensiveincomenetoftax": 182400000
    },
    {
        "date": "2013-06-29",
        "symbol": "ZBH",
        "period": "Q2",
        "salesrevenuegoodsnet": 868000000,
        "costofgoodssold": 323600000,
        "grossprofit": 845900000,
        "researchanddevelopmentexpenseexcludingacquiredinprocesscost": 54900000,
        "sellinggeneralandadministrativeexpense": 458000000,
        "certainclaims": 47000000,
        "specialitems": 75600000,
        "operatingexpenses": 635500000,
        "operatingincomeloss": -147500000,
        "investmentincomeinterest": 3900000,
        "interestexpensedebt": 18300000,
        "incomelossfromcontinuingoperationsbeforeincometaxesminorityinterestandincomelossfromequitymethodinvestments": 196000000,
        "incometaxexpensebenefit": 44300000,
        "profitloss": 151700000,
        "netincomelossattributabletononcontrollinginterest": -400000,
        "netincomeloss": 152100000,
        "earningspersharebasic": 0.9,
        "earningspersharediluted": 0.89,
        "weightedaveragenumberofsharesoutstandingbasic": 168800000,
        "weightedaveragenumberofdilutedsharesoutstanding": 170700000,
        "commonstockdividendspersharedeclared": 0.2,
        "othercomprehensiveincomelossforeigncurrencytransactionandtranslationadjustmentnetoftax": -31800000,
        "othercomprehensiveincomeunrealizedgainlossonderivativesarisingduringperiodnetoftax": 13600000,
        "othercomprehensiveincomelossreclassificationadjustmentonderivativesincludedinnetincomenetoftax": -2400000,
        "othercomprehensiveincomeunrealizedholdinggainlossonsecuritiesarisingduringperiodnetoftax": -900000,
        "othercomprehensiveincomelosspensionandotherpostretirementbenefitplansadjustmentnetoftax": -2300000,
        "othercomprehensiveincomelossnetoftax": -19200000,
        "comprehensiveincomenetoftaxincludingportionattributabletononcontrollinginterest": 132500000,
        "comprehensiveincomenetoftaxattributabletononcontrollinginterest": -400000,
        "comprehensiveincomenetoftax": 132900000
    },
    {
        "date": "2013-03-30",
        "symbol": "ZBH",
        "period": "Q1",
        "salesrevenuegoodsnet": 196700000,
        "costofgoodssold": 292900000,
        "grossprofit": 846000000,
        "researchanddevelopmentexpense": 53500000,
        "sellinggeneralandadministrativeexpense": 460800000,
        "specialitems": 33500000,
        "operatingexpenses": 547800000,
        "operatingincomeloss": -136500000,
        "investmentincomeinterest": 3700000,
        "interestexpensedebt": 18200000,
        "incomelossfromcontinuingoperationsbeforeincometaxesminorityinterestandincomelossfromequitymethodinvestments": 283700000,
        "incometaxexpensebenefit": 65700000,
        "profitloss": 218000000,
        "netincomelossattributabletononcontrollinginterest": -600000,
        "netincomeloss": 218600000,
        "earningspersharebasic": 1.3,
        "earningspersharediluted": 1.28,
        "weightedaveragenumberofsharesoutstandingbasic": 168700000,
        "weightedaveragenumberofdilutedsharesoutstanding": 170700000,
        "commonstockdividendspersharedeclared": 0.2,
        "othercomprehensiveincomelossforeigncurrencytransactionandtranslationadjustmentnetoftax": -65000000,
        "othercomprehensiveincomeunrealizedgainlossonderivativesarisingduringperiodnetoftax": 29200000,
        "othercomprehensiveincomelossreclassificationadjustmentonderivativesincludedinnetincomenetoftax": 3900000,
        "othercomprehensiveincomeunrealizedholdinggainlossonsecuritiesarisingduringperiodnetoftax": -100000,
        "othercomprehensiveincomelosspensionandotherpostretirementbenefitplansadjustmentnetoftax": -4200000,
        "othercomprehensiveincomelossnetoftax": -27800000,
        "comprehensiveincomenetoftaxincludingportionattributabletononcontrollinginterest": 190200000,
        "comprehensiveincomenetoftaxattributabletononcontrollinginterest": -600000,
        "comprehensiveincomenetoftax": 190800000
    },
    {
        "date": "2012-12-30",
        "symbol": "ZBH",
        "period": "Q4",
        "salesrevenuegoodsnet": 472200000,
        "costofgoodssold": 298900000,
        "grossprofit": 881600000,
        "sellinggeneralandadministrativeexpense": 460500000,
        "specialitems": 54300000,
        "operatingexpenses": 681100000,
        "operatingincomeloss": 1021800000,
        "investmentincomeinterest": 4900000,
        "interestexpensedebt": 18900000,
        "incomelossfromcontinuingoperationsbeforeincometaxesminorityinterestandincomelossfromequitymethodinvestments": 186500000,
        "incometaxexpensebenefit": 34200000,
        "profitloss": -602700000,
        "netincomelossattributabletononcontrollinginterest": -500000,
        "netincomeloss": 152800000,
        "earningspersharebasic": 0.9000000000000001,
        "earningspersharediluted": 0.8799999999999999,
        "weightedaveragenumberofsharesoutstandingbasic": -351800000,
        "weightedaveragenumberofdilutedsharesoutstanding": -354000000,
        "othercomprehensiveincomeunrealizedgainlossonderivativesarisingduringperiodnetoftax": 22600000,
        "othercomprehensiveincomeunrealizedholdinggainlossonsecuritiesarisingduringperiodnetoftax": -200000,
        "comprehensiveincomenetoftaxincludingportionattributabletononcontrollinginterest": 185000000,
        "comprehensiveincomenetoftaxattributabletononcontrollinginterest": -500000,
        "comprehensiveincomenetoftax": 185500000
    },
    {
        "date": "2012-09-29",
        "symbol": "ZBH",
        "period": "Q3",
        "salesrevenuegoodsnet": 196400000,
        "costofgoodssold": 255700000,
        "grossprofit": 769800000,
        "researchanddevelopmentexpense": 53500000,
        "sellinggeneralandadministrativeexpense": 430000000,
        "specialitems": 36900000,
        "operatingexpenses": 520400000,
        "operatingincomeloss": -131100000,
        "investmentincomeinterest": 3800000,
        "interestexpensedebt": 18300000,
        "incomelossfromcontinuingoperationsbeforeincometaxesminorityinterestandincomelossfromequitymethodinvestments": 234900000,
        "incometaxexpensebenefit": 57200000,
        "profitloss": 177700000,
        "netincomelossattributabletononcontrollinginterest": -400000,
        "netincomeloss": 178100000,
        "earningspersharebasic": 1.02,
        "earningspersharediluted": 1.02,
        "weightedaveragenumberofsharesoutstandingbasic": 174100000,
        "weightedaveragenumberofdilutedsharesoutstanding": 175300000,
        "commonstockdividendspersharedeclared": 0.18,
        "othercomprehensiveincomelossforeigncurrencytransactionandtranslationadjustmentnetoftax": 67200000,
        "othercomprehensiveincomeunrealizedgainlossonderivativesarisingduringperiodnetoftax": -35900000,
        "othercomprehensiveincomelossreclassificationadjustmentonderivativesincludedinnetincomenetoftax": 100000,
        "othercomprehensiveincomeunrealizedholdinggainlossonsecuritiesarisingduringperiodnetoftax": 300000,
        "othercomprehensiveincomelosspensionandotherpostretirementbenefitplansadjustmentnetoftax": -4000000,
        "othercomprehensiveincomelossnetoftax": 35700000,
        "comprehensiveincomenetoftaxincludingportionattributabletononcontrollinginterest": 213400000,
        "comprehensiveincomenetoftaxattributabletononcontrollinginterest": -300000,
        "comprehensiveincomenetoftax": 213700000
    },
    {
        "date": "2012-06-29",
        "symbol": "ZBH",
        "period": "Q2",
        "salesrevenuegoodsnet": 73900000,
        "costofgoodssold": 281900000,
        "grossprofit": 843100000,
        "researchanddevelopmentexpenseexcludingacquiredinprocesscost": 57200000,
        "sellinggeneralandadministrativeexpense": 453300000,
        "specialitems": 30700000,
        "operatingexpenses": 541200000,
        "operatingincomeloss": 79000000,
        "investmentincomeinterest": 3800000,
        "interestexpensedebt": 18100000,
        "incomelossfromcontinuingoperationsbeforeincometaxesminorityinterestandincomelossfromequitymethodinvestments": 287600000,
        "incometaxexpensebenefit": 73600000,
        "profitloss": 214000000,
        "netincomelossattributabletononcontrollinginterest": -500000,
        "netincomeloss": 214500000,
        "earningspersharebasic": 1.22,
        "earningspersharediluted": 1.22,
        "weightedaveragenumberofsharesoutstandingbasic": 175200000,
        "weightedaveragenumberofdilutedsharesoutstanding": 176200000,
        "commonstockdividendspersharedeclared": 0.18,
        "othercomprehensiveincomelossforeigncurrencytransactionandtranslationadjustmentnetoftax": -75200000,
        "othercomprehensiveincomeunrealizedgainlossonderivativesarisingduringperiodnetoftax": 20100000,
        "othercomprehensiveincomelossreclassificationadjustmentonderivativesincludedinnetincomenetoftax": 1300000,
        "othercomprehensiveincomeunrealizedholdinggainlossonsecuritiesarisingduringperiodnetoftax": 100000,
        "othercomprehensiveincomelosspensionandotherpostretirementbenefitplansadjustmentnetoftax": -1600000,
        "othercomprehensiveincomelossnetoftax": -52100000,
        "comprehensiveincomenetoftaxincludingportionattributabletononcontrollinginterest": 161900000,
        "comprehensiveincomenetoftaxattributabletononcontrollinginterest": -700000,
        "comprehensiveincomenetoftax": 162600000
    },
    {
        "date": "2012-03-30",
        "symbol": "ZBH",
        "period": "Q1",
        "salesrevenuegoodsnet": 75500000,
        "costofgoodssold": 288700000,
        "grossprofit": 852000000,
        "researchanddevelopmentexpenseexcludingacquiredinprocesscost": 59600000,
        "sellinggeneralandadministrativeexpense": 463300000,
        "specialitems": 33500000,
        "operatingexpenses": 556400000,
        "operatingincomeloss": 77700000,
        "investmentincomeinterest": 3100000,
        "interestexpensedebt": 17600000,
        "incomelossfromcontinuingoperationsbeforeincometaxesminorityinterestandincomelossfromequitymethodinvestments": 281100000,
        "incometaxexpensebenefit": 72200000,
        "profitloss": 208900000,
        "netincomelossattributabletononcontrollinginterest": -700000,
        "netincomeloss": 209600000,
        "earningspersharebasic": 1.18,
        "earningspersharediluted": 1.17,
        "weightedaveragenumberofsharesoutstandingbasic": 177400000,
        "weightedaveragenumberofdilutedsharesoutstanding": 178500000,
        "othercomprehensiveincomeforeigncurrencytransactionandtranslationadjustmentnetoftaxperiodincreasedecrease": 28100000,
        "othercomprehensiveincomeunrealizedgainlossonderivativesarisingduringperiodnetoftax": 4100000,
        "othercomprehensiveincomereclassificationadjustmentonderivativesincludedinnetincomenetoftax": -900000,
        "othercomprehensiveincomeunrealizedholdinggainlossonsecuritiesarisingduringperiodnetoftax": 200000,
        "othercomprehensiveincomedefinedbenefitplansadjustmentnetoftaxperiodincreasedecrease": 22900000,
        "othercomprehensiveincomelossnetoftaxperiodincreasedecrease": 56200000,
        "comprehensiveincomenetoftaxincludingportionattributabletononcontrollinginterest": 265100000,
        "comprehensiveincomenetoftaxattributabletononcontrollinginterest": -700000,
        "comprehensiveincomenetoftax": 265800000
    },
    {
        "date": "2011-12-30",
        "symbol": "ZBH",
        "period": "Q4",
        "grossprofit": 864100000,
        "researchanddevelopmentexpenseexcludingacquiredinprocesscost": 65000000,
        "sellinggeneralandadministrativeexpense": 461900000,
        "specialitems": 28200000,
        "operatingexpenses": 662900000,
        "operatingincomeloss": 807900000,
        "incomelossfromcontinuingoperationsbeforeincometaxesminorityinterestandincomelossfromequitymethodinvestments": 188500000,
        "incometaxexpensebenefit": 32400000,
        "netincomeloss": 156600000,
        "earningspersharebasic": 0.8799999999999999,
        "earningspersharediluted": 0.8800000000000003,
        "weightedaveragenumberofsharesoutstandingbasic": -3000000,
        "weightedaveragenumberofdilutedsharesoutstanding": -3100000
    },
    {
        "date": "2011-09-29",
        "symbol": "ZBH",
        "period": "Q3",
        "grossprofit": 779600000,
        "researchanddevelopmentexpenseexcludingacquiredinprocesscost": 61000000,
        "sellinggeneralandadministrativeexpense": 444000000,
        "specialitems": 8000000,
        "operatingexpenses": 513000000,
        "operatingincomeloss": -186400000,
        "interestincomeexpensenet": -11700000,
        "incomelossfromcontinuingoperationsbeforeincometaxesminorityinterestandincomelossfromequitymethodinvestments": 254900000,
        "incometaxexpensebenefit": 63700000,
        "netincomeloss": 191500000,
        "earningspersharebasic": 1.0299999999999998,
        "earningspersharediluted": 1.0099999999999998,
        "weightedaveragenumberofsharesoutstandingbasic": -193500000,
        "weightedaveragenumberofdilutedsharesoutstanding": -194700000
    },
    {
        "date": "2011-06-29",
        "symbol": "ZBH",
        "period": "Q2",
        "salesrevenuegoodsnet": 856600000,
        "costofgoodssold": 287900000,
        "grossprofit": 849500000,
        "researchanddevelopmentexpenseexcludingacquiredinprocesscost": 57000000,
        "sellinggeneralandadministrativeexpense": 469900000,
        "certainclaims": 50000000,
        "specialitems": 13500000,
        "operatingexpenses": 590400000,
        "operatingincomeloss": 105400000,
        "interestincomeexpensenet": -9800000,
        "incomelossfromcontinuingoperationsbeforeincometaxesminorityinterestandincomelossfromequitymethodinvestments": 249300000,
        "incometaxexpensebenefit": 45500000,
        "netincomeloss": 203800000,
        "earningspersharebasic": 1.06,
        "earningspersharediluted": 1.06,
        "weightedaveragenumberofsharesoutstandingbasic": 191500000,
        "weightedaveragenumberofdilutedsharesoutstanding": 192700000
    },
    {
        "date": "2011-03-30",
        "symbol": "ZBH",
        "period": "Q1",
        "salesrevenuenet": 1115600000,
        "costofgoodsandservicessold": 279000000,
        "grossprofit": 836600000,
        "researchanddevelopmentexpenseexcludingacquiredinprocesscost": 55600000,
        "sellinggeneralandadministrativeexpense": 458300000,
        "specialitems": 25500000,
        "operatingexpenses": 539400000,
        "operatingincomeloss": 297200000,
        "interestincomeexpensenet": -11000000,
        "incomelossfromcontinuingoperationsbeforeincometaxesminorityinterestandincomelossfromequitymethodinvestments": 286200000,
        "incometaxexpensebenefit": 77300000,
        "netincomeloss": 208900000,
        "earningspersharebasic": 1.08,
        "earningspersharediluted": 1.08,
        "weightedaveragenumberofsharesoutstandingbasic": 192600000,
        "weightedaveragenumberofdilutedsharesoutstanding": 193800000
    },
    {
        "date": "2010-09-29",
        "symbol": "ZBH",
        "period": "Q3",
        "salesrevenuenet": 965000000,
        "costofgoodsandservicessold": 219200000,
        "grossprofit": 745800000,
        "researchanddevelopmentexpenseexcludingacquiredinprocesscost": 57000000,
        "sellinggeneralandadministrativeexpense": 412200000,
        "acquisitionintegrationandother": 5000000,
        "operatingexpenses": 474200000,
        "operatingincomeloss": 271600000,
        "interestandothernet": -14200000,
        "incomelossfromcontinuingoperationsbeforeincometaxesminorityinterestandincomelossfromequitymethodinvestments": 257400000,
        "incometaxexpensebenefit": 66300000,
        "netincomeloss": 191100000,
        "earningspersharebasic": 0.9600000000000002,
        "earningspersharediluted": 0.95,
        "weightedaveragenumberofsharesoutstandingbasic": -203700000,
        "weightedaveragenumberofdilutedsharesoutstanding": -204900000
    },
    {
        "date": "2010-06-29",
        "symbol": "ZBH",
        "period": "Q2",
        "salesrevenuenet": 1057700000,
        "costofgoodsandservicessold": 250600000,
        "grossprofit": 807100000,
        "researchanddevelopmentexpenseexcludingacquiredinprocesscost": 55100000,
        "sellinggeneralandadministrativeexpense": 437400000,
        "certainclaims": 75000000,
        "acquisitionintegrationandother": 11500000,
        "operatingexpenses": 579000000,
        "operatingincomeloss": 228100000,
        "interestandothernet": -14300000,
        "incomelossfromcontinuingoperationsbeforeincometaxesminorityinterestandincomelossfromequitymethodinvestments": 213800000,
        "incometaxexpensebenefit": 48300000,
        "netincomeloss": 165500000,
        "earningspersharebasic": 0.82,
        "earningspersharediluted": 0.82,
        "weightedaveragenumberofsharesoutstandingbasic": 201900000,
        "weightedaveragenumberofdilutedsharesoutstanding": 203000000
    },
    {
        "date": "2010-03-30",
        "symbol": "ZBH",
        "period": "Q1",
        "salesrevenuenet": 1062800000,
        "costofgoodsandservicessold": 268400000,
        "grossprofit": 794400000,
        "researchanddevelopmentexpenseexcludingacquiredinprocesscost": 51000000,
        "sellinggeneralandadministrativeexpense": 446700000,
        "acquisitionintegrationandother": 2600000,
        "operatingexpenses": 500300000,
        "operatingincomeloss": 294100000,
        "interestandothernet": -14600000,
        "incomelossfromcontinuingoperationsbeforeincometaxesminorityinterestandincomelossfromequitymethodinvestments": 279500000,
        "incometaxexpensebenefit": 74100000,
        "netincomeloss": 205400000,
        "earningspersharebasic": 1.01,
        "earningspersharediluted": 1.01,
        "weightedaveragenumberofsharesoutstandingbasic": 203000000,
        "weightedaveragenumberofdilutedsharesoutstanding": 204200000
    }
]