[
    {
        "date": "2024-03-30",
        "symbol": "OXY",
        "period": "Q1",
        "revenues": 5975000000,
        "interestdividendsandotherincome": 36000000,
        "gainlossondispositionofassets1": -1000000,
        "revenuesoperatingandnonoperating": 6010000000,
        "resultsofoperationsexpensefromoilandgasproducingactivities": 1161000000,
        "transportationandgatheringexpense": 353000000,
        "costofgoodsandservicessold": 742000000,
        "purchasedcommodities": 86000000,
        "sellinggeneralandadministrativeexpense": 259000000,
        "othercostandexpenseoperating": 410000000,
        "taxesexcludingincomeandexcisetaxes": 235000000,
        "depreciationdepletionandamortization": 1693000000,
        "businesscombinationacquisitionrelatedcosts": 12000000,
        "explorationexpense": 66000000,
        "interestanddebtexpense": 284000000,
        "costsandotherdeductions": 5301000000,
        "incomelossfromcontinuingoperationsbeforenonoperatingincomeexpenseequitymethodinvestmentsincometaxesnoncontrollinginterest": 709000000,
        "incomelossfromequitymethodinvestments": 301000000,
        "nonoperatingincomeexpense": 301000000,
        "incomelossfromcontinuingoperationsbeforeincometaxesextraordinaryitemsnoncontrollinginterest": 1010000000,
        "incometaxexpensebenefit": 304000000,
        "incomelossfromcontinuingoperationsincludingportionattributabletononcontrollinginterest": 706000000,
        "incomelossfromdiscontinuedoperationsnetoftax": 182000000,
        "netincomeloss": 888000000,
        "preferredstockdividendsandotheradjustments": 170000000,
        "netincomelossattributabletocommonstockholders": 718000000,
        "incomelossfromcontinuingoperationsperbasicshare": 0.6,
        "discontinuedoperationincomelossfromdiscontinuedoperationnetoftaxperbasicshare": 0.21,
        "earningspersharebasic": 0.81,
        "incomelossfromcontinuingoperationsperdilutedshare": 0.56,
        "discontinuedoperationincomelossfromdiscontinuedoperationnetoftaxperdilutedshare": 0.19,
        "earningspersharediluted": 0.75,
        "othercomprehensiveincomelosscashflowhedgegainlossbeforereclassificationaftertax": 9000000,
        "othercomprehensiveincomedefinedbenefitplansnetunamortizedgainlossarisingduringperiodnetoftax": -4000000,
        "othercomprehensiveincomelossnetoftax": 5000000,
        "comprehensiveincomenetoftax": 893000000,
        "othercomprehensiveincomedefinedbenefitplansnetunamortizedgainlossarisingduringperiodtax": 1000000
    },
    {
        "date": "2023-12-30",
        "symbol": "OXY",
        "period": "Q4",
        "revenues": 7172000000,
        "interestdividendsandotherincome": 32000000,
        "gainlossondispositionofassets1": 325000000,
        "revenuesoperatingandnonoperating": 7529000000,
        "resultsofoperationsexpensefromoilandgasproducingactivities": 1277000000,
        "transportationandgatheringexpense": 359000000,
        "costofgoodsandservicessold": 898000000,
        "purchasedcommodities": 501000000,
        "sellinggeneralandadministrativeexpense": 307000000,
        "othercostandexpenseoperating": 438000000,
        "taxesexcludingincomeandexcisetaxes": 225000000,
        "depreciationdepletionandamortization": 1723000000,
        "explorationexpense": 112000000,
        "interestanddebtexpense": 247000000,
        "costsandotherdeductions": 6113000000,
        "incomelossfromcontinuingoperationsbeforenonoperatingincomeexpenseequitymethodinvestmentsincometaxesnoncontrollinginterest": 1416000000,
        "gainlossonderivativeinstrumentsnetpretax": -167000000,
        "incomelossfromequitymethodinvestments": 143000000,
        "nonoperatingincomeexpense": 143000000,
        "incomelossfromcontinuingoperationsbeforeincometaxesextraordinaryitemsnoncontrollinginterest": 1559000000,
        "incometaxexpensebenefit": 361000000,
        "netincomeloss": 1198000000,
        "preferredstockdividendsandotheradjustments": 169000000,
        "netincomelossattributabletocommonstockholders": 1029000000,
        "earningspersharebasic": 1.1599999999999997,
        "earningspersharediluted": 1.0700000000000003,
        "othercomprehensiveincomelosscashflowhedgegainlossbeforereclassificationaftertax": -15000000,
        "othercomprehensiveincomedefinedbenefitplansnetunamortizedgainlossarisingduringperiodnetoftax": -5000000,
        "othercomprehensiveincomelosscashflowhedgegainlossreclassificationaftertax": -2000000,
        "othercomprehensiveincomelossnetoftax": -18000000,
        "comprehensiveincomenetoftax": 1180000000,
        "othercomprehensiveincomedefinedbenefitplansnetunamortizedgainlossarisingduringperiodtax": 0
    },
    {
        "date": "2023-09-29",
        "symbol": "OXY",
        "period": "Q3",
        "revenues": 7158000000,
        "interestdividendsandotherincome": 50000000,
        "gainlossondispositionofassets1": 192000000,
        "revenuesoperatingandnonoperating": 7400000000,
        "resultsofoperationsexpensefromoilandgasproducingactivities": 1189000000,
        "transportationandgatheringexpense": 363000000,
        "costofgoodsandservicessold": 682000000,
        "purchasedcommodities": 520000000,
        "sellinggeneralandadministrativeexpense": 258000000,
        "othercostandexpenseoperating": 328000000,
        "taxesexcludingincomeandexcisetaxes": 290000000,
        "depreciationdepletionandamortization": 1712000000,
        "explorationexpense": 125000000,
        "interestanddebtexpense": 230000000,
        "costsandotherdeductions": 5697000000,
        "incomelossfromcontinuingoperationsbeforenonoperatingincomeexpenseequitymethodinvestmentsincometaxesnoncontrollinginterest": 1703000000,
        "gainlossonderivativeinstrumentsnetpretax": -114000000,
        "incomelossfromequitymethodinvestments": 106000000,
        "nonoperatingincomeexpense": 106000000,
        "incomelossfromcontinuingoperationsbeforeincometaxesextraordinaryitemsnoncontrollinginterest": 1809000000,
        "incometaxexpensebenefit": 434000000,
        "netincomeloss": 1375000000,
        "preferredstockdividendsandotheradjustments": 219000000,
        "netincomelossattributabletocommonstockholders": 1156000000,
        "earningspersharebasic": 1.3,
        "earningspersharediluted": 1.2,
        "othercomprehensiveincomelosscashflowhedgegainlossbeforereclassificationaftertax": 1000000,
        "othercomprehensiveincomedefinedbenefitplansnetunamortizedgainlossarisingduringperiodnetoftax": 46000000,
        "othercomprehensiveincomelosscashflowhedgegainlossreclassificationaftertax": 1000000,
        "othercomprehensiveincomelossnetoftax": 46000000,
        "comprehensiveincomenetoftax": 1421000000,
        "othercomprehensiveincomedefinedbenefitplansnetunamortizedgainlossarisingduringperiodtax": 12000000
    },
    {
        "date": "2023-06-29",
        "symbol": "OXY",
        "period": "Q2",
        "revenues": 6702000000,
        "interestdividendsandotherincome": 28000000,
        "gainlossondispositionofassets1": 1000000,
        "revenuesoperatingandnonoperating": 6731000000,
        "resultsofoperationsexpensefromoilandgasproducingactivities": 1130000000,
        "transportationandgatheringexpense": 375000000,
        "costofgoodsandservicessold": 791000000,
        "purchasedcommodities": 490000000,
        "sellinggeneralandadministrativeexpense": 277000000,
        "othercostandexpenseoperating": 10000000,
        "taxesexcludingincomeandexcisetaxes": 266000000,
        "depreciationdepletionandamortization": 1709000000,
        "pretaxassetimpairmentandrelateditems": 209000000,
        "explorationexpense": 102000000,
        "interestanddebtexpense": 230000000,
        "costsandotherdeductions": 5589000000,
        "incomelossfromcontinuingoperationsbeforenonoperatingincomeexpenseequitymethodinvestmentsincometaxesnoncontrollinginterest": 1142000000,
        "gainlossonderivativeinstrumentsnetpretax": 100000000,
        "incomelossfromequitymethodinvestments": 185000000,
        "nonoperatingincomeexpense": 185000000,
        "incomelossfromcontinuingoperationsbeforeincometaxesextraordinaryitemsnoncontrollinginterest": 1327000000,
        "incometaxexpensebenefit": 467000000,
        "netincomeloss": 860000000,
        "preferredstockdividendsandotheradjustments": 255000000,
        "netincomelossattributabletocommonstockholders": 605000000,
        "earningspersharebasic": 0.68,
        "earningspersharediluted": 0.63,
        "othercomprehensiveincomelosscashflowhedgegainlossbeforereclassificationaftertax": -5000000,
        "othercomprehensiveincomedefinedbenefitplansnetunamortizedgainlossarisingduringperiodnetoftax": -2000000,
        "othercomprehensiveincomelosscashflowhedgegainlossreclassificationaftertax": 1000000,
        "othercomprehensiveincomelossnetoftax": -8000000,
        "comprehensiveincomenetoftax": 852000000,
        "othercomprehensiveincomedefinedbenefitplansnetunamortizedgainlossarisingduringperiodtax": -1000000
    },
    {
        "date": "2023-03-30",
        "symbol": "OXY",
        "period": "Q1",
        "revenues": 7225000000,
        "interestdividendsandotherincome": 29000000,
        "gainlossondispositionofassets1": 4000000,
        "revenuesoperatingandnonoperating": 7258000000,
        "resultsofoperationsexpensefromoilandgasproducingactivities": 1081000000,
        "transportationandgatheringexpense": 384000000,
        "costofgoodsandservicessold": 745000000,
        "purchasedcommodities": 498000000,
        "sellinggeneralandadministrativeexpense": 241000000,
        "othercostandexpenseoperating": 308000000,
        "taxesexcludingincomeandexcisetaxes": 306000000,
        "depreciationdepletionandamortization": 1721000000,
        "explorationexpense": 102000000,
        "interestanddebtexpense": 238000000,
        "costsandotherdeductions": 5624000000,
        "incomelossfromcontinuingoperationsbeforenonoperatingincomeexpenseequitymethodinvestmentsincometaxesnoncontrollinginterest": 1634000000,
        "gainlossonderivativeinstrumentsnetpretax": 107000000,
        "incomelossfromequitymethodinvestments": 100000000,
        "nonoperatingincomeexpense": 100000000,
        "incomelossfromcontinuingoperationsbeforeincometaxesextraordinaryitemsnoncontrollinginterest": 1734000000,
        "incometaxexpensebenefit": 471000000,
        "netincomeloss": 1263000000,
        "preferredstockdividendsandotheradjustments": 280000000,
        "netincomelossattributabletocommonstockholders": 983000000,
        "earningspersharebasic": 1.08,
        "earningspersharediluted": 1,
        "othercomprehensiveincomelosscashflowhedgegainlossbeforereclassificationaftertax": 63000000,
        "othercomprehensiveincomedefinedbenefitplansnetunamortizedgainlossarisingduringperiodnetoftax": -5000000,
        "othercomprehensiveincomelosscashflowhedgegainlossreclassificationaftertax": -2000000,
        "othercomprehensiveincomelossnetoftax": 60000000,
        "comprehensiveincomenetoftax": 1323000000,
        "othercomprehensiveincomedefinedbenefitplansnetunamortizedgainlossarisingduringperiodtax": -1000000
    },
    {
        "date": "2022-12-30",
        "symbol": "OXY",
        "period": "Q4",
        "revenues": 8219000000,
        "interestdividendsandotherincome": 31000000,
        "gainsonsaleofequityinvestmentsandotherassets": 76000000,
        "revenuesoperatingandnonoperating": 8326000000,
        "resultsofoperationsexpensefromoilandgasproducingactivities": 1103000000,
        "transportationandgatheringexpense": 386000000,
        "costofgoodsandservicessold": 785000000,
        "purchasedcommodities": 660000000,
        "sellinggeneralandadministrativeexpense": 258000000,
        "othercostandexpenseoperating": 362000000,
        "taxesexcludingincomeandexcisetaxes": 360000000,
        "depreciationdepletionandamortization": 1819000000,
        "businesscombinationacquisitionrelatedcosts": 7000000,
        "explorationexpense": 118000000,
        "interestanddebtexpense": 260000000,
        "costsandotherdeductions": 6118000000,
        "gainlossonderivativeinstrumentsnetpretax": -15000000,
        "incomelossfromequitymethodinvestments": 207000000,
        "nonoperatingincomeexpense": 192000000,
        "incomelossfromcontinuingoperationsbeforeincometaxesextraordinaryitemsnoncontrollinginterest": 2400000000,
        "incometaxexpensebenefit": 473000000,
        "incomelossfromcontinuingoperationsincludingportionattributabletononcontrollinginterest": 1927000000,
        "netincomelossattributabletocommonstockholders": 1727000000,
        "incomelossfromcontinuingoperationsperbasicshare": 1.9400000000000004,
        "earningspersharebasic": 1.9400000000000004,
        "incomelossfromcontinuingoperationsperdilutedshare": 1.7599999999999998,
        "earningspersharediluted": 1.7599999999999998,
        "othercomprehensiveincomelosscashflowhedgegainlossbeforereclassificationaftertax": 15000000,
        "othercomprehensiveincomedefinedbenefitplansnetunamortizedgainlossarisingduringperiodnetoftax": 264000000,
        "othercomprehensiveincomelossnetoftax": 282000000,
        "comprehensiveincomenetoftax": 2209000000
    },
    {
        "date": "2022-09-29",
        "symbol": "OXY",
        "period": "Q3",
        "revenues": 9390000000,
        "interestdividendsandotherincome": 37000000,
        "gainsonsaleofequityinvestmentsandotherassets": 74000000,
        "revenuesoperatingandnonoperating": 9501000000,
        "resultsofoperationsexpensefromoilandgasproducingactivities": 1056000000,
        "transportationandgatheringexpense": 378000000,
        "costofgoodsandservicessold": 835000000,
        "purchasedcommodities": 785000000,
        "sellinggeneralandadministrativeexpense": 247000000,
        "othercostandexpenseoperating": 319000000,
        "taxesexcludingincomeandexcisetaxes": 427000000,
        "depreciationdepletionandamortization": 1736000000,
        "businesscombinationacquisitionrelatedcosts": 4000000,
        "explorationexpense": 47000000,
        "interestanddebtexpense": 285000000,
        "costsandotherdeductions": 6119000000,
        "incomelossfromcontinuingoperationsbeforeincometaxesminorityinterestandincomelossfromequitymethodinvestments": 3382000000,
        "gainlossonderivativeinstrumentsnetpretax": 70000000,
        "incomelossfromequitymethodinvestments": 196000000,
        "nonoperatingincomeexpense": 266000000,
        "incomelossfromcontinuingoperationsbeforeincometaxesextraordinaryitemsnoncontrollinginterest": 3648000000,
        "incometaxexpensebenefit": 902000000,
        "incomelossfromcontinuingoperationsincludingportionattributabletononcontrollinginterest": 2746000000,
        "redeemablepreferredstockdividends": 200000000,
        "netincomelossattributabletocommonstockholders": 2546000000,
        "incomelossfromcontinuingoperationsperbasicshare": 2.750000000000001,
        "earningspersharebasic": 2.750000000000001,
        "incomelossfromcontinuingoperationsperdilutedshare": 2.5199999999999996,
        "earningspersharediluted": 2.5199999999999996,
        "othercomprehensiveincomelosscashflowhedgegainlossbeforereclassificationaftertax": 1000000,
        "othercomprehensiveincomedefinedbenefitplansnetunamortizedgainlossarisingduringperiodnetoftax": 48000000,
        "othercomprehensiveincomelossnetoftax": 48000000,
        "comprehensiveincomenetoftax": 2794000000,
        "othercomprehensiveincomelosscashflowhedgegainlossbeforereclassificationtax": 0
    },
    {
        "date": "2022-06-29",
        "symbol": "OXY",
        "period": "Q2",
        "revenues": 10676000000,
        "interestdividendsandotherincome": 36000000,
        "gainsonsaleofequityinvestmentsandotherassets": 23000000,
        "revenuesoperatingandnonoperating": 10735000000,
        "resultsofoperationsexpensefromoilandgasproducingactivities": 1005000000,
        "transportationandgatheringexpense": 364000000,
        "costofgoodsandservicessold": 835000000,
        "purchasedcommodities": 1031000000,
        "sellinggeneralandadministrativeexpense": 244000000,
        "othercostandexpenseoperating": 291000000,
        "taxesexcludingincomeandexcisetaxes": 426000000,
        "depreciationdepletionandamortization": 1728000000,
        "businesscombinationacquisitionrelatedcosts": 13000000,
        "explorationexpense": 26000000,
        "interestanddebtexpense": 114000000,
        "costsandotherdeductions": 6077000000,
        "incomelossfromcontinuingoperationsbeforeincometaxesminorityinterestandincomelossfromequitymethodinvestments": 4658000000,
        "gainlossonderivativeinstrumentsnetpretax": 127000000,
        "incomelossfromequitymethodinvestments": 201000000,
        "nonoperatingincomeexpense": 328000000,
        "incomelossfromcontinuingoperationsbeforeincometaxesextraordinaryitemsnoncontrollinginterest": 4986000000,
        "incometaxexpensebenefit": 1231000000,
        "incomelossfromcontinuingoperationsincludingportionattributabletononcontrollinginterest": 3755000000,
        "netincomeloss": 3755000000,
        "redeemablepreferredstockdividends": 200000000,
        "netincomelossattributabletocommonstockholders": 3555000000,
        "incomelossfromcontinuingoperationsperbasicshare": 3.76,
        "earningspersharebasic": 3.76,
        "incomelossfromcontinuingoperationsperdilutedshare": 3.47,
        "earningspersharediluted": 3.47,
        "othercomprehensiveincomelosscashflowhedgegainlossbeforereclassificationaftertax": 37000000,
        "othercomprehensiveincomedefinedbenefitplansnetunamortizedgainlossarisingduringperiodnetoftax": 8000000,
        "othercomprehensiveincomelossnetoftax": 45000000,
        "comprehensiveincomenetoftax": 3800000000,
        "othercomprehensiveincomelosscashflowhedgegainlossbeforereclassificationtax": 10000000,
        "othercomprehensiveincomedefinedbenefitplansnetunamortizedgainlossarisingduringperiodtax": 3000000
    },
    {
        "date": "2022-03-30",
        "symbol": "OXY",
        "period": "Q1",
        "revenues": 8349000000,
        "interestdividendsandotherincome": 49000000,
        "gainsonsaleofequityinvestmentsandotherassets": 135000000,
        "revenuesoperatingandnonoperating": 8533000000,
        "resultsofoperationsexpensefromoilandgasproducingactivities": 864000000,
        "transportationandgatheringexpense": 347000000,
        "costofgoodsandservicessold": 818000000,
        "purchasedcommodities": 811000000,
        "sellinggeneralandadministrativeexpense": 196000000,
        "othercostandexpenseoperating": 299000000,
        "taxesexcludingincomeandexcisetaxes": 335000000,
        "depreciationdepletionandamortization": 1643000000,
        "businesscombinationacquisitionrelatedcosts": 65000000,
        "explorationexpense": 25000000,
        "interestanddebtexpense": 371000000,
        "costsandotherdeductions": 5774000000,
        "incomelossfromcontinuingoperationsbeforeincometaxesminorityinterestandincomelossfromequitymethodinvestments": 2759000000,
        "gainlossonderivativeinstrumentsnetpretax": 135000000,
        "incomelossfromequitymethodinvestments": 189000000,
        "nonoperatingincomeexpense": 324000000,
        "incomelossfromcontinuingoperationsbeforeincometaxesextraordinaryitemsnoncontrollinginterest": 3083000000,
        "incometaxexpensebenefit": -1793000000,
        "incomelossfromcontinuingoperationsincludingportionattributabletononcontrollinginterest": 4876000000,
        "profitloss": 4876000000,
        "redeemablepreferredstockdividends": 200000000,
        "netincomelossattributabletocommonstockholders": 4676000000,
        "incomelossfromcontinuingoperationsperbasicshare": 4.96,
        "earningspersharebasic": 4.96,
        "incomelossfromcontinuingoperationsperdilutedshare": 4.65,
        "earningspersharediluted": 4.65,
        "othercomprehensiveincomelosscashflowhedgegainlossbeforereclassificationaftertax": 27000000,
        "othercomprehensiveincomedefinedbenefitplansnetunamortizedgainlossarisingduringperiodnetoftax": 1000000,
        "othercomprehensiveincomelossnetoftax": 28000000,
        "comprehensiveincomenetoftax": 4904000000,
        "othercomprehensiveincomelosscashflowhedgegainlossbeforereclassificationtax": 8000000
    },
    {
        "date": "2021-12-30",
        "symbol": "OXY",
        "period": "Q4",
        "revenues": 7913000000,
        "interestdividendsandotherincome": 24000000,
        "gainsonsaleofequityinvestmentsandotherassets": 73000000,
        "revenuesoperatingandnonoperating": 8010000000,
        "resultsofoperationsexpensefromoilandgasproducingactivities": 843000000,
        "transportationandgatheringexpense": 366000000,
        "costofgoodsandservicessold": 771000000,
        "purchasedcommodities": 675000000,
        "sellinggeneralandadministrativeexpense": 280000000,
        "othercostandexpenseoperating": 303000000,
        "depreciationdepletionandamortization": 1966000000,
        "pretaxassetimpairmentandrelateditems": 131000000,
        "taxesexcludingincomeandexcisetaxes": 262000000,
        "businesscombinationacquisitionrelatedcosts": 31000000,
        "explorationexpense": 107000000,
        "interestanddebtexpense": 385000000,
        "costsandotherdeductions": 6120000000,
        "incomelossfromcontinuingoperationsbeforeincometaxesminorityinterestandincomelossfromequitymethodinvestments": 1890000000,
        "gainlossonderivativeinstrumentsnetpretax": -28000000,
        "incomelossfromequitymethodinvestments": 168000000,
        "nonoperatingincomeexpense": 140000000,
        "incomelossfromcontinuingoperationsbeforeincometaxesextraordinaryitemsnoncontrollinginterest": 2030000000,
        "incometaxexpensebenefit": 469000000,
        "incomelossfromcontinuingoperationsincludingportionattributabletononcontrollinginterest": 1561000000,
        "incomelossfromdiscontinuedoperationsnetoftax": -24000000,
        "profitloss": 1537000000,
        "netincomelossattributabletocommonstockholders": 1337000000,
        "incomelossfromcontinuingoperationsperbasicshare": 1.4500000000000002,
        "earningspersharebasic": 1.42,
        "incomelossfromcontinuingoperationsperdilutedshare": 1.41,
        "discontinuedoperationincomelossfromdiscontinuedoperationnetoftaxperdilutedshare": -0.019999999999999962,
        "earningspersharediluted": 1.3900000000000001,
        "othercomprehensiveincomedefinedbenefitplansnetunamortizedgainlossarisingduringperiodnetoftax": 63000000,
        "othercomprehensiveincomelossnetoftax": 74000000,
        "comprehensiveincomenetoftax": 1611000000,
        "othercomprehensiveincomedefinedbenefitplansnetunamortizedgainlossarisingduringperiodtax": 5000000
    },
    {
        "date": "2021-09-29",
        "symbol": "OXY",
        "period": "Q3",
        "revenues": 6792000000,
        "interestdividendsandotherincome": 18000000,
        "gainsonsaleofequityinvestmentsandotherassets": 5000000,
        "revenuesoperatingandnonoperating": 6815000000,
        "resultsofoperationsexpensefromoilandgasproducingactivities": 829000000,
        "transportationandgatheringexpense": 360000000,
        "costofgoodsandservicessold": 731000000,
        "purchasedcommodities": 588000000,
        "sellinggeneralandadministrativeexpense": 240000000,
        "othercostandexpenseoperating": 256000000,
        "taxesexcludingincomeandexcisetaxes": 289000000,
        "depreciationdepletionandamortization": 1916000000,
        "pretaxassetimpairmentandrelateditems": 17000000,
        "businesscombinationacquisitionrelatedcosts": 29000000,
        "explorationexpense": 31000000,
        "interestanddebtexpense": 449000000,
        "costsandotherdeductions": 5735000000,
        "incomelossfromcontinuingoperationsbeforeincometaxesminorityinterestandincomelossfromequitymethodinvestments": 1080000000,
        "gainlossonderivativeinstrumentsnetpretax": -26000000,
        "incomelossfromequitymethodinvestments": 163000000,
        "nonoperatingincomeexpense": 137000000,
        "incomelossfromcontinuingoperationsbeforeincometaxesextraordinaryitemsnoncontrollinginterest": 1217000000,
        "incometaxexpensebenefit": 387000000,
        "incomelossfromcontinuingoperationsincludingportionattributabletononcontrollinginterest": 830000000,
        "incomelossfromdiscontinuedoperationsnetoftax": -2000000,
        "profitloss": 828000000,
        "redeemablepreferredstockdividends": 200000000,
        "netincomelossattributabletocommonstockholders": 628000000,
        "incomelossfromcontinuingoperationsperbasicshare": 0.67,
        "discontinuedoperationincomelossfromdiscontinuedoperationnetoftaxperbasicshare": 0,
        "earningspersharebasic": 0.67,
        "incomelossfromcontinuingoperationsperdilutedshare": 0.66,
        "discontinuedoperationincomelossfromdiscontinuedoperationnetoftaxperdilutedshare": -0.010000000000000009,
        "earningspersharediluted": 0.65,
        "othercomprehensiveincomedefinedbenefitplansnetunamortizedgainlossarisingduringperiodnetoftax": -45000000,
        "othercomprehensiveincomelossnetoftax": -44000000,
        "comprehensiveincomenetoftax": 784000000,
        "othercomprehensiveincomedefinedbenefitplansnetunamortizedgainlossarisingduringperiodtax": -1000000
    },
    {
        "date": "2021-06-29",
        "symbol": "OXY",
        "period": "Q2",
        "revenues": 5958000000,
        "interestdividendsandotherincome": 49000000,
        "gainsonsaleofequityinvestmentsandotherassets": 3000000,
        "revenuesoperatingandnonoperating": 6010000000,
        "resultsofoperationsexpensefromoilandgasproducingactivities": 712000000,
        "transportationandgatheringexpense": 364000000,
        "costofgoodsandservicessold": 676000000,
        "purchasedcommodities": 487000000,
        "sellinggeneralandadministrativeexpense": 177000000,
        "othercostandexpenseoperating": 248000000,
        "taxesexcludingincomeandexcisetaxes": 244000000,
        "depreciationdepletionandamortization": 2371000000,
        "pretaxassetimpairmentandrelateditems": 21000000,
        "businesscombinationacquisitionrelatedcosts": 52000000,
        "explorationexpense": 86000000,
        "interestanddebtexpense": 385000000,
        "costsandotherdeductions": 5823000000,
        "incomelossfromcontinuingoperationsbeforeincometaxesminorityinterestandincomelossfromequitymethodinvestments": 187000000,
        "gainlossonderivativeinstrumentsnetpretax": -223000000,
        "incomelossfromequitymethodinvestments": 179000000,
        "nonoperatingincomeexpense": -44000000,
        "incomelossfromcontinuingoperationsbeforeincometaxesextraordinaryitemsnoncontrollinginterest": 143000000,
        "incometaxexpensebenefit": 43000000,
        "incomelossfromcontinuingoperationsincludingportionattributabletononcontrollinginterest": 100000000,
        "incomelossfromdiscontinuedoperationsnetoftax": 3000000,
        "profitloss": 103000000,
        "redeemablepreferredstockdividends": 200000000,
        "netincomelossattributabletocommonstockholders": -97000000,
        "incomelossfromcontinuingoperationsperbasicshare": -0.11,
        "discontinuedoperationincomelossfromdiscontinuedoperationnetoftaxperbasicshare": 0.01,
        "earningspersharebasic": -0.1,
        "incomelossfromcontinuingoperationsperdilutedshare": -0.11,
        "discontinuedoperationincomelossfromdiscontinuedoperationnetoftaxperdilutedshare": 0.01,
        "earningspersharediluted": -0.1,
        "othercomprehensiveincomedefinedbenefitplansnetunamortizedgainlossarisingduringperiodnetoftax": -3000000,
        "othercomprehensiveincomelossnetoftax": -3000000,
        "comprehensiveincomenetoftax": 100000000,
        "othercomprehensiveincomedefinedbenefitplansnetunamortizedgainlossarisingduringperiodtax": -1000000
    },
    {
        "date": "2021-03-30",
        "symbol": "OXY",
        "period": "Q1",
        "revenues": 5293000000,
        "interestdividendsandotherincome": 75000000,
        "gainsonsaleofequityinvestmentsandotherassets": 111000000,
        "revenuesoperatingandnonoperating": 5479000000,
        "resultsofoperationsexpensefromoilandgasproducingactivities": 776000000,
        "transportationandgatheringexpense": 329000000,
        "costofgoodsandservicessold": 594000000,
        "purchasedcommodities": 558000000,
        "sellinggeneralandadministrativeexpense": 166000000,
        "othercostandexpenseoperating": 258000000,
        "taxesexcludingincomeandexcisetaxes": 210000000,
        "depreciationdepletionandamortization": 2194000000,
        "pretaxassetimpairmentandrelateditems": 135000000,
        "businesscombinationacquisitionrelatedcosts": 41000000,
        "explorationexpense": 28000000,
        "interestanddebtexpense": 395000000,
        "costsandotherdeductions": 5684000000,
        "incomelossfromcontinuingoperationsbeforeincometaxesminorityinterestandincomelossfromequitymethodinvestments": -205000000,
        "gainlossonderivativeinstrumentsnetpretax": 399000000,
        "incomelossfromequitymethodinvestments": 121000000,
        "nonoperatingincomeexpense": 520000000,
        "incomelossfromcontinuingoperationsbeforeincometaxesextraordinaryitemsnoncontrollinginterest": 315000000,
        "incometaxexpensebenefit": 16000000,
        "incomelossfromcontinuingoperationsincludingportionattributabletononcontrollinginterest": 299000000,
        "incomelossfromdiscontinuedoperationsnetoftax": -445000000,
        "profitloss": -146000000,
        "redeemablepreferredstockdividends": 200000000,
        "netincomelossattributabletocommonstockholders": -346000000,
        "incomelossfromcontinuingoperationsperbasicshare": 0.11,
        "discontinuedoperationincomelossfromdiscontinuedoperationnetoftaxperbasicshare": -0.48,
        "earningspersharebasic": -0.37,
        "incomelossfromcontinuingoperationsperdilutedshare": 0.1,
        "discontinuedoperationincomelossfromdiscontinuedoperationnetoftaxperdilutedshare": -0.46,
        "earningspersharediluted": -0.36,
        "othercomprehensiveincomelosscashflowhedgegainlossbeforereclassificationaftertax": 1000000,
        "othercomprehensiveincomedefinedbenefitplansnetunamortizedgainlossarisingduringperiodnetoftax": 52000000,
        "othercomprehensiveincomelossnetoftax": 53000000,
        "comprehensiveincomenetoftax": -93000000,
        "othercomprehensiveincomedefinedbenefitplansnetunamortizedgainlossarisingduringperiodtax": 15000000
    },
    {
        "date": "2020-09-29",
        "symbol": "OXY",
        "period": "Q3",
        "revenues": 4108000000,
        "interestdividendsandotherincome": 21000000,
        "gainsonsaleofequityinvestmentsandotherassets": -846000000,
        "revenuesoperatingandnonoperating": 3283000000,
        "resultsofoperationsexpensefromoilandgasproducingactivities": 656000000,
        "transportationandgatheringexpense": 343000000,
        "costofgoodsandservicessold": 618000000,
        "purchasedcommodities": 333000000,
        "sellinggeneralandadministrativeexpense": 166000000,
        "othercostandexpenseoperating": 231000000,
        "taxesexcludingincomeandexcisetaxes": 180000000,
        "depreciationdepletionandamortization": 1915000000,
        "pretaxassetimpairmentandrelateditems": 2723000000,
        "businesscombinationacquisitionrelatedcosts": 5000000,
        "explorationexpense": 29000000,
        "interestanddebtexpense": 353000000,
        "costsandotherdeductions": 7552000000,
        "incomelossfromcontinuingoperationsbeforeincometaxesminorityinterestandincomelossfromequitymethodinvestments": -4269000000,
        "gainlossonderivativeinstrumentsnetpretax": 88000000,
        "incomelossfromequitymethodinvestments": 123000000,
        "nonoperatingincomeexpense": 211000000,
        "incomelossfromcontinuingoperationsbeforeincometaxesextraordinaryitemsnoncontrollinginterest": -4058000000,
        "incometaxexpensebenefit": -403000000,
        "incomelossfromcontinuingoperationsincludingportionattributabletononcontrollinginterest": -3655000000,
        "profitloss": -3575000000,
        "redeemablepreferredstockdividends": 203000000,
        "incomelossfromcontinuingoperationsperbasicshare": -4.140000000000001,
        "earningspersharebasic": -4.040000000000001,
        "incomelossfromcontinuingoperationsperdilutedshare": -4.140000000000001,
        "earningspersharediluted": -4.040000000000001,
        "othercomprehensiveincomeforeigncurrencytransactionandtranslationgainlossarisingduringperiodnetoftax": 0,
        "othercomprehensiveincomedefinedbenefitplansnetunamortizedgainlossarisingduringperiodnetoftax": 28000000,
        "othercomprehensiveincomelosscashflowhedgegainlossreclassificationaftertax": -2000000,
        "othercomprehensiveincomelossnetoftax": 29000000,
        "comprehensiveincomenetoftaxincludingportionattributabletononcontrollinginterest": -3546000000,
        "othercomprehensiveincomedefinedbenefitplansnetunamortizedgainlossarisingduringperiodtax": -8000000
    },
    {
        "date": "2020-06-29",
        "symbol": "OXY",
        "period": "Q2",
        "revenues": 3131000000,
        "interestdividendsandotherincome": 33000000,
        "gainsonsaleofequityinvestmentsandotherassets": 15000000,
        "revenuesoperatingandnonoperating": 3179000000,
        "resultsofoperationsexpensefromoilandgasproducingactivities": 654000000,
        "transportationandgatheringexpense": 374000000,
        "costofgoodsandservicessold": 577000000,
        "purchasedcommodities": 214000000,
        "sellinggeneralandadministrativeexpense": 229000000,
        "othercostandexpenseoperating": 116000000,
        "depreciationdepletionandamortization": 2186000000,
        "pretaxassetimpairmentandrelateditems": 6470000000,
        "taxesexcludingincomeandexcisetaxes": 111000000,
        "businesscombinationacquisitionrelatedcosts": 149000000,
        "explorationexpense": 33000000,
        "interestanddebtexpense": 310000000,
        "costsandotherdeductions": 11423000000,
        "incomelossfromcontinuingoperationsbeforeincometaxesminorityinterestandincomelossfromequitymethodinvestments": -8244000000,
        "gainlossonderivativeinstrumentsnetpretax": -76000000,
        "incomelossfromequitymethodinvestments": 193000000,
        "nonoperatingincomeexpense": 117000000,
        "incomelossfromcontinuingoperationsbeforeincometaxesextraordinaryitemsnoncontrollinginterest": -8127000000,
        "incometaxexpensebenefit": -1411000000,
        "incomelossfromcontinuingoperationsincludingportionattributabletononcontrollinginterest": -6716000000,
        "profitloss": -8131000000,
        "redeemablepreferredstockdividends": 222000000,
        "netincomeloss": -8353000000,
        "incomelossfromcontinuingoperationsperbasicshare": -7.629999999999999,
        "earningspersharebasic": -9.19,
        "incomelossfromcontinuingoperationsperdilutedshare": -7.629999999999999,
        "earningspersharediluted": -9.19,
        "commonstockdividendspersharedeclared": 0.010000000000000009,
        "goodwillimpairmentloss": 0,
        "othercomprehensiveincomeforeigncurrencytransactionandtranslationgainlossarisingduringperiodnetoftax": 1000000,
        "othercomprehensiveincomelosscashflowhedgegainlossbeforereclassificationaftertax": 0,
        "othercomprehensiveincomedefinedbenefitplansnetunamortizedgainlossarisingduringperiodnetoftax": 20000000,
        "othercomprehensiveincomelosscashflowhedgegainlossreclassificationaftertax": -1000000,
        "othercomprehensiveincomelossnetoftax": 22000000,
        "comprehensiveincomenetoftaxincludingportionattributabletononcontrollinginterest": -8109000000,
        "othercomprehensiveincomelosscashflowhedgegainlossbeforereclassificationtax": 0,
        "othercomprehensiveincomedefinedbenefitplansnetunamortizedgainlossarisingduringperiodtax": -5000000,
        "othercomprehensiveincomelosscashflowhedgegainlossreclassificationtax": 0
    },
    {
        "date": "2020-03-30",
        "symbol": "OXY",
        "period": "Q1",
        "revenues": 6410000000,
        "interestdividendsandotherincome": 34000000,
        "gainsonsaleofequityinvestmentsandotherassets": 7000000,
        "revenuesoperatingandnonoperating": 6451000000,
        "resultsofoperationsexpensefromoilandgasproducingactivities": 1046000000,
        "transportationandgatheringexpense": 558000000,
        "costofgoodsandservicessold": 612000000,
        "purchasedcommodities": 393000000,
        "sellinggeneralandadministrativeexpense": 260000000,
        "othercostandexpenseoperating": 195000000,
        "depreciationdepletionandamortization": 2242000000,
        "pretaxassetimpairmentandrelateditems": 1803000000,
        "taxesexcludingincomeandexcisetaxes": 182000000,
        "businesscombinationacquisitionrelatedcosts": 148000000,
        "explorationexpense": 37000000,
        "interestanddebtexpense": 352000000,
        "costsandotherdeductions": 7828000000,
        "incomelossfromcontinuingoperationsbeforeincometaxesminorityinterestandincomelossfromequitymethodinvestments": -1377000000,
        "gainlossonderivativeinstrumentsnetpretax": -585000000,
        "incomelossfromequitymethodinvestments": -133000000,
        "nonoperatingincomeexpense": -718000000,
        "incomelossfromcontinuingoperationsbeforeincometaxesextraordinaryitemsnoncontrollinginterest": -2095000000,
        "incometaxexpensebenefit": -82000000,
        "incomelossfromcontinuingoperationsincludingportionattributabletononcontrollinginterest": -2013000000,
        "profitloss": -2013000000,
        "redeemablepreferredstockdividends": 219000000,
        "netincomeloss": -2232000000,
        "incomelossfromcontinuingoperationsperbasicshare": -2.49,
        "earningspersharebasic": -2.49,
        "incomelossfromcontinuingoperationsperdilutedshare": -2.49,
        "earningspersharediluted": -2.49,
        "commonstockdividendspersharedeclared": 0.79,
        "goodwillimpairmentloss": 1200000000,
        "othercomprehensiveincomeforeigncurrencytransactionandtranslationgainlossarisingduringperiodnetoftax": -2000000,
        "othercomprehensiveincomelosscashflowhedgegainlossbeforereclassificationaftertax": -2000000,
        "othercomprehensiveincomedefinedbenefitplansnetunamortizedgainlossarisingduringperiodnetoftax": -111000000,
        "othercomprehensiveincomelosscashflowhedgegainlossreclassificationaftertax": -2000000,
        "othercomprehensiveincomelossnetoftax": -113000000,
        "comprehensiveincomenetoftaxincludingportionattributabletononcontrollinginterest": -2126000000,
        "othercomprehensiveincomelosscashflowhedgegainlossbeforereclassificationtax": 1000000,
        "othercomprehensiveincomedefinedbenefitplansnetunamortizedgainlossarisingduringperiodtax": 31000000,
        "othercomprehensiveincomelosscashflowhedgegainlossreclassificationtax": -1000000
    },
    {
        "date": "2019-09-29",
        "symbol": "OXY",
        "period": "Q3",
        "profitloss": -752000000,
        "othercomprehensiveincomelosscashflowhedgegainlossbeforereclassificationaftertax": -114000000,
        "othercomprehensiveincomedefinedbenefitplansnetunamortizedgainlossarisingduringperiodnetoftax": -34000000,
        "othercomprehensiveincomelossnetoftax": -148000000,
        "comprehensiveincomenetoftaxincludingportionattributabletononcontrollinginterest": -900000000,
        "comprehensiveincomenetoftaxattributabletononcontrollinginterest": 42000000,
        "comprehensiveincomenetoftax": -942000000,
        "othercomprehensiveincomelosscashflowhedgegainlossbeforereclassificationtax": 32000000,
        "othercomprehensiveincomedefinedbenefitplansnetunamortizedgainlossarisingduringperiodtax": 10000000,
        "revenuefromcontractwithcustomerexcludingassessedtax": 5687000000,
        "interestdividendsandotherincome": 56000000,
        "gainsonsaleofequityinvestmentsandotherassets": 128000000,
        "revenuesoperatingandnonoperating": 5871000000,
        "resultsofoperationsexpensefromoilandgasproducingactivities": 962000000,
        "resultsofoperationstransportationcosts": 217000000,
        "costofgoodsandservicessold": 741000000,
        "purchasedcommodities": 441000000,
        "resultsofoperationsgeneralandadministrativerelatedtooilandgasproducingactivities": 242000000,
        "othercostandexpenseoperating": 363000000,
        "taxesexcludingincomeandexcisetaxes": 198000000,
        "depreciationdepletionandamortization": 1706000000,
        "pretaxassetimpairmentandrelateditems": 325000000,
        "businesscombinationacquisitionrelatedcosts": 924000000,
        "explorationexpense": 63000000,
        "interestanddebtexpense": 381000000,
        "costsandotherdeductions": 6563000000,
        "incomelossfromcontinuingoperationsbeforeincometaxesminorityinterestandincomelossfromequitymethodinvestments": -692000000,
        "gainlossonderivativeinstrumentsnetpretax": -33000000,
        "incomelossfromequitymethodinvestments": 104000000,
        "nonoperatingincomeexpense": 71000000,
        "incomelossfromcontinuingoperationsbeforeincometaxesextraordinaryitemsnoncontrollinginterest": -621000000,
        "incometaxexpensebenefit": 116000000,
        "incomelossfromcontinuingoperationsincludingportionattributabletononcontrollinginterest": -737000000,
        "incomelossfromdiscontinuedoperationsnetoftax": -15000000,
        "netincomelossattributabletononcontrollinginterest": 42000000,
        "redeemablepreferredstockdividends": 118000000,
        "netincomeloss": -912000000,
        "incomelossfromcontinuingoperationsperbasicshare": -1.06,
        "discontinuedoperationincomelossfromdiscontinuedoperationnetoftaxperbasicshare": -0.02,
        "earningspersharebasic": -1.08,
        "incomelossfromcontinuingoperationsperdilutedshare": -1.06,
        "discontinuedoperationincomelossfromdiscontinuedoperationnetoftaxperdilutedshare": -0.02,
        "earningspersharediluted": -1.08
    },
    {
        "date": "2019-06-29",
        "symbol": "OXY",
        "period": "Q2",
        "profitloss": 635000000,
        "othercomprehensiveincomelosscashflowhedgegainlossbeforereclassificationaftertax": -18000000,
        "othercomprehensiveincomedefinedbenefitplansnetunamortizedgainlossarisingduringperiodnetoftax": 2000000,
        "othercomprehensiveincomelossreclassificationadjustmentfromaocionderivativesnetoftaxincludingdistributionofstocksinspinoff": -16000000,
        "comprehensiveincomenetoftax": 619000000,
        "othercomprehensiveincomedefinedbenefitplansnetunamortizedgainlossarisingduringperiodtax": 0,
        "interestdividendsandotherincome": 41000000,
        "gainsonsaleofequityinvestmentsandotherassets": 15000000,
        "revenuesoperatingandnonoperating": 4476000000,
        "costofgoodsandservicessold": 1386000000,
        "purchasedcommodities": 431000000,
        "generalandadministrativeexpenseandotheroperatingexpenses": 163000000,
        "otherexpenseoperatingandnonoperating": 260000000,
        "taxesexcludingincomeandexcisetaxes": 123000000,
        "depreciationdepletionandamortization": 1031000000,
        "explorationexpense": 35000000,
        "interestanddebtexpense": 153000000,
        "costsandotherdeductions": 3632000000,
        "incomelossfromcontinuingoperationsbeforeincometaxesminorityinterestandincomelossfromequitymethodinvestments": 844000000,
        "incometaxexpensebenefit": 306000000,
        "incomelossfromequitymethodinvestments": 97000000,
        "earningspersharebasic": 0.84,
        "earningspersharediluted": 0.84
    },
    {
        "date": "2019-03-30",
        "symbol": "OXY",
        "period": "Q1",
        "profitloss": 631000000,
        "othercomprehensiveincomelosscashflowhedgegainlossbeforereclassificationaftertax": 2000000,
        "othercomprehensiveincomedefinedbenefitplansnetunamortizedgainlossarisingduringperiodnetoftax": 2000000,
        "othercomprehensiveincomelossreclassificationadjustmentfromaocionderivativesnetoftaxincludingdistributionofstocksinspinoff": 4000000,
        "comprehensiveincomenetoftax": 635000000,
        "othercomprehensiveincomedefinedbenefitplansnetunamortizedgainlossarisingduringperiodtax": -1000000,
        "revenuefromcontractwithcustomerexcludingassessedtax": 2351000000,
        "interestdividendsandotherincome": 78000000,
        "gainsonsaleofequityinvestmentsandotherassets": 7000000,
        "revenuesoperatingandnonoperating": 4089000000,
        "costofgoodsandservicessold": 1345000000,
        "purchasedcommodities": 365000000,
        "generalandadministrativeexpenseandotheroperatingexpenses": 140000000,
        "otherexpenseoperatingandnonoperating": 238000000,
        "taxesexcludingincomeandexcisetaxes": 111000000,
        "depreciationdepletionandamortization": 973000000,
        "explorationexpense": 36000000,
        "interestanddebtexpense": 98000000,
        "costsandotherdeductions": 3306000000,
        "incomelossfromcontinuingoperationsbeforeincometaxesminorityinterestandincomelossfromequitymethodinvestments": 783000000,
        "incometaxexpensebenefit": 225000000,
        "incomelossfromequitymethodinvestments": 73000000,
        "earningspersharebasic": 0.84,
        "earningspersharediluted": 0.84
    },
    {
        "date": "2018-12-30",
        "symbol": "OXY",
        "period": "Q4",
        "othercomprehensiveincomeunrealizedgainlossonderivativesarisingduringperiodnetoftax": -1000000,
        "othercomprehensiveincomedefinedbenefitplansnetunamortizedgainlossarisingduringperiodnetoftax": -16000000,
        "othercomprehensiveincomelossreclassificationadjustmentfromaocionderivativesnetoftax": 0,
        "othercomprehensiveincomelossreclassificationadjustmentfromaocionderivativesnetoftaxincludingdistributionofstocksinspinoff": -17000000,
        "comprehensiveincomenetoftax": 689000000,
        "othercomprehensiveincomedefinedbenefitplansnetunamortizedgainlossarisingduringperiodtax": 81000000,
        "interestdividendsandotherincome": 35000000,
        "revenuesoperatingandnonoperating": 4802000000,
        "costofgoodssoldexcludingdepreciationdepletionandamortization": 1954000000,
        "generalandadministrativeexpenseandotheroperatingexpenses": 473000000,
        "taxesexcludingincomeandexcisetaxes": 106000000,
        "depreciationdepletionandamortization": 363000000,
        "pretaxassetimpairmentandrelateditems": 305000000,
        "explorationexpense": 50000000,
        "interestanddebtexpense": 99000000,
        "costsandotherdeductions": 4073000000,
        "incomelossfromcontinuingoperationsbeforeincometaxesminorityinterestandincomelossfromequitymethodinvestments": 729000000,
        "incometaxexpensebenefit": 126000000,
        "incomelossfromequitymethodinvestments": 103000000,
        "profitloss": 706000000,
        "earningspersharebasic": 0.9400000000000003,
        "earningspersharediluted": 0.9299999999999996
    },
    {
        "date": "2018-09-29",
        "symbol": "OXY",
        "period": "Q3",
        "profitloss": 1869000000,
        "othercomprehensiveincomeunrealizedgainlossonderivativesarisingduringperiodnetoftax": -1000000,
        "othercomprehensiveincomedefinedbenefitplansnetunamortizedgainlossarisingduringperiodnetoftax": 144000000,
        "othercomprehensiveincomelossreclassificationadjustmentfromaocionderivativesnetoftax": -10000000,
        "othercomprehensiveincomelossreclassificationadjustmentfromaocionderivativesnetoftaxincludingdistributionofstocksinspinoff": 153000000,
        "comprehensiveincomenetoftax": 2022000000,
        "othercomprehensiveincomedefinedbenefitplansnetunamortizedgainlossarisingduringperiodtax": -40000000,
        "othercomprehensiveincomedefinedbenefitplannetpriorservicecostscreditarisingduringperiodnetoftax": 139000000,
        "othercomprehensiveincomedefinedbenefitplannetpriorservicecostcreditarisingduringperiodbeforetax": 178000000,
        "othercomprehensiveincomelossreclassificationadjustmentfromaocionderivativestax": 3000000,
        "revenues": 2889000000,
        "interestdividendsandotherincome": 34000000,
        "gainlossonsaleofoilandgasproperty": 926000000,
        "revenuesoperatingandnonoperating": 6176000000,
        "costofgoodssoldexcludingdepreciationdepletionandamortization": 1786000000,
        "generalandadministrativeexpenseandotheroperatingexpenses": 431000000,
        "taxesexcludingincomeandexcisetaxes": 110000000,
        "depreciationdepletionandamortization": 1023000000,
        "pretaxassetimpairmentandrelateditems": 214000000,
        "explorationexpense": 24000000,
        "interestanddebtexpense": 96000000,
        "costsandotherdeductions": 3684000000,
        "incomelossfromcontinuingoperationsbeforeincometaxesminorityinterestandincomelossfromequitymethodinvestments": 2492000000,
        "incometaxexpensebenefit": 710000000,
        "incomelossfromequitymethodinvestments": 87000000,
        "earningspersharebasic": 2.44,
        "earningspersharediluted": 2.44,
        "commonstockdividendspersharedeclared": 0.78
    },
    {
        "date": "2018-06-29",
        "symbol": "OXY",
        "period": "Q2",
        "revenues": 2531000000,
        "interestdividendsandotherincome": 38000000,
        "gainlossonsaleofoilandgasproperty": 10000000,
        "revenuesoperatingandnonoperating": 4131000000,
        "costofgoodssoldexcludingdepreciationdepletionandamortization": 1465000000,
        "generalandadministrativeexpenseandotheroperatingexpenses": 402000000,
        "taxesexcludingincomeandexcisetaxes": 115000000,
        "depreciationdepletionandamortization": 947000000,
        "pretaxassetimpairmentandrelateditems": 12000000,
        "explorationexpense": 21000000,
        "interestanddebtexpense": 97000000,
        "costsandotherdeductions": 3059000000,
        "incomelossfromcontinuingoperationsbeforeincometaxesminorityinterestandincomelossfromequitymethodinvestments": 1072000000,
        "incometaxexpensebenefit": 302000000,
        "incomelossfromequitymethodinvestments": 78000000,
        "profitloss": 848000000,
        "earningspersharebasic": 1.1,
        "earningspersharediluted": 1.1,
        "commonstockdividendspersharedeclared": 0.77,
        "netincomeloss": 780000000,
        "othercomprehensiveincomeunrealizedgainlossonderivativesarisingduringperiodnetoftax": -1000000,
        "othercomprehensiveincomedefinedbenefitplansnetunamortizedgainlossarisingduringperiodnetoftax": 5000000,
        "othercomprehensiveincomelossreclassificationadjustmentfromaocionderivativesnetoftax": -1000000,
        "othercomprehensiveincomelossreclassificationadjustmentfromaocionderivativesnetoftaxincludingdistributionofstocksinspinoff": 4000000,
        "comprehensiveincomenetoftax": 852000000,
        "othercomprehensiveincomeunrealizedgainlossonderivativesarisingduringperiodtax": 0,
        "othercomprehensiveincomedefinedbenefitplansnetunamortizedgainlossarisingduringperiodtax": -2000000,
        "othercomprehensiveincomelossreclassificationadjustmentfromaocionderivativestax": 0
    },
    {
        "date": "2018-03-30",
        "symbol": "OXY",
        "period": "Q1",
        "revenues": 2454000000,
        "interestdividendsandotherincome": 29000000,
        "gainlossonsaleofoilandgasproperty": 33000000,
        "revenuesoperatingandnonoperating": 3825000000,
        "costofgoodssoldexcludingdepreciationdepletionandamortization": 1363000000,
        "generalandadministrativeexpenseandotheroperatingexpenses": 307000000,
        "taxesexcludingincomeandexcisetaxes": 108000000,
        "depreciationdepletionandamortization": 921000000,
        "pretaxassetimpairmentandrelateditems": 30000000,
        "explorationexpense": 15000000,
        "interestanddebtexpense": 97000000,
        "costsandotherdeductions": 2841000000,
        "incomelossfromcontinuingoperationsbeforeincometaxesminorityinterestandincomelossfromequitymethodinvestments": 984000000,
        "incometaxexpensebenefit": 339000000,
        "incomelossfromequitymethodinvestments": 63000000,
        "profitloss": 708000000,
        "earningspersharebasic": 0.92,
        "earningspersharediluted": 0.92,
        "commonstockdividendspersharedeclared": 0.77,
        "netincomeloss": 750000000,
        "othercomprehensiveincomeforeigncurrencytransactionandtranslationgainlossarisingduringperiodnetoftax": 1000000,
        "othercomprehensiveincomeunrealizedgainlossonderivativesarisingduringperiodnetoftax": -3000000,
        "othercomprehensiveincomedefinedbenefitplansnetunamortizedgainlossarisingduringperiodnetoftax": 4000000,
        "othercomprehensiveincomelossreclassificationadjustmentfromaocionderivativesnetoftax": -2000000,
        "othercomprehensiveincomelossreclassificationadjustmentfromaocionderivativesnetoftaxincludingdistributionofstocksinspinoff": 4000000,
        "comprehensiveincomenetoftax": 712000000,
        "othercomprehensiveincomeunrealizedgainlossonderivativesarisingduringperiodtax": 1000000,
        "othercomprehensiveincomedefinedbenefitplansnetunamortizedgainlossarisingduringperiodtax": -1000000,
        "othercomprehensiveincomelossreclassificationadjustmentfromaocionderivativestax": 1000000
    },
    {
        "date": "2017-12-30",
        "symbol": "OXY",
        "period": "Q4",
        "salesrevenuenet": 2263000000,
        "interestdividendsandotherincome": 27000000,
        "revenuesoperatingandnonoperating": 3588000000,
        "costofgoodssoldexcludingdepreciationdepletionandamortization": 1325000000,
        "generalandadministrativeexpenseandotheroperatingexpenses": 448000000,
        "depreciationdepletionandamortization": 343000000,
        "taxesexcludingincomeandexcisetaxes": 90000000,
        "explorationexpense": 55000000,
        "interestanddebtexpense": 87000000,
        "costsandotherdeductions": 3602000000,
        "incomelossfromcontinuingoperationsbeforeincometaxesminorityinterestandincomelossfromequitymethodinvestments": -14000000,
        "incometaxexpensebenefit": -840000000,
        "incomelossfromequitymethodinvestments": 80000000,
        "incomelossfromcontinuingoperationsincludingportionattributabletononcontrollinginterest": 497000000,
        "profitloss": 497000000,
        "incomelossfromcontinuingoperationsperbasicshare": 0.6499999999999999,
        "earningspersharebasic": 0.6499999999999999,
        "incomelossfromcontinuingoperationsperdilutedshare": 0.6399999999999999,
        "earningspersharediluted": 0.6399999999999999,
        "commonstockdividendspersharedeclared": 0.77,
        "netincomeloss": 44000000,
        "othercomprehensiveincomeunrealizedgainlossonderivativesarisingduringperiodnetoftax": -1000000,
        "othercomprehensiveincomedefinedbenefitplansnetunamortizedgainlossarisingduringperiodnetoftax": -19000000,
        "othercomprehensiveincomelossreclassificationadjustmentfromaocionderivativesnetoftaxincludingdistributionofstocksinspinoff": -20000000,
        "comprehensiveincomenetoftax": 477000000,
        "othercomprehensiveincomeunrealizedgainlossonderivativesarisingduringperiodtax": 15000000,
        "othercomprehensiveincomedefinedbenefitplansnetunamortizedgainlossarisingduringperiodtax": 3000000
    },
    {
        "date": "2017-09-29",
        "symbol": "OXY",
        "period": "Q3",
        "salesrevenuenet": 1865000000,
        "interestdividendsandotherincome": 20000000,
        "revenuesoperatingandnonoperating": 3105000000,
        "costofgoodssoldexcludingdepreciationdepletionandamortization": 1357000000,
        "generalandadministrativeexpenseandotheroperatingexpenses": 352000000,
        "taxesexcludingincomeandexcisetaxes": 76000000,
        "depreciationdepletionandamortization": 995000000,
        "explorationexpense": 8000000,
        "interestanddebtexpense": 91000000,
        "costsandotherdeductions": 2890000000,
        "incomelossfromcontinuingoperationsbeforeincometaxesminorityinterestandincomelossfromequitymethodinvestments": 215000000,
        "incometaxexpensebenefit": 85000000,
        "incomelossfromequitymethodinvestments": 60000000,
        "incomelossfromcontinuingoperationsincludingportionattributabletononcontrollinginterest": 190000000,
        "profitloss": 190000000,
        "incomelossfromcontinuingoperationsperbasicshare": 0.25,
        "earningspersharebasic": 0.25,
        "incomelossfromcontinuingoperationsperdilutedshare": 0.25,
        "earningspersharediluted": 0.25,
        "commonstockdividendspersharedeclared": 0.77,
        "netincomeloss": 220000000,
        "othercomprehensiveincomeunrealizedgainlossonderivativesarisingduringperiodnetoftax": 8000000,
        "othercomprehensiveincomedefinedbenefitplansnetunamortizedgainlossarisingduringperiodnetoftax": 4000000,
        "othercomprehensiveincomelossreclassificationadjustmentfromaocionderivativesnetoftax": 0,
        "othercomprehensiveincomelossreclassificationadjustmentfromaocionderivativesnetoftaxincludingdistributionofstocksinspinoff": 14000000,
        "comprehensiveincomenetoftax": 204000000,
        "othercomprehensiveincomeunrealizedgainlossonderivativesarisingduringperiodtax": -5000000,
        "othercomprehensiveincomedefinedbenefitplansnetunamortizedgainlossarisingduringperiodtax": -3000000,
        "othercomprehensiveincomelossreclassificationadjustmentfromaocionderivativestax": 0
    },
    {
        "date": "2017-06-29",
        "symbol": "OXY",
        "period": "Q2",
        "salesrevenuenet": 1848000000,
        "interestdividendsandotherincome": 31000000,
        "revenuesoperatingandnonoperating": 3603000000,
        "costofgoodssoldexcludingdepreciationdepletionandamortization": 1486000000,
        "generalandadministrativeexpenseandotheroperatingexpenses": 352000000,
        "taxesexcludingincomeandexcisetaxes": 77000000,
        "depreciationdepletionandamortization": 989000000,
        "pretaxassetimpairmentandrelateditems": 0,
        "explorationexpense": 8000000,
        "interestanddebtexpense": 86000000,
        "costsandotherdeductions": 2998000000,
        "incomelossfromcontinuingoperationsbeforeincometaxesminorityinterestandincomelossfromequitymethodinvestments": 605000000,
        "incometaxexpensebenefit": 285000000,
        "incomelossfromequitymethodinvestments": 187000000,
        "incomelossfromcontinuingoperationsincludingportionattributabletononcontrollinginterest": 507000000,
        "profitloss": 507000000,
        "incomelossfromcontinuingoperationsperbasicshare": 0.66,
        "earningspersharebasic": 0.66,
        "incomelossfromcontinuingoperationsperdilutedshare": 0.66,
        "earningspersharediluted": 0.66,
        "commonstockdividendspersharedeclared": 0.76,
        "netincomeloss": 627000000,
        "othercomprehensiveincomeforeigncurrencytransactionandtranslationgainlossarisingduringperiodnetoftax": 0,
        "othercomprehensiveincomeunrealizedgainlossonderivativesarisingduringperiodnetoftax": 1000000,
        "othercomprehensiveincomedefinedbenefitplansnetunamortizedgainlossarisingduringperiodnetoftax": -1000000,
        "othercomprehensiveincomelossreclassificationadjustmentfromaocionderivativesnetoftax": -1000000,
        "othercomprehensiveincomelossreclassificationadjustmentfromaocionderivativesnetoftaxincludingdistributionofstocksinspinoff": 1000000,
        "comprehensiveincomenetoftax": 508000000,
        "othercomprehensiveincomeunrealizedgainlossonderivativesarisingduringperiodtax": -6000000,
        "othercomprehensiveincomedefinedbenefitplansnetunamortizedgainlossarisingduringperiodtax": -9000000,
        "othercomprehensiveincomelossreclassificationadjustmentfromaocionderivativestax": -2000000
    },
    {
        "date": "2017-03-30",
        "symbol": "OXY",
        "period": "Q1",
        "salesrevenuenet": 1894000000,
        "interestdividendsandotherincome": 21000000,
        "revenuesoperatingandnonoperating": 2978000000,
        "costofgoodssoldexcludingdepreciationdepletionandamortization": 1426000000,
        "generalandadministrativeexpenseandotheroperatingexpenses": 272000000,
        "taxesexcludingincomeandexcisetaxes": 68000000,
        "depreciationdepletionandamortization": 942000000,
        "pretaxassetimpairmentandrelateditems": 13000000,
        "explorationexpense": 11000000,
        "interestanddebtexpense": 81000000,
        "costsandotherdeductions": 2813000000,
        "incomelossfromcontinuingoperationsbeforeincometaxesminorityinterestandincomelossfromequitymethodinvestments": 165000000,
        "incometaxexpensebenefit": 78000000,
        "incomelossfromequitymethodinvestments": 30000000,
        "incomelossfromcontinuingoperationsincludingportionattributabletononcontrollinginterest": 117000000,
        "profitloss": 117000000,
        "incomelossfromcontinuingoperationsperbasicshare": 0.15,
        "earningspersharebasic": 0.15,
        "incomelossfromcontinuingoperationsperdilutedshare": 0.15,
        "earningspersharediluted": 0.15,
        "commonstockdividendspersharedeclared": 0.76,
        "netincomeloss": 220000000,
        "othercomprehensiveincomeforeigncurrencytransactionandtranslationgainlossarisingduringperiodnetoftax": 1000000,
        "othercomprehensiveincomeunrealizedgainlossonderivativesarisingduringperiodnetoftax": 5000000,
        "othercomprehensiveincomedefinedbenefitplansnetunamortizedgainlossarisingduringperiodnetoftax": 9000000,
        "othercomprehensiveincomelossreclassificationadjustmentfromaocionderivativesnetoftax": 2000000,
        "othercomprehensiveincomelossreclassificationadjustmentfromaocionderivativesnetoftaxincludingdistributionofstocksinspinoff": 13000000,
        "comprehensiveincomenetoftax": 130000000,
        "othercomprehensiveincomeunrealizedgainlossonderivativesarisingduringperiodtax": 3000000,
        "othercomprehensiveincomedefinedbenefitplansnetunamortizedgainlossarisingduringperiodtax": 5000000,
        "othercomprehensiveincomelossreclassificationadjustmentfromaocionderivativestax": 1000000
    },
    {
        "date": "2016-12-30",
        "symbol": "OXY",
        "period": "Q4",
        "salesrevenuenet": 1817000000,
        "interestdividendsandotherincome": 34000000,
        "costofgoodssoldexcludingdepreciationdepletionandamortization": 1326000000,
        "depreciationdepletionandamortization": 357000000,
        "taxesexcludingincomeandexcisetaxes": 67000000,
        "explorationexpense": 17000000,
        "interestanddebtexpense": 76000000,
        "costsandotherdeductions": 3466000000,
        "incomelossfromcontinuingoperationsbeforeincometaxesminorityinterestandincomelossfromequitymethodinvestments": -640000000,
        "incometaxexpensebenefit": -95000000,
        "incomelossfromequitymethodinvestments": 39000000,
        "incomelossfromcontinuingoperationsincludingportionattributabletononcontrollinginterest": -268000000,
        "incomelossfromdiscontinuedoperationsnetoftax": -4000000,
        "netincomeloss": 17000000,
        "incomelossfromcontinuingoperationsperbasicshare": -0.35,
        "earningspersharebasic": -0.35,
        "incomelossfromcontinuingoperationsperdilutedshare": -0.35,
        "earningspersharediluted": -0.35,
        "commonstockdividendspersharedeclared": 0.7600000000000002,
        "othercomprehensiveincomeunrealizedgainlossonderivativesarisingduringperiodnetoftax": -2000000,
        "othercomprehensiveincomedefinedbenefitplansnetunamortizedgainlossarisingduringperiodnetoftax": 31000000,
        "comprehensiveincomenetoftax": -244000000,
        "othercomprehensiveincomeunrealizedgainlossonderivativesarisingduringperiodtax": -14000000,
        "othercomprehensiveincomedefinedbenefitplansnetunamortizedgainlossarisingduringperiodtax": 35000000
    },
    {
        "date": "2016-09-29",
        "symbol": "OXY",
        "period": "Q3",
        "salesrevenuenet": 1660000000,
        "interestdividendsandotherincome": 25000000,
        "revenues": 2733000000,
        "costofgoodssoldexcludingdepreciationdepletionandamortization": 1338000000,
        "taxesexcludingincomeandexcisetaxes": 61000000,
        "depreciationdepletionandamortization": 1046000000,
        "explorationexpense": 9000000,
        "interestanddebtexpense": 68000000,
        "costsandotherdeductions": 3059000000,
        "incomelossfromcontinuingoperationsbeforeincometaxesminorityinterestandincomelossfromequitymethodinvestments": -326000000,
        "incometaxexpensebenefit": -30000000,
        "incomelossfromequitymethodinvestments": 58000000,
        "incomelossfromcontinuingoperationsincludingportionattributabletononcontrollinginterest": -238000000,
        "incomelossfromdiscontinuedoperationsnetoftax": -3000000,
        "netincomeloss": -51000000,
        "incomelossfromcontinuingoperationsperbasicshare": -0.30999999999999994,
        "earningspersharebasic": -0.32000000000000006,
        "incomelossfromcontinuingoperationsperdilutedshare": -0.30999999999999994,
        "earningspersharediluted": -0.32000000000000006,
        "commonstockdividendspersharedeclared": 0.7599999999999998,
        "othercomprehensiveincomeunrealizedgainlossonderivativesarisingduringperiodnetoftax": 1000000,
        "othercomprehensiveincomedefinedbenefitplansnetunamortizedgainlossarisingduringperiodnetoftax": 4000000,
        "othercomprehensiveincomelossreclassificationadjustmentfromaocionderivativesnetoftax": 0,
        "othercomprehensiveincomelossnetoftaxportionattributabletoparent": 5000000,
        "comprehensiveincomenetoftax": -236000000,
        "othercomprehensiveincomeunrealizedgainlossonderivativesarisingduringperiodtax": -1000000,
        "othercomprehensiveincomedefinedbenefitplansnetunamortizedgainlossarisingduringperiodtax": -2000000
    },
    {
        "date": "2016-06-29",
        "symbol": "OXY",
        "period": "Q2",
        "salesrevenuenet": 1625000000,
        "interestdividendsandotherincome": 27000000,
        "gainlossonsaleofoilandgasproperty": 0,
        "revenues": 2558000000,
        "costofgoodssoldexcludingdepreciationdepletionandamortization": 1244000000,
        "operatingexpenses": 338000000,
        "taxesexcludingincomeandexcisetaxes": 74000000,
        "depreciationdepletionandamortization": 1070000000,
        "pretaxassetimpairmentandrelateditems": 0,
        "explorationexpense": 27000000,
        "interestanddebtexpense": 88000000,
        "costsandotherdeductions": 2841000000,
        "incomelossfromcontinuingoperationsbeforeincometaxesminorityinterestandincomelossfromequitymethodinvestments": -283000000,
        "incometaxexpensebenefit": -96000000,
        "incomelossfromequitymethodinvestments": 51000000,
        "incomelossfromcontinuingoperationsincludingportionattributabletononcontrollinginterest": -136000000,
        "incomelossfromdiscontinuedoperationsnetoftax": -3000000,
        "netincomeloss": -117000000,
        "incomelossfromcontinuingoperationsperbasicshare": -0.18000000000000005,
        "incomelossfromdiscontinuedoperationsnetoftaxperbasicshare": 0,
        "earningspersharebasic": -0.18,
        "incomelossfromcontinuingoperationsperdilutedshare": -0.18000000000000005,
        "incomelossfromdiscontinuedoperationsnetoftaxperdilutedshare": 0,
        "earningspersharediluted": -0.18,
        "commonstockdividendspersharedeclared": 0.75,
        "othercomprehensiveincomeforeigncurrencytransactionandtranslationgainlossarisingduringperiodnetoftax": 0,
        "othercomprehensiveincomeunrealizedgainlossonderivativesarisingduringperiodnetoftax": -3000000,
        "othercomprehensiveincomedefinedbenefitplansnetunamortizedgainlossarisingduringperiodnetoftax": 7000000,
        "othercomprehensiveincomelossreclassificationadjustmentfromaocionderivativesnetoftax": -1000000,
        "othercomprehensiveincomelossnetoftaxportionattributabletoparent": 5000000,
        "comprehensiveincomenetoftax": -134000000,
        "othercomprehensiveincomeunrealizedgainlossonderivativesarisingduringperiodtax": 1000000,
        "othercomprehensiveincomedefinedbenefitplansnetunamortizedgainlossarisingduringperiodtax": -4000000,
        "othercomprehensiveincomelossreclassificationadjustmentfromaocionderivativestax": 0
    },
    {
        "date": "2016-03-30",
        "symbol": "OXY",
        "period": "Q1",
        "salesrevenuenet": 1275000000,
        "interestdividendsandotherincome": 20000000,
        "gainlossonsaleofoilandgasproperty": 138000000,
        "revenues": 2281000000,
        "costofgoodssoldexcludingdepreciationdepletionandamortization": 1281000000,
        "operatingexpenses": 272000000,
        "taxesexcludingincomeandexcisetaxes": 75000000,
        "depreciationdepletionandamortization": 1102000000,
        "pretaxassetimpairmentandrelateditems": 78000000,
        "explorationexpense": 9000000,
        "interestanddebtexpense": 60000000,
        "costsandotherdeductions": 2877000000,
        "incomelossfromcontinuingoperationsbeforeincometaxesminorityinterestandincomelossfromequitymethodinvestments": -596000000,
        "incometaxexpensebenefit": -203000000,
        "incomelossfromequitymethodinvestments": 33000000,
        "incomelossfromcontinuingoperationsincludingportionattributabletononcontrollinginterest": -360000000,
        "incomelossfromdiscontinuedoperationsnetoftax": 438000000,
        "profitloss": 78000000,
        "netincomeloss": -485000000,
        "incomelossfromcontinuingoperationsperbasicshare": -0.47,
        "incomelossfromdiscontinuedoperationsnetoftaxperbasicshare": 0.57,
        "earningspersharebasic": 0.1,
        "incomelossfromcontinuingoperationsperdilutedshare": -0.47,
        "incomelossfromdiscontinuedoperationsnetoftaxperdilutedshare": 0.57,
        "earningspersharediluted": 0.1,
        "commonstockdividendspersharedeclared": 0.75,
        "othercomprehensiveincomeforeigncurrencytransactionandtranslationgainlossarisingduringperiodnetoftax": 1000000,
        "othercomprehensiveincomeunrealizedgainlossonderivativesarisingduringperiodnetoftax": -10000000,
        "othercomprehensiveincomedefinedbenefitplansnetunamortizedgainlossarisingduringperiodnetoftax": 5000000,
        "othercomprehensiveincomelossreclassificationadjustmentfromaocionderivativesnetoftax": -7000000,
        "othercomprehensiveincomelossnetoftaxportionattributabletoparent": 3000000,
        "comprehensiveincomenetoftax": 81000000,
        "othercomprehensiveincomeunrealizedgainlossonderivativesarisingduringperiodtax": 6000000,
        "othercomprehensiveincomedefinedbenefitplansnetunamortizedgainlossarisingduringperiodtax": -3000000,
        "othercomprehensiveincomelossreclassificationadjustmentfromaocionderivativestax": -4000000
    },
    {
        "date": "2015-12-30",
        "symbol": "OXY",
        "period": "Q4",
        "salesrevenuenet": 1899000000,
        "interestdividendsandotherincome": 30000000,
        "operatingexpenses": 320000000,
        "taxesexcludingincomeandexcisetaxes": 50000000,
        "explorationexpense": 13000000,
        "interestanddebtexpense": 61000000,
        "costsandotherdeductions": 9592000000,
        "incomelossfromcontinuingoperationsbeforeincometaxesminorityinterestandincomelossfromequitymethodinvestments": -6749000000,
        "incometaxexpensebenefit": -1190000000,
        "incomelossfromequitymethodinvestments": 54000000,
        "incomelossfromcontinuingoperationsincludingportionattributabletononcontrollinginterest": -5505000000,
        "incomelossfromdiscontinuedoperationsnetoftax": 775000000,
        "profitloss": -5178000000,
        "netincomeloss": -5021000000,
        "incomelossfromcontinuingoperationsperbasicshare": -7.19,
        "earningspersharebasic": -6.760000000000001,
        "incomelossfromcontinuingoperationsperdilutedshare": -7.19,
        "earningspersharediluted": -6.760000000000001,
        "commonstockdividendspersharedeclared": 0.7500000000000002,
        "othercomprehensiveincomedefinedbenefitplansnetunamortizedgainlossarisingduringperiodnetoftax": 43000000,
        "othercomprehensiveincomelossnetoftaxportionattributabletoparent": 252000000,
        "comprehensiveincomenetoftax": -4926000000,
        "othercomprehensiveincomedefinedbenefitplansnetunamortizedgainlossarisingduringperiodtax": 24000000
    },
    {
        "date": "2015-09-29",
        "symbol": "OXY",
        "period": "Q3",
        "salesrevenuenet": 2054000000,
        "interestdividendsandotherincome": 31000000,
        "gainlossonsaleofoilandgasproperty": 99000000,
        "revenues": 3246000000,
        "costofgoodssoldexcludingdepreciationdepletionandamortization": 1413000000,
        "operatingexpenses": 292000000,
        "depreciationdepletionandamortization": 1123000000,
        "pretaxassetimpairmentandrelateditems": 3397000000,
        "taxesexcludingincomeandexcisetaxes": 79000000,
        "explorationexpense": 5000000,
        "interestanddebtexpense": 48000000,
        "costsandotherdeductions": 6357000000,
        "incomelossfromcontinuingoperationsbeforeincometaxesminorityinterestandincomelossfromequitymethodinvestments": -3111000000,
        "incometaxexpensebenefit": -445000000,
        "incomelossfromequitymethodinvestments": 60000000,
        "incomelossfromcontinuingoperationsincludingportionattributabletononcontrollinginterest": -2606000000,
        "incomelossfromdiscontinuedoperationsnetoftax": -3000000,
        "profitloss": -2609000000,
        "netincomeloss": -3128000000,
        "incomelossfromcontinuingoperationsperbasicshare": -3.41,
        "incomelossfromdiscontinuedoperationsnetoftaxperbasicshare": -0.01,
        "earningspersharebasic": -3.42,
        "incomelossfromcontinuingoperationsperdilutedshare": -3.41,
        "incomelossfromdiscontinuedoperationsnetoftaxperdilutedshare": -0.01,
        "earningspersharediluted": -3.42,
        "commonstockdividendspersharedeclared": 0.75,
        "othercomprehensiveincomeforeigncurrencytransactionandtranslationgainlossarisingduringperiodnetoftax": -1000000,
        "availableforsalesecuritiesgrossunrealizedloss": 246000000,
        "othercomprehensiveincomeunrealizedgainlossonderivativesarisingduringperiodnetoftax": 2000000,
        "othercomprehensiveincomedefinedbenefitplansnetunamortizedgainlossarisingduringperiodnetoftax": 1000000,
        "othercomprehensiveincomelossreclassificationadjustmentfromaocionderivativesnetoftax": -1000000,
        "othercomprehensiveincomelossnetoftaxportionattributabletoparent": -243000000,
        "comprehensiveincomenetoftax": -2852000000,
        "othercomprehensiveincomeunrealizedgainlossonderivativesarisingduringperiodtax": 1000000,
        "othercomprehensiveincomedefinedbenefitplansnetunamortizedgainlossarisingduringperiodtax": 1000000
    },
    {
        "date": "2015-06-29",
        "symbol": "OXY",
        "period": "Q2",
        "salesrevenuenet": 2342000000,
        "interestdividendsandotherincome": 26000000,
        "revenuesoperatingandnonoperating": 3514000000,
        "operatingexpenses": 347000000,
        "pretaxassetimpairmentandrelateditems": 0,
        "taxesexcludingincomeandexcisetaxes": 107000000,
        "explorationexpense": 10000000,
        "interestanddebtexpense": 8000000,
        "costsandotherdeductions": 3068000000,
        "incomelossfromcontinuingoperationsbeforeincometaxesminorityinterestandincomelossfromequitymethodinvestments": 446000000,
        "incometaxexpensebenefit": 324000000,
        "incomelossfromequitymethodinvestments": 58000000,
        "incomelossfromcontinuingoperationsincludingportionattributabletononcontrollinginterest": 180000000,
        "incomelossfromdiscontinuedoperationsnetoftax": -4000000,
        "profitloss": 176000000,
        "netincomeloss": 355000000,
        "incomelossfromcontinuingoperationsperbasicshare": 0.24000000000000002,
        "earningspersharebasic": 0.23000000000000004,
        "incomelossfromcontinuingoperationsperdilutedshare": 0.24000000000000002,
        "earningspersharediluted": 0.23000000000000004,
        "commonstockdividendspersharedeclared": 0.75,
        "othercomprehensiveincomeforeigncurrencytransactionandtranslationgainlossarisingduringperiodnetoftax": 0,
        "availableforsalesecuritiesgrossunrealizedgains": -112000000,
        "othercomprehensiveincomedefinedbenefitplansnetunamortizedgainlossarisingduringperiodnetoftax": 2000000,
        "othercomprehensiveincomelossnetoftaxportionattributabletoparent": -110000000,
        "comprehensiveincomenetoftax": 66000000,
        "othercomprehensiveincomedefinedbenefitplansnetunamortizedgainlossarisingduringperiodtax": 1000000
    },
    {
        "date": "2015-03-30",
        "symbol": "OXY",
        "period": "Q1",
        "salesrevenuenet": 2009000000,
        "interestdividendsandotherincome": 31000000,
        "gainonsaleofassetsandequityinvestments": -24000000,
        "revenuesoperatingandnonoperating": 3096000000,
        "costofrevenue": 2586000000,
        "operatingexpenses": 311000000,
        "pretaxassetimpairmentandrelateditems": 324000000,
        "taxesexcludingincomeandexcisetaxes": 107000000,
        "explorationexpense": 8000000,
        "interestanddebtexpense": 30000000,
        "costsandotherdeductions": 3366000000,
        "incomelossfromcontinuingoperationsbeforeincometaxesminorityinterestandincomelossfromequitymethodinvestments": -270000000,
        "incometaxexpensebenefit": -19000000,
        "incomelossfromequitymethodinvestments": 36000000,
        "incomelossfromcontinuingoperationsincludingportionattributabletononcontrollinginterest": -215000000,
        "incomelossfromdiscontinuedoperationsnetoftax": -3000000,
        "profitloss": -218000000,
        "netincomeloss": -266000000,
        "incomelossfromcontinuingoperationsperbasicshare": -0.28,
        "earningspersharebasic": -0.28,
        "incomelossfromcontinuingoperationsperdilutedshare": -0.28,
        "earningspersharediluted": -0.28,
        "commonstockdividendspersharedeclared": 0.72,
        "othercomprehensiveincomeforeigncurrencytransactionandtranslationgainlossarisingduringperiodnetoftax": -1000000,
        "availableforsalesecuritiesgrossunrealizedgains": 150000000,
        "othercomprehensiveincomedefinedbenefitplansnetunamortizedgainlossarisingduringperiodnetoftax": 2000000,
        "othercomprehensiveincomelossnetoftaxportionattributabletoparent": 151000000,
        "comprehensiveincomenetoftax": -67000000,
        "othercomprehensiveincomedefinedbenefitplansnetunamortizedgainlossarisingduringperiodtax": 1000000
    },
    {
        "date": "2014-12-30",
        "symbol": "OXY",
        "period": "Q4",
        "salesrevenuenet": 14684000000,
        "interestdividendsandotherincome": 23000000,
        "revenuesoperatingandnonoperating": 2961000000,
        "operatingexpenses": 176000000,
        "taxesexcludingincomeandexcisetaxes": -43000000,
        "explorationexpense": -12000000,
        "interestanddebtexpense": 25000000,
        "costsandotherdeductions": 8238000000,
        "incomelossfromcontinuingoperationsbeforeincometaxesminorityinterestandincomelossfromequitymethodinvestments": -5277000000,
        "incometaxexpensebenefit": -1021000000,
        "incomelossfromequitymethodinvestments": 88000000,
        "incomelossfromcontinuingoperationsincludingportionattributabletononcontrollinginterest": -4168000000,
        "incomelossfromdiscontinuedoperationsnetoftax": 766000000,
        "profitloss": -3407000000,
        "netincomelossattributabletononcontrollinginterest": 6000000,
        "netincomeloss": 3507000000,
        "incomelossfromcontinuingoperationsperbasicshare": -5.31,
        "earningspersharebasic": -4.34,
        "incomelossfromcontinuingoperationsperdilutedshare": -5.31,
        "earningspersharediluted": -4.34,
        "commonstockdividendspersharedeclared": 0.7199999999999998,
        "othercomprehensiveincomedefinedbenefitplansnetunamortizedgainlossarisingduringperiodnetoftax": -89000000,
        "othercomprehensiveincomelossnetoftaxportionattributabletoparent": -68000000,
        "comprehensiveincomenetoftax": -3481000000,
        "othercomprehensiveincomedefinedbenefitplansnetunamortizedgainlossarisingduringperiodtax": -51000000
    },
    {
        "date": "2014-09-29",
        "symbol": "OXY",
        "period": "Q3",
        "netincomeloss": -5900000000,
        "othercomprehensiveincomedefinedbenefitplansnetunamortizedgainlossarisingduringperiodnetoftax": 3000000,
        "othercomprehensiveincomelossnetoftaxportionattributabletoparent": 2000000,
        "comprehensiveincomenetoftax": 1210000000,
        "salesrevenuenet": -13160000000,
        "interestdividendsandotherincome": 31000000,
        "revenuesoperatingandnonoperating": 6022000000,
        "costofrevenue": 3385000000,
        "operatingexpenses": 441000000,
        "taxesexcludingincomeandexcisetaxes": 191000000,
        "explorationexpense": 53000000,
        "interestanddebtexpense": 14000000,
        "costsandotherdeductions": 4084000000,
        "incomelossfromcontinuingoperationsbeforeincometaxesminorityinterestandincomelossfromequitymethodinvestments": 1938000000,
        "incometaxexpensebenefit": 817000000,
        "incomelossfromequitymethodinvestments": 93000000,
        "incomelossfromcontinuingoperationsincludingportionattributabletononcontrollinginterest": 1214000000,
        "incomelossfromdiscontinuedoperationsnetoftax": -3000000,
        "profitloss": 1211000000,
        "netincomelossattributabletononcontrollinginterest": 3000000,
        "incomelossfromcontinuingoperationsperbasicshare": 1.5499999999999998,
        "earningspersharebasic": 1.5499999999999998,
        "incomelossfromcontinuingoperationsperdilutedshare": 1.5499999999999998,
        "earningspersharediluted": 1.5499999999999998,
        "commonstockdividendspersharedeclared": 0.7200000000000002,
        "othercomprehensiveincomelossreclassificationadjustmentfromaocionderivativestax": 0,
        "othercomprehensiveincomedefinedbenefitplansnetunamortizedgainlossarisingduringperiodtax": 2000000
    },
    {
        "date": "2014-06-29",
        "symbol": "OXY",
        "period": "Q2",
        "netincomeloss": 1431000000,
        "othercomprehensiveincomeunrealizedgainlossonderivativesarisingduringperiodnetoftax": 0,
        "othercomprehensiveincomelossreclassificationadjustmentfromaocionderivativesnetoftax": 0,
        "othercomprehensiveincomedefinedbenefitplansnetunamortizedgainlossarisingduringperiodnetoftax": 5000000,
        "othercomprehensiveincomelossnetoftaxportionattributabletoparent": 5000000,
        "comprehensiveincomenetoftax": 1436000000,
        "salesrevenuenet": 6275000000,
        "interestdividendsandotherincome": 46000000,
        "revenuesoperatingandnonoperating": 6846000000,
        "costofrevenue": 3297000000,
        "operatingexpenses": 498000000,
        "taxesexcludingincomeandexcisetaxes": 199000000,
        "explorationexpense": 54000000,
        "interestanddebtexpense": 18000000,
        "costsandotherdeductions": 4537000000,
        "incomelossfromcontinuingoperationsbeforeincometaxesminorityinterestandincomelossfromequitymethodinvestments": 2309000000,
        "incometaxexpensebenefit": 957000000,
        "incomelossfromequitymethodinvestments": 83000000,
        "incomelossfromcontinuingoperationsincludingportionattributabletononcontrollinginterest": 1435000000,
        "incomelossfromdiscontinuedoperationsnetoftax": -1000000,
        "profitloss": 1434000000,
        "netincomelossattributabletononcontrollinginterest": 3000000,
        "incomelossfromcontinuingoperationsperbasicshare": 1.83,
        "earningspersharebasic": 1.83,
        "incomelossfromcontinuingoperationsperdilutedshare": 1.83,
        "earningspersharediluted": 1.83,
        "commonstockdividendspersharedeclared": 0.72,
        "othercomprehensiveincomeunrealizedgainlossonderivativesarisingduringperiodtax": 0,
        "othercomprehensiveincomelossreclassificationadjustmentfromaocionderivativestax": -1000000,
        "othercomprehensiveincomedefinedbenefitplansnetunamortizedgainlossarisingduringperiodtax": 2000000
    },
    {
        "date": "2014-03-30",
        "symbol": "OXY",
        "period": "Q1",
        "salesrevenuenet": 6088000000,
        "interestdividendsandotherincome": 30000000,
        "revenuesoperatingandnonoperating": 6118000000,
        "costofrevenue": 3198000000,
        "operatingexpenses": 388000000,
        "taxesexcludingincomeandexcisetaxes": 203000000,
        "explorationexpense": 55000000,
        "interestanddebtexpense": 20000000,
        "costsandotherdeductions": 3864000000,
        "incomelossfromcontinuingoperationsbeforeincometaxesminorityinterestandincomelossfromequitymethodinvestments": 2254000000,
        "incometaxexpensebenefit": 932000000,
        "incomelossfromequitymethodinvestments": 67000000,
        "incomelossfromcontinuingoperationsincludingportionattributabletononcontrollinginterest": 1389000000,
        "incomelossfromdiscontinuedoperationsnetoftax": 3000000,
        "profitloss": 1392000000,
        "netincomelossattributabletononcontrollinginterest": 2000000,
        "netincomeloss": 1390000000,
        "incomelossfromcontinuingoperationsperbasicshare": 1.75,
        "earningspersharebasic": 1.75,
        "incomelossfromcontinuingoperationsperdilutedshare": 1.75,
        "earningspersharediluted": 1.75,
        "commonstockdividendspersharedeclared": 0.72,
        "othercomprehensiveincomedefinedbenefitplansnetunamortizedgainlossarisingduringperiodtax": 3000000,
        "othercomprehensiveincomeunrealizedgainlossonderivativesarisingduringperiodtax": -3000000,
        "othercomprehensiveincomelossreclassificationadjustmentfromaocionderivativestax": -4000000,
        "othercomprehensiveincomedefinedbenefitplansnetunamortizedgainlossarisingduringperiodnetoftax": 4000000,
        "othercomprehensiveincomeunrealizedgainlossonderivativesarisingduringperiodnetoftax": -5000000,
        "othercomprehensiveincomelossreclassificationadjustmentfromaocionderivativesnetoftax": -8000000,
        "othercomprehensiveincomelossnetoftaxportionattributabletoparent": 7000000,
        "comprehensiveincomenetoftax": 1397000000
    },
    {
        "date": "2013-12-30",
        "symbol": "OXY",
        "period": "Q4",
        "othercomprehensiveincomedefinedbenefitplansnetunamortizedgainlossarisingduringperiodtax": 85000000,
        "netincomeloss": 1643000000,
        "othercomprehensiveincomedefinedbenefitplansnetunamortizedgainlossarisingduringperiodnetoftax": 149000000,
        "comprehensiveincomenetoftax": 1788000000,
        "salesrevenuenet": -9837000000,
        "interestdividendsandotherincome": 17000000,
        "revenuesoperatingandnonoperating": 7233000000,
        "operatingexpenses": 454000000,
        "taxesexcludingincomeandexcisetaxes": 181000000,
        "explorationexpense": 60000000,
        "interestanddebtexpense": 25000000,
        "costsandotherdeductions": 4719000000,
        "incomelossfromcontinuingoperationsbeforeincometaxesminorityinterestandincomelossfromequitymethodinvestments": 2514000000,
        "incometaxexpensebenefit": 973000000,
        "incomelossfromequitymethodinvestments": 107000000,
        "incomelossfromdiscontinuedoperationsnetoftax": -5000000,
        "incomelossfromcontinuingoperationsperbasicshare": 2.05,
        "earningspersharebasic": 2.05,
        "incomelossfromcontinuingoperationsperdilutedshare": 2.04,
        "earningspersharediluted": 2.04,
        "commonstockdividendspersharedeclared": 0.6400000000000002
    },
    {
        "date": "2013-09-29",
        "symbol": "OXY",
        "period": "Q3",
        "othercomprehensiveincomedefinedbenefitplansnetunamortizedgainlossarisingduringperiodtax": 5000000,
        "othercomprehensiveincomeunrealizedgainlossonderivativesarisingduringperiodtax": 0,
        "netincomeloss": 1583000000,
        "othercomprehensiveincomeforeigncurrencytransactionandtranslationgainlossarisingduringperiodnetoftax": 0,
        "othercomprehensiveincomedefinedbenefitplansnetunamortizedgainlossarisingduringperiodnetoftax": 9000000,
        "othercomprehensiveincomeunrealizedgainlossonderivativesarisingduringperiodnetoftax": 0,
        "comprehensiveincomenetoftax": 1591000000,
        "salesrevenuenet": 6449000000,
        "interestdividendsandotherincome": 26000000,
        "revenuesoperatingandnonoperating": 6475000000,
        "costofrevenue": 3214000000,
        "operatingexpenses": 459000000,
        "taxesexcludingincomeandexcisetaxes": 186000000,
        "explorationexpense": 68000000,
        "interestanddebtexpense": 29000000,
        "costsandotherdeductions": 3956000000,
        "incomelossfromcontinuingoperationsbeforeincometaxesminorityinterestandincomelossfromequitymethodinvestments": 2519000000,
        "incometaxexpensebenefit": 1037000000,
        "incomelossfromequitymethodinvestments": 106000000,
        "incomelossfromcontinuingoperationsincludingportionattributabletononcontrollinginterest": 1588000000,
        "incomelossfromdiscontinuedoperationsnetoftax": -5000000,
        "incomelossfromcontinuingoperationsperbasicshare": 1.9699999999999998,
        "earningspersharebasic": 1.9600000000000006,
        "incomelossfromcontinuingoperationsperdilutedshare": 1.9699999999999998,
        "earningspersharediluted": 1.9600000000000006,
        "commonstockdividendspersharedeclared": 0.6399999999999998
    },
    {
        "date": "2013-06-29",
        "symbol": "OXY",
        "period": "Q2",
        "othercomprehensiveincomedefinedbenefitplansnetunamortizedgainlossarisingduringperiodtax": 16000000,
        "othercomprehensiveincomeunrealizedgainlossonderivativesarisingduringperiodtax": -2000000,
        "othercomprehensiveincomelossreclassificationadjustmentonderivativesincludedinnetincometax": -5000000,
        "salesrevenuenet": 5962000000,
        "interestdividendsandotherincome": 28000000,
        "revenuesoperatingandnonoperating": 6121000000,
        "costofrevenue": 3180000000,
        "operatingexpenses": 495000000,
        "taxesexcludingincomeandexcisetaxes": 196000000,
        "explorationexpense": 78000000,
        "interestanddebtexpense": 30000000,
        "costsandotherdeductions": 3979000000,
        "incomelossfromcontinuingoperationsbeforeincometaxesminorityinterestandincomelossfromequitymethodinvestments": 2142000000,
        "incometaxexpensebenefit": 901000000,
        "incomelossfromequitymethodinvestments": 86000000,
        "incomelossfromcontinuingoperationsincludingportionattributabletononcontrollinginterest": 1327000000,
        "incomelossfromdiscontinuedoperationsnetoftax": -5000000,
        "netincomeloss": 3616000000,
        "incomelossfromcontinuingoperationsperbasicshare": 1.6400000000000001,
        "incomelossfromdiscontinuedoperationsnetoftaxperbasicshare": 0,
        "earningspersharebasic": 1.64,
        "incomelossfromcontinuingoperationsperdilutedshare": 1.6400000000000001,
        "incomelossfromdiscontinuedoperationsnetoftaxperdilutedshare": 0,
        "earningspersharediluted": 1.64,
        "commonstockdividendspersharedeclared": 0.64,
        "othercomprehensiveincomeforeigncurrencytransactionandtranslationgainlossarisingduringperiodnetoftax": 1000000,
        "othercomprehensiveincomedefinedbenefitplansnetunamortizedgainlossarisingduringperiodnetoftax": 9000000,
        "othercomprehensiveincomeunrealizedgainlossonderivativesarisingduringperiodnetoftax": 7000000,
        "othercomprehensiveincomelossreclassificationadjustmentonderivativesincludedinnetincomenetoftax": 1000000,
        "comprehensiveincomenetoftax": 1368000000
    },
    {
        "date": "2013-03-30",
        "symbol": "OXY",
        "period": "Q1",
        "othercomprehensiveincomedefinedbenefitplansnetunamortizedgainlossarisingduringperiodtax": -5000000,
        "othercomprehensiveincomeunrealizedgainlossonderivativesarisingduringperiodtax": 3000000,
        "othercomprehensiveincomelossreclassificationadjustmentonderivativesincludedinnetincometax": 3000000,
        "salesrevenuenet": 5872000000,
        "interestdividendsandotherincome": 35000000,
        "revenuesoperatingandnonoperating": 5907000000,
        "costofrevenue": 3137000000,
        "operatingexpenses": 393000000,
        "taxesexcludingincomeandexcisetaxes": 186000000,
        "explorationexpense": 50000000,
        "interestanddebtexpense": 34000000,
        "costsandotherdeductions": 3800000000,
        "incomelossfromcontinuingoperationsbeforeincometaxesminorityinterestandincomelossfromequitymethodinvestments": 2107000000,
        "incometaxexpensebenefit": 844000000,
        "incomelossfromequitymethodinvestments": 96000000,
        "incomelossfromcontinuingoperationsincludingportionattributabletononcontrollinginterest": 1359000000,
        "incomelossfromdiscontinuedoperationsnetoftax": -4000000,
        "netincomeloss": -939000000,
        "incomelossfromcontinuingoperationsperbasicshare": 1.69,
        "incomelossfromdiscontinuedoperationsnetoftaxperbasicshare": -0.01,
        "earningspersharebasic": 1.68,
        "incomelossfromcontinuingoperationsperdilutedshare": 1.69,
        "incomelossfromdiscontinuedoperationsnetoftaxperdilutedshare": -0.01,
        "earningspersharediluted": 1.68,
        "commonstockdividendspersharedeclared": 0.64,
        "othercomprehensiveincomeforeigncurrencytransactionandtranslationgainlossarisingduringperiodnetoftax": 1000000,
        "othercomprehensiveincomedefinedbenefitplansnetunamortizedgainlossarisingduringperiodnetoftax": 9000000,
        "othercomprehensiveincomeunrealizedgainlossonderivativesarisingduringperiodnetoftax": -6000000,
        "othercomprehensiveincomelossreclassificationadjustmentonderivativesincludedinnetincomenetoftax": -4000000,
        "comprehensiveincomenetoftax": 1355000000
    },
    {
        "date": "2012-12-30",
        "symbol": "OXY",
        "period": "Q4",
        "salesrevenuenet": -17786000000,
        "interestdividendsandotherincome": 17000000,
        "revenuesoperatingandnonoperating": 6187000000,
        "operatingexpenses": 439000000,
        "taxesexcludingincomeandexcisetaxes": 167000000,
        "explorationexpense": 82000000,
        "interestanddebtexpense": 36000000,
        "costsandotherdeductions": 5644000000,
        "incomelossfromcontinuingoperationsbeforeincometaxesminorityinterestandincomelossfromequitymethodinvestments": 543000000,
        "incometaxexpensebenefit": 249000000,
        "incomelossfromequitymethodinvestments": 70000000,
        "netincomeloss": 7813000000,
        "incomelossfromcontinuingoperationsperbasicshare": 0.4599999999999995,
        "earningspersharebasic": 0.41999999999999993,
        "incomelossfromcontinuingoperationsperdilutedshare": 0.44999999999999973,
        "earningspersharediluted": 0.41999999999999993,
        "commonstockdividendspersharedeclared": 0.54,
        "othercomprehensiveincomeunrealizedgainlossonderivativesarisingduringperiodnetoftax": 6000000,
        "othercomprehensiveincomelossnetoftaxportionattributabletoparent": -21000000,
        "comprehensiveincomenetoftax": 315000000
    },
    {
        "date": "2012-09-29",
        "symbol": "OXY",
        "period": "Q3",
        "othercomprehensiveincomedefinedbenefitplanstaxportionattributabletoparent": -6000000,
        "othercomprehensiveincomereclassificationadjustmentonderivativesandsecuritiesincludedinnetincometax": -1000000,
        "salesrevenuenet": 5965000000,
        "interestdividendsandotherincome": 26000000,
        "revenuesoperatingandnonoperating": 5991000000,
        "costofrevenue": 3176000000,
        "operatingexpenses": 394000000,
        "taxesexcludingincomeandexcisetaxes": 172000000,
        "explorationexpense": 69000000,
        "interestanddebtexpense": 36000000,
        "costsandotherdeductions": 3847000000,
        "incomelossfromcontinuingoperationsbeforeincometaxesminorityinterestandincomelossfromequitymethodinvestments": 2144000000,
        "incometaxexpensebenefit": 855000000,
        "incomelossfromequitymethodinvestments": 90000000,
        "incomelossfromcontinuingoperations": 1379000000,
        "incomelossfromdiscontinuedoperationsnetoftaxattributabletoreportingentity": -4000000,
        "netincomeloss": -6102000000,
        "incomelossfromcontinuingoperationsperbasicshare": 1.6999999999999997,
        "earningspersharebasic": 1.7000000000000002,
        "incomelossfromcontinuingoperationsperdilutedshare": 1.6999999999999997,
        "earningspersharediluted": 1.7000000000000002,
        "commonstockdividendspersharedeclared": 0.54,
        "othercomprehensiveincomeforeigncurrencytransactionandtranslationadjustmentnetoftaxportionattributabletoparent": 0,
        "othercomprehensiveincomedefinedbenefitplansadjustmentnetoftaxportionattributabletoparent": -11000000,
        "othercomprehensiveincomeunrealizedgainlossonderivativesarisingduringperiodnetoftax": -2000000,
        "othercomprehensiveincomereclassificationadjustmentonderivativesandsecuritiesincludedinnetincomenetoftax": 0,
        "othercomprehensiveincomelossnetoftaxportionattributabletoparent": 9000000,
        "comprehensiveincomenetoftax": 1384000000
    },
    {
        "date": "2012-06-29",
        "symbol": "OXY",
        "period": "Q2",
        "othercomprehensiveincomedefinedbenefitplanstaxportionattributabletoparent": -5000000,
        "othercomprehensiveincomeunrealizedgainlossonderivativesarisingduringperiodtax": 0,
        "othercomprehensiveincomereclassificationadjustmentonderivativesandsecuritiesincludedinnetincometax": -2000000,
        "salesrevenuenet": 5768000000,
        "interestdividendsandotherincome": 24000000,
        "gainlossondispositionofassetsincludingoilandgasproperties": 0,
        "revenuesoperatingandnonoperating": 5792000000,
        "costofrevenue": 3060000000,
        "operatingexpenses": 335000000,
        "taxesexcludingincomeandexcisetaxes": 167000000,
        "explorationexpense": 96000000,
        "interestanddebtexpense": 28000000,
        "costsandotherdeductions": 3686000000,
        "incomelossfromcontinuingoperationsbeforeincometaxesminorityinterestandincomelossfromequitymethodinvestments": 2106000000,
        "incometaxexpensebenefit": 875000000,
        "incomelossfromequitymethodinvestments": 101000000,
        "incomelossfromcontinuingoperations": 1332000000,
        "incomelossfromdiscontinuedoperationsnetoftaxattributabletoreportingentity": -4000000,
        "netincomeloss": 1328000000,
        "incomelossfromcontinuingoperationsperbasicshare": 1.6400000000000001,
        "earningspersharebasic": 1.63,
        "incomelossfromcontinuingoperationsperdilutedshare": 1.6400000000000001,
        "earningspersharediluted": 1.63,
        "commonstockdividendspersharedeclared": 0.54,
        "othercomprehensiveincomeforeigncurrencytransactionandtranslationadjustmentnetoftaxportionattributabletoparent": -12000000,
        "othercomprehensiveincomedefinedbenefitplansadjustmentnetoftaxportionattributabletoparent": -8000000,
        "othercomprehensiveincomeunrealizedgainlossonderivativesarisingduringperiodnetoftax": -2000000,
        "othercomprehensiveincomereclassificationadjustmentonderivativesandsecuritiesincludedinnetincomenetoftax": -4000000,
        "othercomprehensiveincomelossnetoftaxportionattributabletoparent": -2000000,
        "comprehensiveincomenetoftax": 1326000000
    },
    {
        "date": "2012-03-30",
        "symbol": "OXY",
        "period": "Q1",
        "othercomprehensiveincomedefinedbenefitplanstaxportionattributabletoparent": -3000000,
        "othercomprehensiveincomeunrealizedgainlossonderivativesarisingduringperiodtax": -8000000,
        "othercomprehensiveincomereclassificationadjustmentonderivativesandsecuritiesincludedinnetincometax": 17000000,
        "salesrevenuenet": 6268000000,
        "interestdividendsandotherincome": 14000000,
        "gainlossondispositionofassetsincludingoilandgasproperties": 1000000,
        "revenuesoperatingandnonoperating": 6283000000,
        "costofrevenue": 2950000000,
        "operatingexpenses": 434000000,
        "taxesexcludingincomeandexcisetaxes": 174000000,
        "explorationexpense": 98000000,
        "interestanddebtexpense": 30000000,
        "costsandotherdeductions": 3686000000,
        "incomelossfromcontinuingoperationsbeforeincometaxesminorityinterestandincomelossfromequitymethodinvestments": 2597000000,
        "incometaxexpensebenefit": 1139000000,
        "incomelossfromequitymethodinvestments": 102000000,
        "incomelossfromcontinuingoperations": 1560000000,
        "incomelossfromdiscontinuedoperationsnetoftaxattributabletoreportingentity": -1000000,
        "netincomeloss": 1559000000,
        "incomelossfromcontinuingoperationsperbasicshare": 1.92,
        "earningspersharebasic": 1.92,
        "incomelossfromcontinuingoperationsperdilutedshare": 1.92,
        "earningspersharediluted": 1.92,
        "commonstockdividendspersharedeclared": 0.54,
        "othercomprehensiveincomeforeigncurrencytransactionandtranslationadjustmentnetoftaxportionattributabletoparent": 4000000,
        "othercomprehensiveincomedefinedbenefitplansadjustmentnetoftaxportionattributabletoparent": -5000000,
        "othercomprehensiveincomeunrealizedgainlossonderivativesarisingduringperiodnetoftax": 14000000,
        "othercomprehensiveincomereclassificationadjustmentonderivativesandsecuritiesincludedinnetincomenetoftax": 28000000,
        "othercomprehensiveincomelossnetoftaxportionattributabletoparent": -5000000,
        "comprehensiveincomenetoftax": 1554000000
    },
    {
        "date": "2011-12-30",
        "symbol": "OXY",
        "period": "Q4",
        "salesrevenuenet": -17718000000,
        "interestdividendsandotherincome": 29000000,
        "revenuesoperatingandnonoperating": 6056000000,
        "operatingexpenses": 452000000,
        "taxesexcludingincomeandexcisetaxes": 140000000,
        "explorationexpense": 73000000,
        "interestanddebtexpense": 31000000,
        "costsandotherdeductions": 3547000000,
        "incomelossfromcontinuingoperationsbeforeincometaxesminorityinterestandincomelossfromequitymethodinvestments": 2509000000,
        "incometaxexpensebenefit": 949000000,
        "incomelossfromequitymethodinvestments": 81000000,
        "incomelossfromcontinuingoperationsincludingportionattributabletononcontrollinginterest": 1641000000,
        "incomelossfromdiscontinuedoperationsnetoftax": -7000000,
        "profitloss": 1634000000,
        "netincomeloss": -9916000000,
        "incomelossfromcontinuingoperationsperbasicshare": 2.0200000000000005,
        "earningspersharebasic": 2.0100000000000007,
        "incomelossfromcontinuingoperationsperdilutedshare": 2.0200000000000005,
        "earningspersharediluted": 2.0100000000000007,
        "commonstockdividendspersharedeclared": 0.46000000000000013
    },
    {
        "date": "2011-09-29",
        "symbol": "OXY",
        "period": "Q3",
        "salesrevenuenet": 6006000000,
        "interestdividendsandotherincome": 69000000,
        "revenuesoperatingandnonoperating": 6076000000,
        "costofrevenue": 2879000000,
        "operatingexpenses": 242000000,
        "taxesexcludingincomeandexcisetaxes": 152000000,
        "explorationexpense": 39000000,
        "interestanddebtexpense": 25000000,
        "costsandotherdeductions": 3337000000,
        "incomelossfromcontinuingoperationsbeforeincometaxesminorityinterestandincomelossfromequitymethodinvestments": 2739000000,
        "incometaxexpensebenefit": 1087000000,
        "incomelossfromequitymethodinvestments": 123000000,
        "incomelossfromcontinuingoperationsincludingportionattributabletononcontrollinginterest": 1775000000,
        "incomelossfromdiscontinuedoperationsnetoftax": -4000000,
        "profitloss": 1771000000,
        "netincomeloss": 7636000000,
        "incomelossfromcontinuingoperationsperbasicshare": 2.1799999999999997,
        "earningspersharebasic": 2.1700000000000004,
        "incomelossfromcontinuingoperationsperdilutedshare": 2.1799999999999997,
        "incomelossfromdiscontinuedoperationsnetoftaxperdilutedshare": 0,
        "earningspersharediluted": 2.18,
        "commonstockdividendspersharedeclared": 0.4599999999999999
    },
    {
        "date": "2011-06-29",
        "symbol": "OXY",
        "period": "Q2",
        "salesrevenuenet": 12117000000,
        "interestdividendsandotherincome": 35000000,
        "gainlossondispositionofassets": 0,
        "revenuesoperatingandnonoperating": 6208000000,
        "costofrevenue": 2720000000,
        "operatingexpenses": 388000000,
        "taxesexcludingincomeandexcisetaxes": 162000000,
        "explorationexpense": 62000000,
        "interestanddebtexpense": 27000000,
        "costsandotherdeductions": 3359000000,
        "incomelossfromcontinuingoperationsbeforeincometaxesminorityinterestandincomelossfromequitymethodinvestments": 2849000000,
        "incometaxexpensebenefit": 1111000000,
        "incomelossfromequitymethodinvestments": 81000000,
        "incomelossfromcontinuingoperationsincludingportionattributabletononcontrollinginterest": 1819000000,
        "incomelossfromdiscontinuedoperationsnetoftax": -2000000,
        "profitloss": 1817000000,
        "netincomeloss": -4048000000,
        "incomelossfromcontinuingoperationsperbasicshare": 2.24,
        "incomelossfromdiscontinuedoperationsnetoftaxperbasicshare": 0,
        "earningspersharebasic": 2.2399999999999998,
        "incomelossfromcontinuingoperationsperdilutedshare": 2.24,
        "incomelossfromdiscontinuedoperationsnetoftaxperdilutedshare": -0.009999999999999981,
        "earningspersharediluted": 2.23,
        "commonstockdividendspersharedeclared": 0.46
    },
    {
        "date": "2011-03-30",
        "symbol": "OXY",
        "period": "Q1",
        "salesrevenuenet": -218000000,
        "interestdividendsandotherincome": 32000000,
        "gainlossondispositionofassets": 21000000,
        "revenuesoperatingandnonoperating": 5779000000,
        "costofrevenue": 2526000000,
        "operatingexpenses": 441000000,
        "taxesexcludingincomeandexcisetaxes": 151000000,
        "explorationexpense": 84000000,
        "interestanddebtexpense": 215000000,
        "costsandotherdeductions": 3417000000,
        "incomelossfromcontinuingoperationsbeforeincometaxesminorityinterestandincomelossfromequitymethodinvestments": 2362000000,
        "incometaxexpensebenefit": 1054000000,
        "incomelossfromequitymethodinvestments": 97000000,
        "incomelossfromcontinuingoperationsincludingportionattributabletononcontrollinginterest": 1405000000,
        "incomelossfromdiscontinuedoperationsnetoftax": 144000000,
        "profitloss": 1549000000,
        "netincomeloss": 1549000000,
        "incomelossfromcontinuingoperationsperbasicshare": 1.72,
        "incomelossfromdiscontinuedoperationsnetoftaxperbasicshare": 0.18,
        "earningspersharebasic": 1.9,
        "incomelossfromcontinuingoperationsperdilutedshare": 1.72,
        "incomelossfromdiscontinuedoperationsnetoftaxperdilutedshare": 0.18,
        "earningspersharediluted": 1.9,
        "commonstockdividendspersharedeclared": 0.46
    },
    {
        "date": "2010-12-30",
        "symbol": "OXY",
        "period": "Q4",
        "salesrevenuenet": 2362000000,
        "interestdividendsandotherincome": 23000000,
        "gainlossondispositionofassets": 0,
        "revenuesoperatingandnonoperating": 4640000000,
        "operatingexpenses": 399000000,
        "taxesexcludingincomeandexcisetaxes": 117000000,
        "explorationexpense": 50000000,
        "interestanddebtexpense": 20000000,
        "costsandotherdeductions": 2827000000,
        "incomelossfromcontinuingoperationsbeforeincometaxesminorityinterestandincomelossfromequitymethodinvestments": 1813000000,
        "incometaxexpensebenefit": 650000000,
        "incomelossfromequitymethodinvestments": 84000000,
        "incomelossfromcontinuingoperationsincludingportionattributabletononcontrollinginterest": 1247000000,
        "incomelossfromdiscontinuedoperationsnetoftax": -21000000,
        "profitloss": 1154000000,
        "netincomelossattributabletononcontrollinginterest": 14000000,
        "netincomeloss": -2932000000,
        "incomelossfromcontinuingoperationsperbasicshare": 1.5200000000000007,
        "incomelossfromdiscontinuedoperationsnetoftaxperbasicshare": -0.019999999999999997,
        "earningspersharebasic": 1.5000000000000004,
        "incomelossfromcontinuingoperationsperdilutedshare": 1.510000000000001,
        "incomelossfromdiscontinuedoperationsnetoftaxperdilutedshare": -0.019999999999999997,
        "earningspersharediluted": 1.4899999999999998,
        "commonstockdividendspersharedeclared": 0.37999999999999995
    },
    {
        "date": "2010-09-29",
        "symbol": "OXY",
        "period": "Q3",
        "salesrevenuenet": 4896000000,
        "interestdividendsandotherincome": 27000000,
        "gainlossondispositionofassets": 6000000,
        "revenuesoperatingandnonoperating": 4929000000,
        "costofrevenue": 2444000000,
        "operatingexpenses": 288000000,
        "taxesexcludingincomeandexcisetaxes": 117000000,
        "environmentalremediationexpense": 6000000,
        "explorationexpense": 83000000,
        "interestanddebtexpense": 26000000,
        "costsandotherdeductions": 2964000000,
        "incomelossfromcontinuingoperationsbeforeincometaxesminorityinterestandincomelossfromequitymethodinvestments": 1965000000,
        "incometaxexpensebenefit": 816000000,
        "incomelossfromequitymethodinvestments": 69000000,
        "incomelossfromcontinuingoperationsincludingportionattributabletononcontrollinginterest": 1218000000,
        "incomelossfromdiscontinuedoperationsnetoftax": -5000000,
        "profitloss": 1213000000,
        "netincomelossattributabletononcontrollinginterest": 22000000,
        "netincomeloss": 1191000000,
        "incomelossfromcontinuingoperationsperbasicshare": 1.47,
        "incomelossfromdiscontinuedoperationsnetoftaxperbasicshare": -0.01,
        "earningspersharebasic": 1.46,
        "incomelossfromcontinuingoperationsperdilutedshare": 1.47,
        "incomelossfromdiscontinuedoperationsnetoftaxperdilutedshare": -0.01,
        "earningspersharediluted": 1.46,
        "commonstockdividendspersharedeclared": 0.38
    },
    {
        "date": "2010-06-29",
        "symbol": "OXY",
        "period": "Q2",
        "salesrevenuenet": -5135000000,
        "interestdividendsandotherincome": 40000000,
        "gainlossondispositionofassets": -6000000,
        "revenuesoperatingandnonoperating": 4795000000,
        "costofrevenue": 2432000000,
        "operatingexpenses": 309000000,
        "taxesexcludingincomeandexcisetaxes": 127000000,
        "explorationexpense": 73000000,
        "interestanddebtexpense": 32000000,
        "costsandotherdeductions": 2973000000,
        "incomelossfromcontinuingoperationsbeforeincometaxesminorityinterestandincomelossfromequitymethodinvestments": 1822000000,
        "incometaxexpensebenefit": 800000000,
        "incomelossfromequitymethodinvestments": 59000000,
        "incomelossfromcontinuingoperationsincludingportionattributabletononcontrollinginterest": 1081000000,
        "incomelossfromdiscontinuedoperationsnetoftax": -6000000,
        "profitloss": 1075000000,
        "netincomelossattributabletononcontrollinginterest": 12000000,
        "netincomeloss": -2854000000,
        "incomelossfromcontinuingoperationsperbasicshare": 1.3099999999999998,
        "incomelossfromdiscontinuedoperationsnetoftaxperbasicshare": -0.01,
        "earningspersharebasic": 1.2999999999999998,
        "incomelossfromcontinuingoperationsperdilutedshare": 1.3099999999999998,
        "incomelossfromdiscontinuedoperationsnetoftaxperdilutedshare": -0.01,
        "earningspersharediluted": 1.2999999999999998,
        "commonstockdividendspersharedeclared": 0.37999999999999995
    },
    {
        "date": "2010-03-30",
        "symbol": "OXY",
        "period": "Q1",
        "salesrevenuenet": 4771000000,
        "interestdividendsandotherincome": 21000000,
        "gainlossondispositionofassets": 1000000,
        "revenuesoperatingandnonoperating": 4793000000,
        "costofrevenue": 2442000000,
        "operatingexpenses": 375000000,
        "taxesexcludingincomeandexcisetaxes": 123000000,
        "explorationexpense": 56000000,
        "interestanddebtexpense": 38000000,
        "costsandotherdeductions": 3034000000,
        "incomelossfromcontinuingoperationsbeforeincometaxesminorityinterestandincomelossfromequitymethodinvestments": 1759000000,
        "incometaxexpensebenefit": 729000000,
        "incomelossfromequitymethodinvestments": 65000000,
        "incomelossfromcontinuingoperationsincludingportionattributabletononcontrollinginterest": 1095000000,
        "incomelossfromdiscontinuedoperationsnetoftax": -7000000,
        "profitloss": 1088000000,
        "netincomelossattributabletononcontrollinginterest": 24000000,
        "netincomeloss": 1064000000,
        "incomelossfromcontinuingoperationsperbasicshare": 1.32,
        "incomelossfromdiscontinuedoperationsnetoftaxperbasicshare": -0.01,
        "earningspersharebasic": 1.31,
        "incomelossfromcontinuingoperationsperdilutedshare": 1.32,
        "incomelossfromdiscontinuedoperationsnetoftaxperdilutedshare": -0.01,
        "earningspersharediluted": 1.31,
        "commonstockdividendspersharedeclared": 0.33
    }
]