[
    {
        "date": "2024-03-30",
        "symbol": "UNH",
        "period": "Q1",
        "premiumsearnednet": 77988000000,
        "investmentincomeinterestanddividend": 1011000000,
        "revenues": 99796000000,
        "revenuefromcontractwithcustomerexcludingassessedtax": 11909000000,
        "policyholderbenefitsandclaimsincurrednet": 65735000000,
        "sellinggeneralandadministrativeexpense": 14077000000,
        "costofgoodsandservicessold": 11056000000,
        "depreciationandamortization": 997000000,
        "costsandexpenses": 91865000000,
        "operatingincomeloss": 7931000000,
        "interestexpense": 844000000,
        "gainlossonsaleofbusiness": -7086000000,
        "incomelossfromcontinuingoperationsbeforeincometaxesextraordinaryitemsnoncontrollinginterest": 1000000,
        "incometaxexpensebenefit": 1222000000,
        "profitloss": -1221000000,
        "netincomelossattributabletononcontrollinginterest": 188000000,
        "netincomeloss": -1409000000,
        "earningspersharebasic": -1.53,
        "earningspersharediluted": -1.53,
        "weightedaveragenumberofsharesoutstandingbasic": 922000000,
        "weightedaveragenumberofdilutedsharesoutstanding": 922000000,
        "antidilutivesecuritiesexcludedfromcomputationofearningspershareamount": 15000000,
        "othercomprehensiveincomeunrealizedholdinggainlossonsecuritiesarisingduringperiodbeforetax": -290000000,
        "othercomprehensiveincomeunrealizedholdinggainlossonsecuritiesarisingduringperiodtax": -68000000,
        "othercomprehensiveincomeunrealizedholdinggainlossonsecuritiesarisingduringperiodnetoftax": -222000000,
        "othercomprehensiveincomelossreclassificationadjustmentfromaociforsaleofsecuritiesbeforetax": 32000000,
        "othercomprehensiveincomelossreclassificationadjustmentfromaociforsaleofsecuritiestax": 7000000,
        "othercomprehensiveincomelossreclassificationadjustmentfromaociforsaleofsecuritiesnetoftax": 25000000,
        "othercomprehensiveincomeforeigncurrencytransactionandtranslationgainlossarisingduringperiodnetoftax": -293000000,
        "othercomprehensiveincomelossforeigncurrencytransactionandtranslationreclassificationadjustmentfromaocirealizeduponsaleorliquidationnetoftax": -4128000000,
        "othercomprehensiveincomelossforeigncurrencytransactionandtranslationadjustmentnetoftax": 3835000000,
        "othercomprehensiveincomelossnetoftax": 3588000000,
        "comprehensiveincomenetoftaxincludingportionattributabletononcontrollinginterest": 2367000000,
        "comprehensiveincomenetoftaxattributabletononcontrollinginterest": 188000000,
        "comprehensiveincomenetoftax": 2179000000
    },
    {
        "date": "2023-09-29",
        "symbol": "UNH",
        "period": "Q3",
        "premiumsearnednet": 72339000000,
        "investmentincomeinterestanddividend": 997000000,
        "revenues": 92361000000,
        "revenuefromcontractwithcustomerexcludingassessedtax": 10354000000,
        "policyholderbenefitsandclaimsincurredhealthcare": 59550000000,
        "sellinggeneralandadministrativeexpense": 13855000000,
        "costofgoodsandservicessold": 9423000000,
        "depreciationandamortization": 1007000000,
        "costsandexpenses": 83835000000,
        "operatingincomeloss": 8526000000,
        "interestexpense": 834000000,
        "incomelossfromcontinuingoperationsbeforeincometaxesextraordinaryitemsnoncontrollinginterest": 7692000000,
        "incometaxexpensebenefit": 1654000000,
        "profitloss": 6038000000,
        "netincomelossattributabletononcontrollinginterest": 197000000,
        "netincomeloss": 5841000000,
        "earningspersharebasic": 6.31,
        "earningspersharediluted": 6.24,
        "weightedaveragenumberofsharesoutstandingbasic": 926000000,
        "weightedaveragenumberdilutedsharesoutstandingadjustment": 10000000,
        "weightedaveragenumberofdilutedsharesoutstanding": 936000000,
        "antidilutivesecuritiesexcludedfromcomputationofearningspershareamount": 6000000,
        "othercomprehensiveincomeunrealizedholdinggainlossonsecuritiesarisingduringperiodbeforetax": -893000000,
        "othercomprehensiveincomeunrealizedholdinggainlossonsecuritiesarisingduringperiodtax": -204000000,
        "othercomprehensiveincomeunrealizedholdinggainlossonsecuritiesarisingduringperiodnetoftax": -689000000,
        "othercomprehensiveincomelossreclassificationadjustmentfromaociforsaleofsecuritiesbeforetax": -7000000,
        "othercomprehensiveincomelossreclassificationadjustmentfromaociforsaleofsecuritiestax": -2000000,
        "othercomprehensiveincomelossreclassificationadjustmentfromaociforsaleofsecuritiesnetoftax": -5000000,
        "othercomprehensiveincomeforeigncurrencytransactionandtranslationgainlossarisingduringperiodnetoftax": -354000000,
        "othercomprehensiveincomelossnetoftax": -1038000000,
        "comprehensiveincomenetoftaxincludingportionattributabletononcontrollinginterest": 5000000000,
        "comprehensiveincomenetoftaxattributabletononcontrollinginterest": 197000000,
        "comprehensiveincomenetoftax": 4803000000
    },
    {
        "date": "2023-06-29",
        "symbol": "UNH",
        "period": "Q2",
        "premiumsearnednet": 72474000000,
        "investmentincomeinterestanddividend": 515000000,
        "revenues": -33672000000,
        "policyholderbenefitsandclaimsincurredhealthcare": 60268000000,
        "sellinggeneralandadministrativeexpense": 13809000000,
        "costofgoodsandservicessold": 9748000000,
        "depreciationandamortization": 1021000000,
        "costsandexpenses": 84846000000,
        "operatingincomeloss": 3699000000,
        "interestexpense": 828000000,
        "incomelossfromcontinuingoperationsbeforeincometaxesextraordinaryitemsnoncontrollinginterest": -828000000,
        "incometaxexpensebenefit": 1572000000,
        "profitloss": 5657000000,
        "netincomelossattributabletononcontrollinginterest": 183000000,
        "netincomeloss": 5474000000,
        "earningspersharebasic": 5.89,
        "earningspersharediluted": 5.82,
        "weightedaveragenumberofsharesoutstandingbasic": 930000000,
        "weightedaveragenumberdilutedsharesoutstandingadjustment": 10000000,
        "weightedaveragenumberofdilutedsharesoutstanding": 940000000,
        "antidilutivesecuritiesexcludedfromcomputationofearningspershareamount": 7000000,
        "revenuefromcontractwithcustomerexcludingassessedtax": 8663000000,
        "othercomprehensiveincomeunrealizedholdinggainlossonsecuritiesarisingduringperiodbeforetax": -431000000,
        "othercomprehensiveincomeunrealizedholdinggainlossonsecuritiesarisingduringperiodtax": -99000000,
        "othercomprehensiveincomeunrealizedholdinggainlossonsecuritiesarisingduringperiodnetoftax": -332000000,
        "othercomprehensiveincomelossreclassificationadjustmentfromaociforsaleofsecuritiesbeforetax": 47000000,
        "othercomprehensiveincomelossreclassificationadjustmentfromaociforsaleofsecuritiestax": 11000000,
        "othercomprehensiveincomelossreclassificationadjustmentfromaociforsaleofsecuritiesnetoftax": 36000000,
        "othercomprehensiveincomeforeigncurrencytransactionandtranslationgainlossarisingduringperiodnetoftax": 267000000,
        "othercomprehensiveincomelossnetoftax": 267000000,
        "comprehensiveincomenetoftaxincludingportionattributabletononcontrollinginterest": 5556000000,
        "comprehensiveincomenetoftaxattributabletononcontrollinginterest": 183000000,
        "comprehensiveincomenetoftax": 5373000000
    },
    {
        "date": "2023-03-30",
        "symbol": "UNH",
        "period": "Q1",
        "premiumsearnednet": 72786000000,
        "investmentincomeinterestanddividend": 343000000,
        "revenues": -32596000000,
        "policyholderbenefitsandclaimsincurredhealthcare": 59845000000,
        "sellinggeneralandadministrativeexpense": 13625000000,
        "costofgoodsandservicessold": 9405000000,
        "depreciationandamortization": 970000000,
        "costsandexpenses": 83845000000,
        "operatingincomeloss": 3743000000,
        "interestexpense": 754000000,
        "incomelossfromcontinuingoperationsbeforeincometaxesextraordinaryitemsnoncontrollinginterest": -754000000,
        "incometaxexpensebenefit": 1558000000,
        "profitloss": 5774000000,
        "netincomelossattributabletononcontrollinginterest": 163000000,
        "netincomeloss": 5611000000,
        "earningspersharebasic": 6.01,
        "earningspersharediluted": 5.95,
        "weightedaveragenumberofsharesoutstandingbasic": 933000000,
        "weightedaveragenumberdilutedsharesoutstandingadjustment": 10000000,
        "weightedaveragenumberofdilutedsharesoutstanding": 943000000,
        "antidilutivesecuritiesexcludedfromcomputationofearningspershareamount": 5000000,
        "revenuefromcontractwithcustomerexcludingassessedtax": 8080000000,
        "othercomprehensiveincomeunrealizedholdinggainlossonsecuritiesarisingduringperiodbeforetax": 640000000,
        "othercomprehensiveincomeunrealizedholdinggainlossonsecuritiesarisingduringperiodtax": 147000000,
        "othercomprehensiveincomeunrealizedholdinggainlossonsecuritiesarisingduringperiodnetoftax": 493000000,
        "othercomprehensiveincomelossreclassificationadjustmentfromaociforsaleofsecuritiesbeforetax": -13000000,
        "othercomprehensiveincomelossreclassificationadjustmentfromaociforsaleofsecuritiestax": -3000000,
        "othercomprehensiveincomelossreclassificationadjustmentfromaociforsaleofsecuritiesnetoftax": -10000000,
        "othercomprehensiveincomeforeigncurrencytransactionandtranslationgainlossarisingduringperiodnetoftax": 341000000,
        "othercomprehensiveincomelossnetoftax": 341000000,
        "comprehensiveincomenetoftaxincludingportionattributabletononcontrollinginterest": 6618000000,
        "comprehensiveincomenetoftaxattributabletononcontrollinginterest": 163000000,
        "comprehensiveincomenetoftax": 6455000000
    },
    {
        "date": "2022-12-30",
        "symbol": "UNH",
        "period": "Q4",
        "premiumsearnednet": 64700000000,
        "investmentincomeinterestanddividend": -397000000,
        "revenues": 80475000000,
        "policyholderbenefitsandclaimsincurredhealthcare": 53591000000,
        "sellinggeneralandadministrativeexpense": 13009000000,
        "costofgoodsandservicessold": 8314000000,
        "depreciationandamortization": 9000000,
        "costsandexpenses": -217600000000,
        "operatingincomeloss": 3959000000,
        "interestexpense": 694000000,
        "incomelossfromcontinuingoperationsbeforeincometaxesextraordinaryitemsnoncontrollinginterest": -676000000,
        "incometaxexpensebenefit": -3968000000,
        "profitloss": 4908000000,
        "netincomelossattributabletononcontrollinginterest": 147000000,
        "netincomeloss": 4761000000,
        "earningspersharebasic": 5.09,
        "earningspersharediluted": 5.02,
        "weightedaveragenumberofsharesoutstandingbasic": -937000000,
        "weightedaveragenumberofdilutedsharesoutstanding": -950000000,
        "antidilutivesecuritiesexcludedfromcomputationofearningspershareamount": -3000000,
        "revenuefromcontractwithcustomerexcludingassessedtax": 7834000000,
        "othercomprehensiveincomeunrealizedholdinggainlossonsecuritiesarisingduringperiodbeforetax": 533000000,
        "othercomprehensiveincomeunrealizedholdinggainlossonsecuritiesarisingduringperiodtax": 125000000,
        "othercomprehensiveincomeunrealizedholdinggainlossonsecuritiesarisingduringperiodnetoftax": 408000000,
        "othercomprehensiveincomelossreclassificationadjustmentfromaociforsaleofsecuritiesbeforetax": -5000000,
        "othercomprehensiveincomelossreclassificationadjustmentfromaociforsaleofsecuritiesnetoftax": -4000000,
        "othercomprehensiveincomeforeigncurrencytransactionandtranslationgainlossarisingduringperiodnetoftax": 281000000,
        "othercomprehensiveincomelossnetoftax": -2920000000,
        "comprehensiveincomenetoftaxincludingportionattributabletononcontrollinginterest": 5601000000,
        "comprehensiveincomenetoftaxattributabletononcontrollinginterest": 147000000,
        "comprehensiveincomenetoftax": 5454000000
    },
    {
        "date": "2022-09-29",
        "symbol": "UNH",
        "period": "Q3",
        "premiumsearnednet": 64491000000,
        "investmentincomeinterestanddividend": 328000000,
        "revenues": -27660000000,
        "policyholderbenefitsandclaimsincurredhealthcare": 52635000000,
        "sellinggeneralandadministrativeexpense": 11663000000,
        "costofgoodsandservicessold": 8306000000,
        "depreciationandamortization": 828000000,
        "costsandexpenses": 73432000000,
        "operatingincomeloss": 3663000000,
        "interestexpense": 516000000,
        "incomelossfromcontinuingoperationsbeforeincometaxesextraordinaryitemsnoncontrollinginterest": -516000000,
        "incometaxexpensebenefit": 1562000000,
        "profitloss": 5384000000,
        "netincomelossattributabletononcontrollinginterest": 122000000,
        "netincomeloss": 5262000000,
        "earningspersharebasic": 5.63,
        "earningspersharediluted": 5.55,
        "weightedaveragenumberofsharesoutstandingbasic": 935000000,
        "weightedaveragenumberdilutedsharesoutstandingadjustment": 13000000,
        "weightedaveragenumberofdilutedsharesoutstanding": 948000000,
        "antidilutivesecuritiesexcludedfromcomputationofearningspershareamount": 3000000,
        "revenuefromcontractwithcustomerexcludingassessedtax": 6700000000,
        "othercomprehensiveincomeunrealizedholdinggainlossonsecuritiesarisingduringperiodbeforetax": -1471000000,
        "othercomprehensiveincomeunrealizedholdinggainlossonsecuritiesarisingduringperiodtax": -340000000,
        "othercomprehensiveincomeunrealizedholdinggainlossonsecuritiesarisingduringperiodnetoftax": -1131000000,
        "othercomprehensiveincomelossreclassificationadjustmentfromaociforsaleofsecuritiesbeforetax": -138000000,
        "othercomprehensiveincomelossreclassificationadjustmentfromaociforsaleofsecuritiestax": -32000000,
        "othercomprehensiveincomelossreclassificationadjustmentfromaociforsaleofsecuritiesnetoftax": -106000000,
        "othercomprehensiveincomeforeigncurrencytransactionandtranslationgainlossarisingduringperiodnetoftax": -331000000,
        "othercomprehensiveincomelossnetoftax": -331000000,
        "comprehensiveincomenetoftaxincludingportionattributabletononcontrollinginterest": 4028000000,
        "comprehensiveincomenetoftaxattributabletononcontrollinginterest": 122000000,
        "comprehensiveincomenetoftax": 3906000000
    },
    {
        "date": "2022-06-29",
        "symbol": "UNH",
        "period": "Q2",
        "premiumsearnednet": 63896000000,
        "investmentincomeinterestanddividend": 100000000,
        "revenues": -26855000000,
        "policyholderbenefitsandclaimsincurredhealthcare": 52093000000,
        "sellinggeneralandadministrativeexpense": 11709000000,
        "costofgoodsandservicessold": 8596000000,
        "depreciationandamortization": 802000000,
        "costsandexpenses": 73200000000,
        "operatingincomeloss": 3282000000,
        "interestexpense": 467000000,
        "incomelossfromcontinuingoperationsbeforeincometaxesextraordinaryitemsnoncontrollinginterest": -467000000,
        "incometaxexpensebenefit": 1466000000,
        "profitloss": 5199000000,
        "netincomelossattributabletononcontrollinginterest": 129000000,
        "netincomeloss": 5070000000,
        "earningspersharebasic": 5.41,
        "earningspersharediluted": 5.34,
        "weightedaveragenumberofsharesoutstandingbasic": -2000000,
        "weightedaveragenumberdilutedsharesoutstandingadjustment": 0,
        "weightedaveragenumberofdilutedsharesoutstanding": -2000000,
        "antidilutivesecuritiesexcludedfromcomputationofearningspershareamount": 1000000,
        "revenuefromcontractwithcustomerexcludingassessedtax": 6645000000,
        "othercomprehensiveincomeunrealizedholdinggainlossonsecuritiesarisingduringperiodbeforetax": -1331000000,
        "othercomprehensiveincomeunrealizedholdinggainlossonsecuritiesarisingduringperiodtax": -304000000,
        "othercomprehensiveincomeunrealizedholdinggainlossonsecuritiesarisingduringperiodnetoftax": -1027000000,
        "othercomprehensiveincomelossreclassificationadjustmentfromaociforsaleofsecuritiesbeforetax": 1000000,
        "othercomprehensiveincomelossreclassificationadjustmentfromaociforsaleofsecuritiestax": 0,
        "othercomprehensiveincomelossreclassificationadjustmentfromaociforsaleofsecuritiesnetoftax": 1000000,
        "othercomprehensiveincomeforeigncurrencytransactionandtranslationgainlossarisingduringperiodnetoftax": -676000000,
        "othercomprehensiveincomelossnetoftax": -676000000,
        "comprehensiveincomenetoftaxincludingportionattributabletononcontrollinginterest": 3495000000,
        "comprehensiveincomenetoftaxattributabletononcontrollinginterest": 129000000,
        "comprehensiveincomenetoftax": 3366000000
    },
    {
        "date": "2022-03-30",
        "symbol": "UNH",
        "period": "Q1",
        "premiumsearnednet": 64070000000,
        "investmentincomeinterestanddividend": 224000000,
        "revenues": -25705000000,
        "policyholderbenefitsandclaimsincurredhealthcare": 52523000000,
        "sellinggeneralandadministrativeexpense": 11401000000,
        "costofgoodsandservicessold": 8487000000,
        "depreciationandamortization": 788000000,
        "costsandexpenses": 73199000000,
        "operatingincomeloss": 3152000000,
        "interestexpense": 433000000,
        "incomelossfromcontinuingoperationsbeforeincometaxesextraordinaryitemsnoncontrollinginterest": -433000000,
        "incometaxexpensebenefit": 1369000000,
        "profitloss": 5148000000,
        "netincomelossattributabletononcontrollinginterest": 121000000,
        "netincomeloss": 5027000000,
        "earningspersharebasic": 5.34,
        "earningspersharediluted": 5.27,
        "weightedaveragenumberofsharesoutstandingbasic": 941000000,
        "weightedaveragenumberdilutedsharesoutstandingadjustment": 13000000,
        "weightedaveragenumberofdilutedsharesoutstanding": 954000000,
        "antidilutivesecuritiesexcludedfromcomputationofearningspershareamount": 2000000,
        "revenuefromcontractwithcustomerexcludingassessedtax": 6372000000,
        "othercomprehensiveincomeunrealizedholdinggainlossonsecuritiesarisingduringperiodbeforetax": -2023000000,
        "othercomprehensiveincomeunrealizedholdinggainlossonsecuritiesarisingduringperiodtax": -465000000,
        "othercomprehensiveincomeunrealizedholdinggainlossonsecuritiesarisingduringperiodnetoftax": -1558000000,
        "othercomprehensiveincomelossreclassificationadjustmentfromaociforsaleofsecuritiesbeforetax": 3000000,
        "othercomprehensiveincomelossreclassificationadjustmentfromaociforsaleofsecuritiestax": 1000000,
        "othercomprehensiveincomelossreclassificationadjustmentfromaociforsaleofsecuritiesnetoftax": 2000000,
        "othercomprehensiveincomeforeigncurrencytransactionandtranslationgainlossarisingduringperiodnetoftax": 918000000,
        "othercomprehensiveincomelossnetoftax": 918000000,
        "comprehensiveincomenetoftaxincludingportionattributabletononcontrollinginterest": 4506000000,
        "comprehensiveincomenetoftaxattributabletononcontrollinginterest": 121000000,
        "comprehensiveincomenetoftax": 4385000000
    },
    {
        "date": "2021-12-30",
        "symbol": "UNH",
        "period": "Q4",
        "premiumsearnednet": 57547000000,
        "investmentincomeinterestanddividend": -460000000,
        "revenues": 67627000000,
        "policyholderbenefitsandclaimsincurredhealthcare": 48159000000,
        "sellinggeneralandadministrativeexpense": 11272000000,
        "costofgoodsandservicessold": 8000000000,
        "depreciationandamortization": -233000000,
        "costsandexpenses": -193802000000,
        "operatingincomeloss": 3420000000,
        "interestexpense": 354000000,
        "incometaxexpensebenefit": -3428000000,
        "profitloss": 4191000000,
        "netincomelossattributabletononcontrollinginterest": 120000000,
        "netincomeloss": 4071000000,
        "earningspersharebasic": 4.339999999999999,
        "earningspersharediluted": 4.259999999999996,
        "weightedaveragenumberofsharesoutstandingbasic": -1889000000,
        "weightedaveragenumberdilutedsharesoutstandingadjustment": -23000000,
        "weightedaveragenumberofdilutedsharesoutstanding": -1912000000,
        "antidilutivesecuritiesexcludedfromcomputationofearningspershareamount": -4000000,
        "revenuefromcontractwithcustomerexcludingassessedtax": 6422000000,
        "othercomprehensiveincomeunrealizedholdinggainlossonsecuritiesarisingduringperiodbeforetax": -323000000,
        "othercomprehensiveincomeunrealizedholdinggainlossonsecuritiesarisingduringperiodtax": -73000000,
        "othercomprehensiveincomeunrealizedholdinggainlossonsecuritiesarisingduringperiodnetoftax": -250000000,
        "othercomprehensiveincomelossreclassificationadjustmentfromaociforsaleofsecuritiesbeforetax": 137000000,
        "othercomprehensiveincomelossreclassificationadjustmentfromaociforsaleofsecuritiestax": 32000000,
        "othercomprehensiveincomelossreclassificationadjustmentfromaociforsaleofsecuritiesnetoftax": 105000000,
        "othercomprehensiveincomeforeigncurrencytransactionandtranslationgainlossarisingduringperiodnetoftax": -173000000,
        "othercomprehensiveincomelossnetoftax": -1086000000,
        "comprehensiveincomenetoftaxincludingportionattributabletononcontrollinginterest": 3663000000,
        "comprehensiveincomenetoftaxattributabletononcontrollinginterest": 120000000,
        "comprehensiveincomenetoftax": 3543000000
    },
    {
        "date": "2021-09-29",
        "symbol": "UNH",
        "period": "Q3",
        "premiumsearnednet": 56967000000,
        "investmentincomeinterestanddividend": 328000000,
        "revenues": -23375000000,
        "policyholderbenefitsandclaimsincurredhealthcare": 47302000000,
        "sellinggeneralandadministrativeexpense": 10725000000,
        "costofgoodsandservicessold": 7802000000,
        "depreciationandamortization": 796000000,
        "costsandexpenses": 66625000000,
        "operatingincomeloss": 3061000000,
        "interestexpense": 422000000,
        "incomelossfromcontinuingoperationsbeforeincometaxesextraordinaryitemsnoncontrollinginterest": -422000000,
        "incometaxexpensebenefit": 1099000000,
        "profitloss": 4191000000,
        "netincomelossattributabletononcontrollinginterest": 105000000,
        "netincomeloss": 4086000000,
        "earningspersharebasic": 4.33,
        "earningspersharediluted": 4.28,
        "weightedaveragenumberofsharesoutstandingbasic": 943000000,
        "weightedaveragenumberdilutedsharesoutstandingadjustment": 12000000,
        "weightedaveragenumberofdilutedsharesoutstanding": 955000000,
        "antidilutivesecuritiesexcludedfromcomputationofearningspershareamount": 1000000,
        "revenuefromcontractwithcustomerexcludingassessedtax": 6164000000,
        "othercomprehensiveincomeunrealizedholdinggainlossonsecuritiesarisingduringperiodbeforetax": -192000000,
        "othercomprehensiveincomeunrealizedholdinggainlossonsecuritiesarisingduringperiodtax": -59000000,
        "othercomprehensiveincomeunrealizedholdinggainlossonsecuritiesarisingduringperiodnetoftax": -133000000,
        "othercomprehensiveincomelossreclassificationadjustmentfromaociforsaleofsecuritiesbeforetax": 20000000,
        "othercomprehensiveincomelossreclassificationadjustmentfromaociforsaleofsecuritiestax": 4000000,
        "othercomprehensiveincomelossreclassificationadjustmentfromaociforsaleofsecuritiesnetoftax": 16000000,
        "othercomprehensiveincomeforeigncurrencytransactionandtranslationgainlossarisingduringperiodnetoftax": -621000000,
        "othercomprehensiveincomelossnetoftax": -621000000,
        "comprehensiveincomenetoftaxincludingportionattributabletononcontrollinginterest": 3421000000,
        "comprehensiveincomenetoftaxattributabletononcontrollinginterest": 105000000,
        "comprehensiveincomenetoftax": 3316000000
    },
    {
        "date": "2021-06-29",
        "symbol": "UNH",
        "period": "Q2",
        "premiumsearnednet": 56233000000,
        "investmentincomeinterestanddividend": 380000000,
        "revenues": -22456000000,
        "policyholderbenefitsandclaimsincurredhealthcare": 46546000000,
        "sellinggeneralandadministrativeexpense": 10359000000,
        "costofgoodsandservicessold": 7660000000,
        "depreciationandamortization": 778000000,
        "costsandexpenses": 65343000000,
        "operatingincomeloss": 2883000000,
        "interestexpense": 410000000,
        "incomelossfromcontinuingoperationsbeforeincometaxesminorityinterestandincomelossfromequitymethodinvestments": -410000000,
        "incometaxexpensebenefit": 1196000000,
        "profitloss": 4372000000,
        "netincomelossattributabletononcontrollinginterest": 106000000,
        "netincomeloss": 4266000000,
        "earningspersharebasic": 4.52,
        "earningspersharediluted": 4.46,
        "weightedaveragenumberofsharesoutstandingbasic": 944000000,
        "weightedaveragenumberdilutedsharesoutstandingadjustment": 12000000,
        "weightedaveragenumberofdilutedsharesoutstanding": 956000000,
        "antidilutivesecuritiesexcludedfromcomputationofearningspershareamount": 1000000,
        "revenuefromcontractwithcustomerexcludingassessedtax": 6099000000,
        "othercomprehensiveincomeunrealizedholdinggainlossonsecuritiesarisingduringperiodbeforetax": 251000000,
        "othercomprehensiveincomeunrealizedholdinggainlossonsecuritiesarisingduringperiodtax": 58000000,
        "othercomprehensiveincomeunrealizedholdinggainlossonsecuritiesarisingduringperiodnetoftax": 193000000,
        "othercomprehensiveincomelossreclassificationadjustmentfromaociforsaleofsecuritiesbeforetax": 9000000,
        "othercomprehensiveincomelossreclassificationadjustmentfromaociforsaleofsecuritiestax": 2000000,
        "othercomprehensiveincomelossreclassificationadjustmentfromaociforsaleofsecuritiesnetoftax": 7000000,
        "othercomprehensiveincomeforeigncurrencytransactionandtranslationgainlossarisingduringperiodnetoftax": 554000000,
        "othercomprehensiveincomelossnetoftax": 554000000,
        "comprehensiveincomenetoftaxincludingportionattributabletononcontrollinginterest": 5112000000,
        "comprehensiveincomenetoftaxattributabletononcontrollinginterest": 106000000,
        "comprehensiveincomenetoftax": 5006000000
    },
    {
        "date": "2021-03-30",
        "symbol": "UNH",
        "period": "Q1",
        "premiumsearnednet": 55486000000,
        "investmentincomeinterestanddividend": 246000000,
        "revenues": -21302000000,
        "policyholderbenefitsandclaimsincurredhealthcare": 44904000000,
        "sellinggeneralandadministrativeexpense": 10223000000,
        "costofgoodsandservicessold": 7572000000,
        "depreciationandamortization": 758000000,
        "costsandexpenses": 63457000000,
        "operatingincomeloss": 2631000000,
        "interestexpense": 397000000,
        "incomelossfromcontinuingoperationsbeforeincometaxesminorityinterestandincomelossfromequitymethodinvestments": -397000000,
        "incometaxexpensebenefit": 1364000000,
        "profitloss": 4978000000,
        "netincomelossattributabletononcontrollinginterest": 116000000,
        "netincomeloss": 4862000000,
        "earningspersharebasic": 5.14,
        "earningspersharediluted": 5.08,
        "weightedaveragenumberofsharesoutstandingbasic": 945000000,
        "weightedaveragenumberdilutedsharesoutstandingadjustment": 12000000,
        "weightedaveragenumberofdilutedsharesoutstanding": 957000000,
        "antidilutivesecuritiesexcludedfromcomputationofearningspershareamount": 3000000,
        "revenuefromcontractwithcustomerexcludingassessedtax": 5918000000,
        "othercomprehensiveincomeunrealizedholdinggainlossonsecuritiesarisingduringperiodbeforetax": -764000000,
        "othercomprehensiveincomeunrealizedholdinggainlossonsecuritiesarisingduringperiodtax": -174000000,
        "othercomprehensiveincomeunrealizedholdinggainlossonsecuritiesarisingduringperiodnetoftax": -590000000,
        "othercomprehensiveincomelossreclassificationadjustmentfromaociforsaleofsecuritiesbeforetax": 7000000,
        "othercomprehensiveincomelossreclassificationadjustmentfromaociforsaleofsecuritiestax": 2000000,
        "othercomprehensiveincomelossreclassificationadjustmentfromaociforsaleofsecuritiesnetoftax": 5000000,
        "othercomprehensiveincomeforeigncurrencytransactionandtranslationgainlossarisingduringperiodnetoftax": -417000000,
        "othercomprehensiveincomelossnetoftax": -417000000,
        "comprehensiveincomenetoftaxincludingportionattributabletononcontrollinginterest": 3966000000,
        "comprehensiveincomenetoftaxattributabletononcontrollinginterest": 116000000,
        "comprehensiveincomenetoftax": 3850000000
    },
    {
        "date": "2020-12-30",
        "symbol": "UNH",
        "period": "Q4",
        "premiumsearnednet": 50581000000,
        "salesrevenueproductsnet": 8690000000,
        "salesrevenuesservicesnet": 5751000000,
        "investmentincomeinterestanddividend": -316000000,
        "revenues": 59525000000,
        "policyholderbenefitsandclaimsincurredhealthcare": 42082000000,
        "sellinggeneralandadministrativeexpense": 11514000000,
        "costofgoodsandservicessold": 7622000000,
        "depreciationandamortization": -188000000,
        "costsandexpenses": -171165000000,
        "operatingincomeloss": 3121000000,
        "interestexpense": 332000000,
        "incomelossfromcontinuingoperationsbeforeincometaxesminorityinterestandincomelossfromequitymethodinvestments": -165000000,
        "incometaxexpensebenefit": -3909000000,
        "profitloss": 2352000000,
        "netincomelossattributabletononcontrollinginterest": 140000000,
        "netincomeloss": 2212000000,
        "earningspersharebasic": 2.3400000000000003,
        "earningspersharediluted": 2.3000000000000003,
        "weightedaveragenumberofsharesoutstandingbasic": -1899000000,
        "weightedaveragenumberdilutedsharesoutstandingadjustment": -24000000,
        "weightedaveragenumberofdilutedsharesoutstanding": -1923000000,
        "antidilutivesecuritiesexcludedfromcomputationofearningspershareamount": -19000000,
        "othercomprehensiveincomeunrealizedholdinggainlossonsecuritiesarisingduringperiodbeforetax": 139000000,
        "othercomprehensiveincomeunrealizedholdinggainlossonsecuritiesarisingduringperiodtax": 39000000,
        "othercomprehensiveincomeunrealizedholdinggainlossonsecuritiesarisingduringperiodnetoftax": 100000000,
        "othercomprehensiveincomelossreclassificationadjustmentfromaociforsaleofsecuritiesbeforetax": 25000000,
        "othercomprehensiveincomelossreclassificationadjustmentfromaociforsaleofsecuritiestax": 5000000,
        "othercomprehensiveincomelossreclassificationadjustmentfromaociforsaleofsecuritiesnetoftax": 20000000,
        "othercomprehensiveincomeforeigncurrencytransactionandtranslationgainlossarisingduringperiodnetoftax": 600000000,
        "othercomprehensiveincomelossnetoftax": 1347000000,
        "comprehensiveincomenetoftaxincludingportionattributabletononcontrollinginterest": 3032000000,
        "comprehensiveincomenetoftaxattributabletononcontrollinginterest": 140000000,
        "comprehensiveincomenetoftax": 2892000000
    },
    {
        "date": "2020-09-29",
        "symbol": "UNH",
        "period": "Q3",
        "premiumsearnednet": 50863000000,
        "salesrevenueproductsnet": 8777000000,
        "salesrevenuesservicesnet": 5124000000,
        "investmentincomeinterestanddividend": 174000000,
        "revenues": -20181000000,
        "policyholderbenefitsandclaimsincurredhealthcare": 41636000000,
        "sellinggeneralandadministrativeexpense": 10174000000,
        "costofgoodsandservicessold": 7935000000,
        "depreciationandamortization": 719000000,
        "costsandexpenses": 60464000000,
        "operatingincomeloss": 2583000000,
        "interestexpense": 395000000,
        "incomelossfromcontinuingoperationsbeforeincometaxesminorityinterestandincomelossfromequitymethodinvestments": -395000000,
        "incometaxexpensebenefit": 1000000000,
        "profitloss": 3256000000,
        "netincomelossattributabletononcontrollinginterest": 84000000,
        "netincomeloss": 3172000000,
        "earningspersharebasic": 3.34,
        "earningspersharediluted": 3.3,
        "weightedaveragenumberofsharesoutstandingbasic": 950000000,
        "weightedaveragenumberdilutedsharesoutstandingadjustment": 12000000,
        "weightedaveragenumberofdilutedsharesoutstanding": 962000000,
        "antidilutivesecuritiesexcludedfromcomputationofearningspershareamount": 6000000,
        "othercomprehensiveincomeunrealizedholdinggainlossonsecuritiesarisingduringperiodbeforetax": 148000000,
        "othercomprehensiveincomeunrealizedholdinggainlossonsecuritiesarisingduringperiodtax": 37000000,
        "othercomprehensiveincomeunrealizedholdinggainlossonsecuritiesarisingduringperiodnetoftax": 111000000,
        "othercomprehensiveincomelossreclassificationadjustmentfromaociforsaleofsecuritiesbeforetax": 21000000,
        "othercomprehensiveincomelossreclassificationadjustmentfromaociforsaleofsecuritiestax": 5000000,
        "othercomprehensiveincomelossreclassificationadjustmentfromaociforsaleofsecuritiesnetoftax": 16000000,
        "othercomprehensiveincomeforeigncurrencytransactionandtranslationgainlossarisingduringperiodnetoftax": -39000000,
        "othercomprehensiveincomelossnetoftax": -39000000,
        "comprehensiveincomenetoftaxincludingportionattributabletononcontrollinginterest": 3312000000,
        "comprehensiveincomenetoftaxattributabletononcontrollinginterest": 84000000,
        "comprehensiveincomenetoftax": 3228000000
    },
    {
        "date": "2020-06-29",
        "symbol": "UNH",
        "period": "Q2",
        "premiumsearnednet": 49394000000,
        "salesrevenueproductsnet": 8247000000,
        "salesrevenuesservicesnet": 4156000000,
        "investmentincomeinterestanddividend": 168000000,
        "revenues": -19664000000,
        "policyholderbenefitsandclaimsincurredhealthcare": 34678000000,
        "sellinggeneralandadministrativeexpense": 10001000000,
        "costofgoodsandservicessold": 7501000000,
        "depreciationandamortization": 717000000,
        "costsandexpenses": 52897000000,
        "operatingincomeloss": 2234000000,
        "interestexpense": 430000000,
        "incomelossfromcontinuingoperationsbeforeincometaxesminorityinterestandincomelossfromequitymethodinvestments": -430000000,
        "incometaxexpensebenefit": 2115000000,
        "profitloss": 6696000000,
        "netincomelossattributabletononcontrollinginterest": 59000000,
        "netincomeloss": 6637000000,
        "earningspersharebasic": 6.99,
        "earningspersharediluted": 6.91,
        "weightedaveragenumberofsharesoutstandingbasic": 949000000,
        "weightedaveragenumberdilutedsharesoutstandingadjustment": 11000000,
        "weightedaveragenumberofdilutedsharesoutstanding": 960000000,
        "antidilutivesecuritiesexcludedfromcomputationofearningspershareamount": 11000000,
        "othercomprehensiveincomeunrealizedholdinggainlossonsecuritiesarisingduringperiodbeforetax": 1120000000,
        "othercomprehensiveincomeunrealizedholdinggainlossonsecuritiesarisingduringperiodtax": 257000000,
        "othercomprehensiveincomeunrealizedholdinggainlossonsecuritiesarisingduringperiodnetoftax": 863000000,
        "othercomprehensiveincomelossreclassificationadjustmentfromaociforsaleofsecuritiesbeforetax": 11000000,
        "othercomprehensiveincomelossreclassificationadjustmentfromaociforsaleofsecuritiestax": 3000000,
        "othercomprehensiveincomelossreclassificationadjustmentfromaociforsaleofsecuritiesnetoftax": 8000000,
        "othercomprehensiveincomeforeigncurrencytransactionandtranslationgainlossarisingduringperiodnetoftax": -45000000,
        "othercomprehensiveincomelossnetoftax": -45000000,
        "comprehensiveincomenetoftaxincludingportionattributabletononcontrollinginterest": 7506000000,
        "comprehensiveincomenetoftaxattributabletononcontrollinginterest": 59000000,
        "comprehensiveincomenetoftax": 7447000000
    },
    {
        "date": "2020-03-30",
        "symbol": "UNH",
        "period": "Q1",
        "profitloss": 3465000000,
        "othercomprehensiveincomeunrealizedholdinggainlossonsecuritiesarisingduringperiodbeforetax": -349000000,
        "othercomprehensiveincomeunrealizedholdinggainlossonsecuritiesarisingduringperiodtax": -80000000,
        "othercomprehensiveincomeunrealizedholdinggainlossonsecuritiesarisingduringperiodnetoftax": -269000000,
        "othercomprehensiveincomelossreclassificationadjustmentfromaociforsaleofsecuritiesbeforetax": 18000000,
        "othercomprehensiveincomelossreclassificationadjustmentfromaociforsaleofsecuritiestax": 4000000,
        "othercomprehensiveincomelossreclassificationadjustmentfromaociforsaleofsecuritiesnetoftax": 14000000,
        "othercomprehensiveincomeforeigncurrencytransactionandtranslationgainlossarisingduringperiodnetoftax": -1499000000,
        "othercomprehensiveincomelossnetoftax": -1782000000,
        "comprehensiveincomenetoftaxincludingportionattributabletononcontrollinginterest": 1683000000,
        "comprehensiveincomenetoftaxattributabletononcontrollinginterest": 83000000,
        "comprehensiveincomenetoftax": 1600000000,
        "premiumsearnednet": 50640000000,
        "salesrevenueproductsnet": 8431000000,
        "salesrevenuesservicesnet": 4985000000,
        "investmentincomeinterestanddividend": 365000000,
        "revenues": 64421000000,
        "policyholderbenefitsandclaimsincurredhealthcare": 41000000000,
        "sellinggeneralandadministrativeexpense": 10015000000,
        "costofgoodsandservicessold": 7687000000,
        "depreciationandamortization": 723000000,
        "costsandexpenses": 59425000000,
        "operatingincomeloss": 4996000000,
        "interestexpense": 437000000,
        "incomelossfromcontinuingoperationsbeforeincometaxesminorityinterestandincomelossfromequitymethodinvestments": 4559000000,
        "incometaxexpensebenefit": 1094000000,
        "netincomelossattributabletononcontrollinginterest": 83000000,
        "netincomeloss": 3382000000,
        "earningspersharebasic": 3.56,
        "earningspersharediluted": 3.52,
        "weightedaveragenumberofsharesoutstandingbasic": 949000000,
        "weightedaveragenumberdilutedsharesoutstandingadjustment": 13000000,
        "weightedaveragenumberofdilutedsharesoutstanding": 962000000,
        "antidilutivesecuritiesexcludedfromcomputationofearningspershareamount": 10000000
    },
    {
        "date": "2019-12-30",
        "symbol": "UNH",
        "period": "Q4",
        "profitloss": 3668000000,
        "othercomprehensiveincomeunrealizedholdinggainlossonsecuritiesarisingduringperiodbeforetax": -31000000,
        "othercomprehensiveincomeunrealizedholdinggainlossonsecuritiesarisingduringperiodtax": -6000000,
        "othercomprehensiveincomeunrealizedholdinggainlossonsecuritiesarisingduringperiodnetoftax": -25000000,
        "othercomprehensiveincomelossreclassificationadjustmentfromaociforsaleofsecuritiesbeforetax": 34000000,
        "othercomprehensiveincomelossreclassificationadjustmentfromaociforsaleofsecuritiestax": 8000000,
        "othercomprehensiveincomelossreclassificationadjustmentfromaociforsaleofsecuritiesnetoftax": 26000000,
        "othercomprehensiveincomeforeigncurrencytransactionandtranslationgainlossarisingduringperiodnetoftax": 182000000,
        "othercomprehensiveincomelossnetoftax": 1035000000,
        "comprehensiveincomenetoftaxincludingportionattributabletononcontrollinginterest": 3799000000,
        "comprehensiveincomenetoftaxattributabletononcontrollinginterest": 127000000,
        "comprehensiveincomenetoftax": 3672000000,
        "premiumsearnednet": 94126000000,
        "salesrevenueproductsnet": 7626000000,
        "salesrevenuesservicesnet": 7358000000,
        "investmentincomeinterestanddividend": -340000000,
        "revenues": 6394000000,
        "policyholderbenefitsandclaimsincurredhealthcare": 39276000000,
        "sellinggeneralandadministrativeexpense": 9301000000,
        "costofgoodsandservicessold": 6511000000,
        "depreciationandamortization": -208000000,
        "costsandexpenses": -165046000000,
        "operatingincomeloss": 3020000000,
        "interestexpense": 313000000,
        "incomelossfromcontinuingoperationsbeforeincometaxesminorityinterestandincomelossfromequitymethodinvestments": -2420000000,
        "incometaxexpensebenefit": -2459000000,
        "netincomelossattributabletononcontrollinginterest": 127000000,
        "netincomeloss": 3541000000,
        "earningspersharebasic": 3.7299999999999995,
        "earningspersharediluted": 3.68,
        "weightedaveragenumberofsharesoutstandingbasic": -1906000000,
        "weightedaveragenumberdilutedsharesoutstandingadjustment": -30000000,
        "weightedaveragenumberofdilutedsharesoutstanding": -1936000000,
        "antidilutivesecuritiesexcludedfromcomputationofearningspershareamount": -21000000
    },
    {
        "date": "2019-09-29",
        "symbol": "UNH",
        "period": "Q3",
        "profitloss": 3629000000,
        "othercomprehensiveincomeunrealizedholdinggainlossonsecuritiesarisingduringperiodbeforetax": 230000000,
        "othercomprehensiveincomeunrealizedholdinggainlossonsecuritiesarisingduringperiodtax": 53000000,
        "othercomprehensiveincomeunrealizedholdinggainlossonsecuritiesarisingduringperiodnetoftax": 177000000,
        "othercomprehensiveincomelossreclassificationadjustmentfromaociforsaleofsecuritiesbeforetax": 69000000,
        "othercomprehensiveincomelossreclassificationadjustmentfromaociforsaleofsecuritiestax": 16000000,
        "othercomprehensiveincomelossreclassificationadjustmentfromaociforsaleofsecuritiesnetoftax": 53000000,
        "othercomprehensiveincomeforeigncurrencytransactionandtranslationgainlossarisingduringperiodnetoftax": -560000000,
        "othercomprehensiveincomelossnetoftax": -436000000,
        "comprehensiveincomenetoftaxincludingportionattributabletononcontrollinginterest": 3193000000,
        "comprehensiveincomenetoftaxattributabletononcontrollinginterest": 91000000,
        "comprehensiveincomenetoftax": 3102000000,
        "premiumsearnednet": 47397000000,
        "salesrevenueproductsnet": 7546000000,
        "salesrevenuesservicesnet": 4942000000,
        "investmentincomeinterestanddividend": 466000000,
        "revenues": 60351000000,
        "policyholderbenefitsandclaimsincurredhealthcare": 39041000000,
        "sellinggeneralandadministrativeexpense": 8960000000,
        "costofgoodsandservicessold": 6627000000,
        "depreciationandamortization": 709000000,
        "costsandexpenses": 55337000000,
        "operatingincomeloss": 5014000000,
        "interestexpense": 449000000,
        "incomelossfromcontinuingoperationsbeforeincometaxesminorityinterestandincomelossfromequitymethodinvestments": 4565000000,
        "incometaxexpensebenefit": 936000000,
        "netincomelossattributabletononcontrollinginterest": 91000000,
        "netincomeloss": 3538000000,
        "earningspersharebasic": 3.73,
        "earningspersharediluted": 3.67,
        "weightedaveragenumberofsharesoutstandingbasic": 949000000,
        "weightedaveragenumberdilutedsharesoutstandingadjustment": 14000000,
        "weightedaveragenumberofdilutedsharesoutstanding": 963000000,
        "antidilutivesecuritiesexcludedfromcomputationofearningspershareamount": 12000000
    },
    {
        "date": "2019-06-29",
        "symbol": "UNH",
        "period": "Q2",
        "profitloss": 3385000000,
        "othercomprehensiveincomeunrealizedholdinggainlossonsecuritiesarisingduringperiodbeforetax": 493000000,
        "othercomprehensiveincomeunrealizedholdinggainlossonsecuritiesarisingduringperiodtax": 113000000,
        "othercomprehensiveincomeunrealizedholdinggainlossonsecuritiesarisingduringperiodnetoftax": 380000000,
        "othercomprehensiveincomelossreclassificationadjustmentfromaociforsaleofsecuritiesbeforetax": 5000000,
        "othercomprehensiveincomelossreclassificationadjustmentfromaociforsaleofsecuritiestax": 1000000,
        "othercomprehensiveincomelossreclassificationadjustmentfromaociforsaleofsecuritiesnetoftax": 4000000,
        "othercomprehensiveincomeforeigncurrencytransactionandtranslationgainlossarisingduringperiodnetoftax": 109000000,
        "othercomprehensiveincomelossnetoftax": 485000000,
        "comprehensiveincomenetoftaxincludingportionattributabletononcontrollinginterest": 3870000000,
        "comprehensiveincomenetoftaxattributabletononcontrollinginterest": 92000000,
        "comprehensiveincomenetoftax": 3778000000,
        "premiumsearnednet": 47164000000,
        "salesrevenueproductsnet": 8353000000,
        "salesrevenuesservicesnet": 4496000000,
        "investmentincomeinterestanddividend": 582000000,
        "revenues": 60595000000,
        "policyholderbenefitsandclaimsincurredhealthcare": 39184000000,
        "sellinggeneralandadministrativeexpense": 8415000000,
        "costofgoodsandservicessold": 7598000000,
        "depreciationandamortization": 654000000,
        "costsandexpenses": 55851000000,
        "operatingincomeloss": 4744000000,
        "interestexpense": 418000000,
        "incomelossfromcontinuingoperationsbeforeincometaxesminorityinterestandincomelossfromequitymethodinvestments": 4326000000,
        "incometaxexpensebenefit": 941000000,
        "netincomelossattributabletononcontrollinginterest": 92000000,
        "netincomeloss": 3293000000,
        "earningspersharebasic": 3.47,
        "earningspersharediluted": 3.42,
        "weightedaveragenumberofsharesoutstandingbasic": 950000000,
        "weightedaveragenumberdilutedsharesoutstandingadjustment": 14000000,
        "weightedaveragenumberofdilutedsharesoutstanding": 964000000,
        "antidilutivesecuritiesexcludedfromcomputationofearningspershareamount": 11000000
    },
    {
        "date": "2019-03-30",
        "symbol": "UNH",
        "period": "Q1",
        "profitloss": 3557000000,
        "othercomprehensiveincomeunrealizedholdinggainlossonsecuritiesarisingduringperiodbeforetax": 520000000,
        "othercomprehensiveincomeunrealizedholdinggainlossonsecuritiesarisingduringperiodtax": 119000000,
        "othercomprehensiveincomeunrealizedholdinggainlossonsecuritiesarisingduringperiodnetoftax": 401000000,
        "othercomprehensiveincomelossreclassificationadjustmentfromaociforsaleofsecuritiesbeforetax": -4000000,
        "othercomprehensiveincomelossreclassificationadjustmentfromaociforsaleofsecuritiestax": -1000000,
        "othercomprehensiveincomelossreclassificationadjustmentfromaociforsaleofsecuritiesnetoftax": -3000000,
        "othercomprehensiveincomeforeigncurrencytransactionandtranslationgainlossarisingduringperiodnetoftax": -2000000,
        "othercomprehensiveincomelossnetoftax": -2000000,
        "comprehensiveincomenetoftaxincludingportionattributabletononcontrollinginterest": 3959000000,
        "comprehensiveincomenetoftaxattributabletononcontrollinginterest": 90000000,
        "comprehensiveincomenetoftax": 3869000000,
        "premiumsearnednet": 1012000000,
        "salesrevenueproductsnet": 8072000000,
        "salesrevenuesservicesnet": 2177000000,
        "investmentincomeinterestanddividend": 151000000,
        "revenues": 26360000000,
        "policyholderbenefitsandclaimsincurredhealthcare": 38939000000,
        "sellinggeneralandadministrativeexpense": 8517000000,
        "costofgoodsandservicessold": 7381000000,
        "depreciationandamortization": 639000000,
        "costsandexpenses": 55476000000,
        "operatingincomeloss": 1878000000,
        "interestexpense": 400000000,
        "incomelossfromcontinuingoperationsbeforeincometaxesminorityinterestandincomelossfromequitymethodinvestments": 1878000000,
        "incometaxexpensebenefit": 875000000,
        "netincomelossattributabletononcontrollinginterest": 90000000,
        "netincomeloss": 3467000000,
        "earningspersharebasic": 3.62,
        "earningspersharediluted": 3.56,
        "weightedaveragenumberofsharesoutstandingbasic": 958000000,
        "weightedaveragenumberdilutedsharesoutstandingadjustment": 17000000,
        "weightedaveragenumberofdilutedsharesoutstanding": 975000000,
        "antidilutivesecuritiesexcludedfromcomputationofearningspershareamount": 8000000
    },
    {
        "date": "2018-09-29",
        "symbol": "UNH",
        "period": "Q3",
        "profitloss": 3284000000,
        "othercomprehensiveincomeunrealizedholdinggainlossonsecuritiesarisingduringperiodbeforetax": -91000000,
        "othercomprehensiveincomeunrealizedholdinggainlossonsecuritiesarisingduringperiodtax": -21000000,
        "othercomprehensiveincomeunrealizedholdinggainlossonsecuritiesarisingduringperiodnetoftax": -70000000,
        "othercomprehensiveincomelossreclassificationadjustmentfromaociforsaleofsecuritiesbeforetax": 3000000,
        "othercomprehensiveincomelossreclassificationadjustmentfromaociforsaleofsecuritiestax": 0,
        "othercomprehensiveincomelossreclassificationadjustmentfromaociforsaleofsecuritiesnetoftax": 3000000,
        "othercomprehensiveincomeforeigncurrencytransactionandtranslationgainlossarisingduringperiodnetoftax": -233000000,
        "othercomprehensiveincomelossnetoftax": -173000000,
        "comprehensiveincomenetoftaxincludingportionattributabletononcontrollinginterest": 2978000000,
        "comprehensiveincomenetoftaxattributabletononcontrollinginterest": 96000000,
        "comprehensiveincomenetoftax": 2882000000,
        "premiumsearnednet": 985000000,
        "investmentincomeinterestanddividend": 140000000,
        "revenues": 25391000000,
        "policyholderbenefitsandclaimsincurredhealthcare": 36158000000,
        "sellinggeneralandadministrativeexpense": 8479000000,
        "depreciationandamortization": 611000000,
        "costsandexpenses": 51966000000,
        "operatingincomeloss": 2031000000,
        "interestexpense": 353000000,
        "incomelossfromcontinuingoperationsbeforeincometaxesminorityinterestandincomelossfromequitymethodinvestments": 2031000000,
        "incometaxexpensebenefit": 953000000,
        "netincomelossattributabletononcontrollinginterest": 96000000,
        "netincomeloss": 3188000000,
        "earningspersharebasic": 3.309999999999999,
        "earningspersharediluted": 3.2399999999999993,
        "weightedaveragenumberofsharesoutstandingbasic": -964000000,
        "weightedaveragenumberdilutedsharesoutstandingadjustment": -21000000,
        "weightedaveragenumberofdilutedsharesoutstanding": -985000000,
        "antidilutivesecuritiesexcludedfromcomputationofearningspershareamount": -6000000
    },
    {
        "date": "2018-06-29",
        "symbol": "UNH",
        "period": "Q2",
        "profitloss": 3010000000,
        "othercomprehensiveincomeunrealizedholdinggainlossonsecuritiesarisingduringperiodbeforetax": -43000000,
        "othercomprehensiveincomeunrealizedholdinggainlossonsecuritiesarisingduringperiodtax": -10000000,
        "othercomprehensiveincomeunrealizedholdinggainlossonsecuritiesarisingduringperiodnetoftax": -33000000,
        "othercomprehensiveincomelossreclassificationadjustmentfromaociforsaleofsecuritiesbeforetax": 36000000,
        "othercomprehensiveincomelossreclassificationadjustmentfromaociforsaleofsecuritiestax": 9000000,
        "othercomprehensiveincomelossreclassificationadjustmentfromaociforsaleofsecuritiesnetoftax": 27000000,
        "othercomprehensiveincomeforeigncurrencytransactionandtranslationgainlossarisingduringperiodnetoftax": -1069000000,
        "othercomprehensiveincomelossnetoftax": -1129000000,
        "comprehensiveincomenetoftaxincludingportionattributabletononcontrollinginterest": 1881000000,
        "comprehensiveincomenetoftaxattributabletononcontrollinginterest": 88000000,
        "comprehensiveincomenetoftax": 1793000000,
        "premiumsearnednet": 962000000,
        "salesrevenueproductsnet": 7004000000,
        "salesrevenuesservicesnet": 2127000000,
        "investmentincomeinterestanddividend": 147000000,
        "revenues": 24726000000,
        "policyholderbenefitsandclaimsincurredhealthcare": 36427000000,
        "sellinggeneralandadministrativeexpense": 8386000000,
        "costofgoodsandservicessold": 6471000000,
        "depreciationandamortization": 598000000,
        "costsandexpenses": 51882000000,
        "operatingincomeloss": 1847000000,
        "interestexpense": 344000000,
        "incomelossfromcontinuingoperationsbeforeincometaxesminorityinterestandincomelossfromequitymethodinvestments": 1847000000,
        "incometaxexpensebenefit": 850000000,
        "netincomelossattributabletononcontrollinginterest": 88000000,
        "netincomeloss": 2922000000,
        "earningspersharebasic": 3.04,
        "earningspersharediluted": 2.98,
        "weightedaveragenumberofsharesoutstandingbasic": 961000000,
        "weightedaveragenumberdilutedsharesoutstandingadjustment": 21000000,
        "weightedaveragenumberofdilutedsharesoutstanding": 982000000,
        "antidilutivesecuritiesexcludedfromcomputationofearningspershareamount": 6000000,
        "commonstockdividendspersharedeclared": 0.9
    },
    {
        "date": "2018-03-30",
        "symbol": "UNH",
        "period": "Q1",
        "profitloss": 2924000000,
        "othercomprehensiveincomeunrealizedholdinggainlossonsecuritiesarisingduringperiodbeforetax": -378000000,
        "othercomprehensiveincomeunrealizedholdinggainlossonsecuritiesarisingduringperiodtax": -86000000,
        "othercomprehensiveincomeunrealizedholdinggainlossonsecuritiesarisingduringperiodnetoftax": -292000000,
        "othercomprehensiveincomelossreclassificationadjustmentfromaociforsaleofsecuritiesbeforetax": 19000000,
        "othercomprehensiveincomelossreclassificationadjustmentfromaociforsaleofsecuritiestax": 4000000,
        "othercomprehensiveincomelossreclassificationadjustmentfromaociforsaleofsecuritiesnetoftax": 15000000,
        "othercomprehensiveincomeforeigncurrencytransactionandtranslationgainlossarisingduringperiodnetoftax": -1000000,
        "othercomprehensiveincomelossnetoftax": -1000000,
        "comprehensiveincomenetoftaxincludingportionattributabletononcontrollinginterest": 2616000000,
        "comprehensiveincomenetoftaxattributabletononcontrollinginterest": 88000000,
        "comprehensiveincomenetoftax": 2528000000,
        "premiumsearnednet": 847000000,
        "salesrevenuegoodsnet": 6702000000,
        "salesrevenueservicesnet": 2065000000,
        "investmentincomeinterestanddividend": 115000000,
        "revenues": 23601000000,
        "policyholderbenefitsandclaimsincurredhealthcare": 35863000000,
        "sellinggeneralandadministrativeexpense": 8506000000,
        "costofgoodssold": 6184000000,
        "depreciationandamortization": 582000000,
        "costsandexpenses": 51135000000,
        "operatingincomeloss": 1653000000,
        "interestexpense": 329000000,
        "incomelossfromcontinuingoperationsbeforeincometaxesminorityinterestandincomelossfromequitymethodinvestments": 1653000000,
        "incometaxexpensebenefit": 800000000,
        "netincomelossattributabletononcontrollinginterest": 88000000,
        "netincomeloss": 2836000000,
        "earningspersharebasic": 2.94,
        "earningspersharediluted": 2.87,
        "weightedaveragenumberofsharesoutstandingbasic": 966000000,
        "weightedaveragenumberdilutedsharesoutstandingadjustment": 21000000,
        "weightedaveragenumberofdilutedsharesoutstanding": 987000000,
        "antidilutivesecuritiesexcludedfromcomputationofearningspershareamount": 7000000,
        "commonstockdividendspersharedeclared": 0.75
    },
    {
        "date": "2017-09-29",
        "symbol": "UNH",
        "period": "Q3",
        "profitloss": 2561000000,
        "othercomprehensiveincomeunrealizedholdinggainlossonsecuritiesarisingduringperiodbeforetax": 44000000,
        "othercomprehensiveincomeunrealizedholdinggainlossonsecuritiesarisingduringperiodtax": 17000000,
        "othercomprehensiveincomeunrealizedholdinggainlossonsecuritiesarisingduringperiodnetoftax": 27000000,
        "othercomprehensiveincomelossreclassificationadjustmentfromaociforsaleofsecuritiesbeforetax": 10000000,
        "othercomprehensiveincomelossreclassificationadjustmentfromaociforsaleofsecuritiestax": 4000000,
        "othercomprehensiveincomelossreclassificationadjustmentfromaociforsaleofsecuritiesnetoftax": 6000000,
        "othercomprehensiveincomeforeigncurrencytransactionandtranslationgainlossarisingduringperiodnetoftax": 217000000,
        "othercomprehensiveincomelossnetoftax": 238000000,
        "comprehensiveincomenetoftaxincludingportionattributabletononcontrollinginterest": 2799000000,
        "comprehensiveincomenetoftaxattributabletononcontrollinginterest": 76000000,
        "comprehensiveincomenetoftax": 2723000000,
        "premiumsearnednet": 976000000,
        "salesrevenuegoodsnet": 6665000000,
        "salesrevenueservicesnet": 1853000000,
        "investmentincomeinterestanddividend": 94000000,
        "revenues": 22885000000,
        "policyholderbenefitsandclaimsincurredhealthcare": 32201000000,
        "sellinggeneralandadministrativeexpense": 7387000000,
        "costofgoodssold": 6068000000,
        "depreciationandamortization": 578000000,
        "costsandexpenses": 46234000000,
        "operatingincomeloss": 1697000000,
        "interestexpense": 294000000,
        "incomelossfromcontinuingoperationsbeforeincometaxesminorityinterestandincomelossfromequitymethodinvestments": 1697000000,
        "incometaxexpensebenefit": 1233000000,
        "netincomelossattributabletononcontrollinginterest": 76000000,
        "netincomeloss": 2485000000,
        "earningspersharebasic": 2.57,
        "earningspersharediluted": 2.51,
        "weightedaveragenumberofsharesoutstandingbasic": 968000000,
        "weightedaveragenumberdilutedsharesoutstandingadjustment": 21000000,
        "weightedaveragenumberofdilutedsharesoutstanding": 989000000,
        "antidilutivesecuritiesexcludedfromcomputationofearningspershareamount": 1000000,
        "commonstockdividendspersharedeclared": 0.75
    },
    {
        "date": "2017-06-29",
        "symbol": "UNH",
        "period": "Q2",
        "profitloss": 2350000000,
        "othercomprehensiveincomeunrealizedholdinggainlossonsecuritiesarisingduringperiodbeforetax": 170000000,
        "othercomprehensiveincomeunrealizedholdinggainlossonsecuritiesarisingduringperiodtax": 62000000,
        "othercomprehensiveincomeunrealizedholdinggainlossonsecuritiesarisingduringperiodnetoftax": 108000000,
        "othercomprehensiveincomelossreclassificationadjustmentfromaociforsaleofsecuritiesbeforetax": 20000000,
        "othercomprehensiveincomelossreclassificationadjustmentfromaociforsaleofsecuritiestax": 7000000,
        "othercomprehensiveincomelossreclassificationadjustmentfromaociforsaleofsecuritiesnetoftax": 13000000,
        "othercomprehensiveincomeforeigncurrencytransactionandtranslationgainlossarisingduringperiodnetoftax": -239000000,
        "othercomprehensiveincomelossnetoftax": -144000000,
        "comprehensiveincomenetoftaxincludingportionattributabletononcontrollinginterest": 2206000000,
        "comprehensiveincomenetoftaxattributabletononcontrollinginterest": 66000000,
        "comprehensiveincomenetoftax": 2140000000,
        "premiumsearnednet": 919000000,
        "salesrevenuegoodsnet": 6415000000,
        "salesrevenueservicesnet": 1839000000,
        "investmentincomeinterestanddividend": 92000000,
        "revenues": 22671000000,
        "policyholderbenefitsandclaimsincurredhealthcare": 32549000000,
        "sellinggeneralandadministrativeexpense": 7328000000,
        "costofgoodssold": 5889000000,
        "depreciationandamortization": 556000000,
        "costsandexpenses": 46322000000,
        "operatingincomeloss": 1520000000,
        "interestexpense": 301000000,
        "incomelossfromcontinuingoperationsbeforeincometaxesminorityinterestandincomelossfromequitymethodinvestments": 1520000000,
        "incometaxexpensebenefit": 1080000000,
        "netincomelossattributabletononcontrollinginterest": 66000000,
        "netincomeloss": 2284000000,
        "earningspersharebasic": 2.37,
        "earningspersharediluted": 2.32,
        "weightedaveragenumberofsharesoutstandingbasic": 964000000,
        "weightedaveragenumberdilutedsharesoutstandingadjustment": 21000000,
        "weightedaveragenumberofdilutedsharesoutstanding": 985000000,
        "antidilutivesecuritiesexcludedfromcomputationofearningspershareamount": 8000000,
        "commonstockdividendspersharedeclared": 0.75
    },
    {
        "date": "2017-03-30",
        "symbol": "UNH",
        "period": "Q1",
        "profitloss": 2191000000,
        "othercomprehensiveincomeunrealizedholdinggainlossonsecuritiesarisingduringperiodbeforetax": 99000000,
        "othercomprehensiveincomeunrealizedholdinggainlossonsecuritiesarisingduringperiodtax": 32000000,
        "othercomprehensiveincomeunrealizedholdinggainlossonsecuritiesarisingduringperiodnetoftax": 67000000,
        "othercomprehensiveincomelossreclassificationadjustmentfromaociforsaleofsecuritiesbeforetax": 21000000,
        "othercomprehensiveincomelossreclassificationadjustmentfromaociforsaleofsecuritiestax": 8000000,
        "othercomprehensiveincomelossreclassificationadjustmentfromaociforsaleofsecuritiesnetoftax": 13000000,
        "othercomprehensiveincomeforeigncurrencytransactionandtranslationgainlossarisingduringperiodnetoftax": 180000000,
        "othercomprehensiveincomelossnetoftax": 180000000,
        "comprehensiveincomenetoftaxincludingportionattributabletononcontrollinginterest": 2425000000,
        "comprehensiveincomenetoftaxattributabletononcontrollinginterest": 19000000,
        "comprehensiveincomenetoftax": 2406000000,
        "premiumsearnednet": 885000000,
        "salesrevenuegoodsnet": 6129000000,
        "salesrevenueservicesnet": 1512000000,
        "investmentincomeinterestanddividend": 61000000,
        "revenues": 21237000000,
        "policyholderbenefitsandclaimsincurredhealthcare": 32079000000,
        "sellinggeneralandadministrativeexpense": 7022000000,
        "costofgoodssold": 5676000000,
        "depreciationandamortization": 533000000,
        "costsandexpenses": 45310000000,
        "operatingincomeloss": 1279000000,
        "interestexpense": 283000000,
        "incomelossfromcontinuingoperationsbeforeincometaxesminorityinterestandincomelossfromequitymethodinvestments": 1279000000,
        "incometaxexpensebenefit": 939000000,
        "netincomelossattributabletononcontrollinginterest": 19000000,
        "netincomeloss": 2172000000,
        "earningspersharebasic": 2.28,
        "earningspersharediluted": 2.23,
        "weightedaveragenumberofsharesoutstandingbasic": 954000000,
        "weightedaveragenumberdilutedsharesoutstandingadjustment": 21000000,
        "weightedaveragenumberofdilutedsharesoutstanding": 975000000,
        "antidilutivesecuritiesexcludedfromcomputationofearningspershareamount": 9000000,
        "commonstockdividendspersharedeclared": 0.625
    },
    {
        "date": "2016-12-30",
        "symbol": "UNH",
        "period": "Q4",
        "profitloss": 1708000000,
        "othercomprehensiveincomeunrealizedholdinggainlossonsecuritiesarisingduringperiodbeforetax": -546000000,
        "othercomprehensiveincomeunrealizedholdinggainlossonsecuritiesarisingduringperiodtax": -199000000,
        "othercomprehensiveincomeunrealizedholdinggainlossonsecuritiesarisingduringperiodnetoftax": -347000000,
        "othercomprehensiveincomelossreclassificationadjustmentfromaociforsaleofsecuritiesbeforetax": 69000000,
        "othercomprehensiveincomelossreclassificationadjustmentfromaociforsaleofsecuritiestax": 25000000,
        "othercomprehensiveincomelossreclassificationadjustmentfromaociforsaleofsecuritiesnetoftax": 44000000,
        "othercomprehensiveincomeforeigncurrencytransactionandtranslationgainlossarisingduringperiodnetoftax": 13000000,
        "othercomprehensiveincomelossnetoftax": -83000000,
        "comprehensiveincomenetoftaxincludingportionattributabletononcontrollinginterest": 1330000000,
        "comprehensiveincomenetoftaxattributabletononcontrollinginterest": 24000000,
        "comprehensiveincomenetoftax": 1306000000,
        "premiumsearnednet": -33025000000,
        "salesrevenuegoodsnet": 6959000000,
        "salesrevenueservicesnet": -178000000,
        "investmentincomeinterestanddividend": -69000000,
        "revenues": -2676000000,
        "policyholderbenefitsandclaimsincurredhealthcare": 29696000000,
        "sellinggeneralandadministrativeexpense": 7817000000,
        "costofgoodssold": 6308000000,
        "depreciationandamortization": -197000000,
        "costsandexpenses": -126589000000,
        "operatingincomeloss": -65000000,
        "interestexpense": 268000000,
        "incomelossfromcontinuingoperationsbeforeincometaxesminorityinterestandincomelossfromequitymethodinvestments": 194000000,
        "incometaxexpensebenefit": -1036000000,
        "netincomelossattributabletononcontrollinginterest": 24000000,
        "netincomeloss": 1684000000,
        "earningspersharebasic": 1.770000000000001,
        "earningspersharediluted": 1.7400000000000007,
        "weightedaveragenumberofsharesoutstandingbasic": -1904000000,
        "weightedaveragenumberdilutedsharesoutstandingadjustment": -31000000,
        "weightedaveragenumberofdilutedsharesoutstanding": -1935000000,
        "antidilutivesecuritiesexcludedfromcomputationofearningspershareamount": -6000000,
        "commonstockdividendspersharedeclared": 0.625
    },
    {
        "date": "2016-09-29",
        "symbol": "UNH",
        "period": "Q3",
        "profitloss": 1978000000,
        "othercomprehensiveincomeunrealizedholdinggainlossonsecuritiesarisingduringperiodbeforetax": -21000000,
        "othercomprehensiveincomeunrealizedholdinggainlossonsecuritiesarisingduringperiodtax": -7000000,
        "othercomprehensiveincomeunrealizedholdinggainlossonsecuritiesarisingduringperiodnetoftax": -14000000,
        "othercomprehensiveincomelossreclassificationadjustmentfromaociforsaleofsecuritiesbeforetax": 26000000,
        "othercomprehensiveincomelossreclassificationadjustmentfromaociforsaleofsecuritiestax": 9000000,
        "othercomprehensiveincomelossreclassificationadjustmentfromaociforsaleofsecuritiesnetoftax": 17000000,
        "othercomprehensiveincomeforeigncurrencytransactionandtranslationgainlossarisingduringperiodnetoftax": -69000000,
        "othercomprehensiveincomelossnetoftax": -100000000,
        "comprehensiveincomenetoftaxincludingportionattributabletononcontrollinginterest": 1878000000,
        "comprehensiveincomenetoftaxattributabletononcontrollinginterest": 10000000,
        "comprehensiveincomenetoftax": 1868000000,
        "premiumsearnednet": 1005000000,
        "salesrevenuegoodsnet": 6696000000,
        "salesrevenueservicesnet": 1357000000,
        "investmentincomeinterestanddividend": 58000000,
        "revenues": 21119000000,
        "policyholderbenefitsandclaimsincurredhealthcare": 29040000000,
        "sellinggeneralandadministrativeexpense": 7033000000,
        "costofgoodssold": 6125000000,
        "depreciationandamortization": 515000000,
        "costsandexpenses": 42713000000,
        "operatingincomeloss": 1467000000,
        "interestexpense": 269000000,
        "incomelossfromcontinuingoperationsbeforeincometaxesminorityinterestandincomelossfromequitymethodinvestments": 1467000000,
        "incometaxexpensebenefit": 9000000,
        "netincomelossattributabletononcontrollinginterest": 10000000,
        "netincomeloss": 1968000000,
        "earningspersharebasic": 2.07,
        "earningspersharediluted": 2.03,
        "weightedaveragenumberofsharesoutstandingbasic": 952000000,
        "weightedaveragenumberdilutedsharesoutstandingadjustment": 17000000,
        "weightedaveragenumberofdilutedsharesoutstanding": 969000000,
        "antidilutivesecuritiesexcludedfromcomputationofearningspershareamount": 1000000,
        "commonstockdividendspersharedeclared": 0.625
    },
    {
        "date": "2016-06-29",
        "symbol": "UNH",
        "period": "Q2",
        "profitloss": 1760000000,
        "othercomprehensiveincomeunrealizedholdinggainlossonsecuritiesarisingduringperiodbeforetax": 234000000,
        "othercomprehensiveincomeunrealizedholdinggainlossonsecuritiesarisingduringperiodtax": 84000000,
        "othercomprehensiveincomeunrealizedholdinggainlossonsecuritiesarisingduringperiodnetoftax": 150000000,
        "othercomprehensiveincomelossreclassificationadjustmentfromaociforsaleofsecuritiesbeforetax": 36000000,
        "othercomprehensiveincomelossreclassificationadjustmentfromaociforsaleofsecuritiestax": 13000000,
        "othercomprehensiveincomelossreclassificationadjustmentfromaociforsaleofsecuritiesnetoftax": 23000000,
        "othercomprehensiveincomeforeigncurrencytransactionandtranslationgainlossarisingduringperiodnetoftax": 474000000,
        "othercomprehensiveincomelossnetoftax": 601000000,
        "comprehensiveincomenetoftaxincludingportionattributabletononcontrollinginterest": 2361000000,
        "comprehensiveincomenetoftaxattributabletononcontrollinginterest": 6000000,
        "comprehensiveincomenetoftax": 2355000000,
        "premiumsearnednet": 872000000,
        "salesrevenuegoodsnet": 6609000000,
        "salesrevenueservicesnet": 1403000000,
        "investmentincomeinterestanddividend": 45000000,
        "revenues": 20623000000,
        "policyholderbenefitsandclaimsincurredhealthcare": 29872000000,
        "sellinggeneralandadministrativeexpense": 6793000000,
        "costofgoodssold": 6106000000,
        "depreciationandamortization": 511000000,
        "costsandexpenses": 43282000000,
        "operatingincomeloss": 1261000000,
        "interestexpense": 271000000,
        "incomelossfromcontinuingoperationsbeforeincometaxesminorityinterestandincomelossfromequitymethodinvestments": 1261000000,
        "incometaxexpensebenefit": 13000000,
        "netincomelossattributabletononcontrollinginterest": 6000000,
        "netincomeloss": 1754000000,
        "earningspersharebasic": 1.84,
        "earningspersharediluted": 1.81,
        "weightedaveragenumberofsharesoutstandingbasic": 951000000,
        "weightedaveragenumberdilutedsharesoutstandingadjustment": 16000000,
        "weightedaveragenumberofdilutedsharesoutstanding": 967000000,
        "antidilutivesecuritiesexcludedfromcomputationofearningspershareamount": 1000000,
        "commonstockdividendspersharedeclared": 0.625
    },
    {
        "date": "2016-03-30",
        "symbol": "UNH",
        "period": "Q1",
        "profitloss": 1627000000,
        "othercomprehensiveincomeunrealizedholdinggainlossonsecuritiesarisingduringperiodbeforetax": 260000000,
        "othercomprehensiveincomeunrealizedholdinggainlossonsecuritiesarisingduringperiodtax": 96000000,
        "othercomprehensiveincomeunrealizedholdinggainlossonsecuritiesarisingduringperiodnetoftax": 164000000,
        "othercomprehensiveincomelossreclassificationadjustmentfromaociforsaleofsecuritiesbeforetax": 35000000,
        "othercomprehensiveincomelossreclassificationadjustmentfromaociforsaleofsecuritiestax": 13000000,
        "othercomprehensiveincomelossreclassificationadjustmentfromaociforsaleofsecuritiesnetoftax": 22000000,
        "othercomprehensiveincomeforeigncurrencytransactionandtranslationgainlossarisingduringperiodnetoftax": 388000000,
        "othercomprehensiveincomelossnetoftax": 388000000,
        "comprehensiveincomenetoftaxincludingportionattributabletononcontrollinginterest": 2157000000,
        "comprehensiveincomenetoftaxattributabletononcontrollinginterest": 16000000,
        "comprehensiveincomenetoftax": 2141000000,
        "premiumsearnednet": 34811000000,
        "salesrevenuegoodsnet": 6393000000,
        "salesrevenueservicesnet": 3140000000,
        "investmentincomeinterestanddividend": 183000000,
        "revenues": 44527000000,
        "policyholderbenefitsandclaimsincurredhealthcare": 28430000000,
        "sellinggeneralandadministrativeexpense": 6758000000,
        "costofgoodssold": 5877000000,
        "depreciationandamortization": 502000000,
        "costsandexpenses": 41567000000,
        "operatingincomeloss": 2960000000,
        "interestexpense": 259000000,
        "incomelossfromcontinuingoperationsbeforeincometaxesminorityinterestandincomelossfromequitymethodinvestments": 2701000000,
        "incometaxexpensebenefit": 1074000000,
        "netincomelossattributabletononcontrollinginterest": 16000000,
        "netincomeloss": 1611000000,
        "earningspersharebasic": 1.69,
        "earningspersharediluted": 1.67,
        "weightedaveragenumberofsharesoutstandingbasic": 953000000,
        "weightedaveragenumberdilutedsharesoutstandingadjustment": 14000000,
        "weightedaveragenumberofdilutedsharesoutstanding": 967000000,
        "antidilutivesecuritiesexcludedfromcomputationofearningspershareamount": 7000000,
        "commonstockdividendspersharedeclared": 0.5
    },
    {
        "date": "2015-12-30",
        "symbol": "UNH",
        "period": "Q4",
        "othercomprehensiveincomeunrealizedholdinggainlossonsecuritiesarisingduringperiodbeforetax": -72000000,
        "othercomprehensiveincomeunrealizedholdinggainlossonsecuritiesarisingduringperiodtax": -27000000,
        "othercomprehensiveincomeunrealizedholdinggainlossonsecuritiesarisingduringperiodnetoftax": -45000000,
        "othercomprehensiveincomelossreclassificationadjustmentfromaociforsaleofsecuritiesbeforetax": 42000000,
        "othercomprehensiveincomelossreclassificationadjustmentfromaociforsaleofsecuritiestax": 16000000,
        "othercomprehensiveincomelossreclassificationadjustmentfromaociforsaleofsecuritiesnetoftax": 26000000,
        "othercomprehensiveincomeforeigncurrencytransactionandtranslationgainlossarisingduringperiodnetoftax": 84000000,
        "othercomprehensiveincomelossnetoftax": 246000000,
        "comprehensiveincomenetoftaxincludingportionattributabletononcontrollinginterest": 1265000000,
        "premiumsearnednet": 785000000,
        "salesrevenuegoodsnet": 13532000000,
        "salesrevenueservicesnet": -3589000000,
        "investmentincomeinterestanddividend": 41000000,
        "revenues": 21899000000,
        "policyholderbenefitsandclaimsincurredhealthcare": 26542000000,
        "sellinggeneralandadministrativeexpense": 6210000000,
        "costofgoodssold": 7895000000,
        "depreciationandamortization": -234000000,
        "costsandexpenses": -104255000000,
        "operatingincomeloss": 1519000000,
        "interestexpense": 260000000,
        "incomelossfromcontinuingoperationsbeforeincometaxesminorityinterestandincomelossfromequitymethodinvestments": 1519000000,
        "incometaxexpensebenefit": 16000000,
        "earningspersharebasic": 1.2799999999999998,
        "earningspersharediluted": 1.2599999999999998,
        "weightedaveragenumberofsharesoutstandingbasic": -1906000000,
        "weightedaveragenumberdilutedsharesoutstandingadjustment": -29000000,
        "weightedaveragenumberofdilutedsharesoutstanding": -1935000000,
        "antidilutivesecuritiesexcludedfromcomputationofearningspershareamount": -17000000,
        "commonstockdividendspersharedeclared": 0.5
    },
    {
        "date": "2015-09-29",
        "symbol": "UNH",
        "period": "Q3",
        "profitloss": 1618000000,
        "othercomprehensiveincomeunrealizedholdinggainlossonsecuritiesarisingduringperiodbeforetax": 66000000,
        "othercomprehensiveincomeunrealizedholdinggainlossonsecuritiesarisingduringperiodtax": 26000000,
        "othercomprehensiveincomeunrealizedholdinggainlossonsecuritiesarisingduringperiodnetoftax": 40000000,
        "othercomprehensiveincomelossreclassificationadjustmentfromaociforsaleofsecuritiesbeforetax": 28000000,
        "othercomprehensiveincomelossreclassificationadjustmentfromaociforsaleofsecuritiestax": 11000000,
        "othercomprehensiveincomelossreclassificationadjustmentfromaociforsaleofsecuritiesnetoftax": 17000000,
        "othercomprehensiveincomeforeigncurrencytransactionandtranslationgainlossarisingduringperiodnetoftax": -1063000000,
        "othercomprehensiveincomelossnetoftax": -1040000000,
        "comprehensiveincomenetoftaxincludingportionattributabletononcontrollinginterest": 578000000,
        "comprehensiveincomenetoftaxattributabletononcontrollinginterest": 21000000,
        "comprehensiveincomenetoftax": 557000000,
        "premiumsearnednet": 823000000,
        "salesrevenuegoodsnet": 1326000000,
        "salesrevenueservicesnet": 6482000000,
        "investmentincomeinterestanddividend": 41000000,
        "revenues": 19302000000,
        "policyholderbenefitsandclaimsincurredhealthcare": 25618000000,
        "sellinggeneralandadministrativeexpense": 6301000000,
        "costofgoodssold": 6100000000,
        "depreciationandamortization": 452000000,
        "costsandexpenses": 38471000000,
        "operatingincomeloss": 1142000000,
        "interestexpense": 229000000,
        "incomelossfromcontinuingoperationsbeforeincometaxesminorityinterestandincomelossfromequitymethodinvestments": 1142000000,
        "incometaxexpensebenefit": 11000000,
        "netincomelossattributabletononcontrollinginterest": 21000000,
        "netincomeloss": 1597000000,
        "earningspersharebasic": 1.68,
        "earningspersharediluted": 1.65,
        "weightedaveragenumberofsharesoutstandingbasic": 953000000,
        "weightedaveragenumberdilutedsharesoutstandingadjustment": 14000000,
        "weightedaveragenumberofdilutedsharesoutstanding": 967000000,
        "antidilutivesecuritiesexcludedfromcomputationofearningspershareamount": 8000000,
        "commonstockdividendspersharedeclared": 0.5
    },
    {
        "date": "2015-06-29",
        "symbol": "UNH",
        "period": "Q2",
        "profitloss": 1585000000,
        "othercomprehensiveincomeunrealizedholdinggainlossonsecuritiesarisingduringperiodbeforetax": -222000000,
        "othercomprehensiveincomeunrealizedholdinggainlossonsecuritiesarisingduringperiodtax": -80000000,
        "othercomprehensiveincomeunrealizedholdinggainlossonsecuritiesarisingduringperiodnetoftax": -142000000,
        "othercomprehensiveincomelossreclassificationadjustmentfromaociforsaleofsecuritiesbeforetax": 68000000,
        "othercomprehensiveincomelossreclassificationadjustmentfromaociforsaleofsecuritiestax": 25000000,
        "othercomprehensiveincomelossreclassificationadjustmentfromaociforsaleofsecuritiesnetoftax": 43000000,
        "othercomprehensiveincomeforeigncurrencytransactionandtranslationgainlossarisingduringperiodnetoftax": 163000000,
        "othercomprehensiveincomelossnetoftax": -22000000,
        "comprehensiveincomenetoftaxincludingportionattributabletononcontrollinginterest": 1563000000,
        "premiumsearnednet": 775000000,
        "salesrevenueservicesnet": 1150000000,
        "salesrevenuegoodsnet": 1222000000,
        "investmentincomeinterestanddividend": 43000000,
        "revenues": 13588000000,
        "policyholderbenefitsandclaimsincurredhealthcare": 26026000000,
        "sellinggeneralandadministrativeexpense": 5852000000,
        "costofgoodssold": 1111000000,
        "depreciationandamortization": 379000000,
        "costsandexpenses": 33368000000,
        "operatingincomeloss": 864000000,
        "interestexpense": 151000000,
        "incomelossfromcontinuingoperationsbeforeincometaxesminorityinterestandincomelossfromequitymethodinvestments": 864000000,
        "incometaxexpensebenefit": 25000000,
        "earningspersharebasic": 1.66,
        "earningspersharediluted": 1.64,
        "weightedaveragenumberofsharesoutstandingbasic": 952000000,
        "weightedaveragenumberdilutedsharesoutstandingadjustment": 14000000,
        "weightedaveragenumberofdilutedsharesoutstanding": 966000000,
        "antidilutivesecuritiesexcludedfromcomputationofearningspershareamount": 8000000,
        "commonstockdividendspersharedeclared": 0.5
    },
    {
        "date": "2015-03-30",
        "symbol": "UNH",
        "period": "Q1",
        "netincomeloss": 1413000000,
        "othercomprehensiveincomeunrealizedholdinggainlossonsecuritiesarisingduringperiodbeforetax": 105000000,
        "othercomprehensiveincomeunrealizedholdinggainlossonsecuritiesarisingduringperiodtax": 37000000,
        "othercomprehensiveincomeunrealizedholdinggainlossonsecuritiesarisingduringperiodnetoftax": 68000000,
        "othercomprehensiveincomelossreclassificationadjustmentfromaociforsaleofsecuritiesbeforetax": 3000000,
        "othercomprehensiveincomelossreclassificationadjustmentfromaociforsaleofsecuritiestax": 1000000,
        "othercomprehensiveincomelossreclassificationadjustmentfromaociforsaleofsecuritiesnetoftax": 2000000,
        "othercomprehensiveincomeforeigncurrencytransactionandtranslationgainlossarisingduringperiodnetoftax": -959000000,
        "othercomprehensiveincomelossnetoftax": -959000000,
        "comprehensiveincomenetoftaxincludingportionattributabletononcontrollinginterest": 520000000,
        "premiumsearnednet": 769000000,
        "salesrevenueservicesnet": 1103000000,
        "salesrevenuegoodsnet": 1230000000,
        "investmentincomeinterestanddividend": 31000000,
        "revenues": 12815000000,
        "policyholderbenefitsandclaimsincurredhealthcare": 25689000000,
        "sellinggeneralandadministrativeexpense": 5949000000,
        "costofgoodssold": 1100000000,
        "depreciationandamortization": 378000000,
        "costsandexpenses": 33116000000,
        "operatingincomeloss": 742000000,
        "interestexpense": 150000000,
        "incomelossfromcontinuingoperationsbeforeincometaxesminorityinterestandincomelossfromequitymethodinvestments": 742000000,
        "incometaxexpensebenefit": 1000000,
        "earningspersharebasic": 1.48,
        "earningspersharediluted": 1.46,
        "weightedaveragenumberofsharesoutstandingbasic": 954000000,
        "weightedaveragenumberdilutedsharesoutstandingadjustment": 15000000,
        "weightedaveragenumberofdilutedsharesoutstanding": 969000000,
        "antidilutivesecuritiesexcludedfromcomputationofearningspershareamount": 9000000,
        "commonstockdividendspersharedeclared": 0.375
    },
    {
        "date": "2014-12-30",
        "symbol": "UNH",
        "period": "Q4",
        "profitloss": 1510000000,
        "othercomprehensiveincomeunrealizedholdinggainlossonsecuritiesarisingduringperiodbeforetax": 49000000,
        "othercomprehensiveincomeunrealizedholdinggainlossonsecuritiesarisingduringperiodtax": 18000000,
        "othercomprehensiveincomeunrealizedholdinggainlossonsecuritiesarisingduringperiodnetoftax": 31000000,
        "othercomprehensiveincomelossreclassificationadjustmentfromaociforsaleofsecuritiesbeforetax": 28000000,
        "othercomprehensiveincomelossreclassificationadjustmentfromaociforsaleofsecuritiestax": 10000000,
        "othercomprehensiveincomelossreclassificationadjustmentfromaociforsaleofsecuritiesnetoftax": 18000000,
        "othercomprehensiveincomeforeigncurrencytransactionandtranslationgainlossarisingduringperiodnetoftax": -421000000,
        "othercomprehensiveincomelossnetoftax": -318000000,
        "comprehensiveincomenetoftaxincludingportionattributabletononcontrollinginterest": 1102000000,
        "comprehensiveincomenetoftax": 1102000000,
        "premiumsearnednet": -81354000000,
        "salesrevenueservicesnet": -2165000000,
        "salesrevenuegoodsnet": 1158000000,
        "investmentincomeinterestanddividend": 34000000,
        "revenues": 33159000000,
        "policyholderbenefitsandclaimsincurredhealthcare": 23434000000,
        "sellinggeneralandadministrativeexpense": 5845000000,
        "costofgoodssold": 1008000000,
        "depreciationandamortization": -391000000,
        "costsandexpenses": -88977000000,
        "operatingincomeloss": -1984000000,
        "interestexpense": 151000000,
        "incomelossfromcontinuingoperationsbeforeincometaxesminorityinterestandincomelossfromequitymethodinvestments": 1447000000,
        "incometaxexpensebenefit": 10000000,
        "netincomeloss": 1510000000,
        "earningspersharebasic": 1.5700000000000007,
        "earningspersharediluted": 1.5500000000000003,
        "weightedaveragenumberofsharesoutstandingbasic": -1959000000,
        "weightedaveragenumberdilutedsharesoutstandingadjustment": -24000000,
        "weightedaveragenumberofdilutedsharesoutstanding": -1983000000,
        "antidilutivesecuritiesexcludedfromcomputationofearningspershareamount": -18000000,
        "commonstockdividendspersharedeclared": 0.375
    },
    {
        "date": "2014-09-29",
        "symbol": "UNH",
        "period": "Q3",
        "profitloss": 1602000000,
        "othercomprehensiveincomeunrealizedholdinggainlossonsecuritiesarisingduringperiodbeforetax": -53000000,
        "othercomprehensiveincomeunrealizedholdinggainlossonsecuritiesarisingduringperiodtax": -20000000,
        "othercomprehensiveincomeunrealizedholdinggainlossonsecuritiesarisingduringperiodnetoftax": -33000000,
        "othercomprehensiveincomelossreclassificationadjustmentfromaociforsaleofsecuritiesbeforetax": 30000000,
        "othercomprehensiveincomelossreclassificationadjustmentfromaociforsaleofsecuritiestax": 11000000,
        "othercomprehensiveincomelossreclassificationadjustmentfromaociforsaleofsecuritiesnetoftax": 19000000,
        "othercomprehensiveincomeforeigncurrencytransactionandtranslationgainlossarisingduringperiodnetoftax": -642000000,
        "othercomprehensiveincomelossnetoftax": -694000000,
        "comprehensiveincomenetoftaxincludingportionattributabletononcontrollinginterest": 908000000,
        "comprehensiveincomenetoftax": 908000000,
        "premiumsearnednet": 28287000000,
        "salesrevenueservicesnet": 2535000000,
        "salesrevenuegoodsnet": 1080000000,
        "investmentincomeinterestanddividend": 37000000,
        "revenues": 6936000000,
        "policyholderbenefitsandclaimsincurredhealthcare": 23092000000,
        "sellinggeneralandadministrativeexpense": 5436000000,
        "costofgoodssold": 955000000,
        "depreciationandamortization": 373000000,
        "costsandexpenses": 29856000000,
        "operatingincomeloss": 2038000000,
        "interestexpense": 152000000,
        "incomelossfromcontinuingoperationsbeforeincometaxesminorityinterestandincomelossfromequitymethodinvestments": 865000000,
        "incometaxexpensebenefit": 11000000,
        "netincomeloss": 1602000000,
        "earningspersharebasic": 1.65,
        "earningspersharediluted": 1.63,
        "weightedaveragenumberofsharesoutstandingbasic": 969000000,
        "weightedaveragenumberdilutedsharesoutstandingadjustment": 13000000,
        "weightedaveragenumberofdilutedsharesoutstanding": 982000000,
        "antidilutivesecuritiesexcludedfromcomputationofearningspershareamount": 7000000,
        "commonstockdividendspersharedeclared": 0.375
    },
    {
        "date": "2014-06-29",
        "symbol": "UNH",
        "period": "Q2",
        "profitloss": 1408000000,
        "othercomprehensiveincomeunrealizedholdinggainlossonsecuritiesarisingduringperiodbeforetax": 314000000,
        "othercomprehensiveincomeunrealizedholdinggainlossonsecuritiesarisingduringperiodtax": 114000000,
        "othercomprehensiveincomeunrealizedholdinggainlossonsecuritiesarisingduringperiodnetoftax": 200000000,
        "othercomprehensiveincomelossreclassificationadjustmentfromaociforsaleofsecuritiesbeforetax": 107000000,
        "othercomprehensiveincomelossreclassificationadjustmentfromaociforsaleofsecuritiestax": 39000000,
        "othercomprehensiveincomelossreclassificationadjustmentfromaociforsaleofsecuritiesnetoftax": 68000000,
        "othercomprehensiveincomeforeigncurrencytransactionandtranslationgainlossarisingduringperiodnetoftax": 151000000,
        "othercomprehensiveincomelossnetoftax": 283000000,
        "comprehensiveincomenetoftaxincludingportionattributabletononcontrollinginterest": 1691000000,
        "comprehensiveincomenetoftax": 1691000000,
        "premiumsearnednet": 28213000000,
        "salesrevenueservicesnet": 2447000000,
        "salesrevenuegoodsnet": 1037000000,
        "investmentincomeinterestanddividend": 39000000,
        "revenues": 6955000000,
        "policyholderbenefitsandclaimsincurredhealthcare": 23523000000,
        "sellinggeneralandadministrativeexpense": 5206000000,
        "costofgoodssold": 929000000,
        "depreciationandamortization": 364000000,
        "costsandexpenses": 30022000000,
        "operatingincomeloss": 1824000000,
        "interestexpense": 155000000,
        "incomelossfromcontinuingoperationsbeforeincometaxesminorityinterestandincomelossfromequitymethodinvestments": 728000000,
        "incometaxexpensebenefit": 39000000,
        "netincomeloss": 1408000000,
        "earningspersharebasic": 1.44,
        "earningspersharediluted": 1.42,
        "weightedaveragenumberofsharesoutstandingbasic": 979000000,
        "weightedaveragenumberdilutedsharesoutstandingadjustment": 12000000,
        "weightedaveragenumberofdilutedsharesoutstanding": 991000000,
        "antidilutivesecuritiesexcludedfromcomputationofearningspershareamount": 8000000,
        "commonstockdividendspersharedeclared": 0.375
    },
    {
        "date": "2014-03-30",
        "symbol": "UNH",
        "period": "Q1",
        "profitloss": 1099000000,
        "othercomprehensiveincomeunrealizedholdinggainlossonsecuritiesarisingduringperiodbeforetax": 166000000,
        "othercomprehensiveincomeunrealizedholdinggainlossonsecuritiesarisingduringperiodtax": 61000000,
        "othercomprehensiveincomeunrealizedholdinggainlossonsecuritiesarisingduringperiodnetoftax": 105000000,
        "othercomprehensiveincomelossreclassificationadjustmentfromaociforsaleofsecuritiesbeforetax": 46000000,
        "othercomprehensiveincomelossreclassificationadjustmentfromaociforsaleofsecuritiestax": 17000000,
        "othercomprehensiveincomelossreclassificationadjustmentfromaociforsaleofsecuritiesnetoftax": 29000000,
        "othercomprehensiveincomeforeigncurrencytransactionandtranslationgainlossarisingduringperiodnetoftax": 259000000,
        "othercomprehensiveincomelossnetoftax": 76000000,
        "comprehensiveincomenetoftaxincludingportionattributabletononcontrollinginterest": 1434000000,
        "comprehensiveincomenetoftax": 1434000000,
        "premiumsearnednet": 27511000000,
        "salesrevenueservicesnet": 818000000,
        "salesrevenuegoodsnet": 964000000,
        "investmentincomeinterestanddividend": 35000000,
        "revenues": 696000000,
        "policyholderbenefitsandclaimsincurredhealthcare": 23208000000,
        "sellinggeneralandadministrativeexpense": 5194000000,
        "costofgoodssold": 892000000,
        "depreciationandamortization": 360000000,
        "costsandexpenses": 29654000000,
        "operatingincomeloss": 1404000000,
        "interestexpense": 160000000,
        "incomelossfromcontinuingoperationsbeforeincometaxesminorityinterestandincomelossfromequitymethodinvestments": 242000000,
        "incometaxexpensebenefit": 17000000,
        "netincomeloss": 1099000000,
        "earningspersharebasic": 1.12,
        "earningspersharediluted": 1.1,
        "weightedaveragenumberofsharesoutstandingbasic": 983000000,
        "weightedaveragenumberdilutedsharesoutstandingadjustment": 13000000,
        "weightedaveragenumberofdilutedsharesoutstanding": 996000000,
        "antidilutivesecuritiesexcludedfromcomputationofearningspershareamount": 9000000,
        "commonstockdividendspersharedeclared": 0.28
    },
    {
        "date": "2013-09-29",
        "symbol": "UNH",
        "period": "Q3",
        "profitloss": 1570000000,
        "othercomprehensiveincomeunrealizedholdinggainlossonsecuritiesarisingduringperiodbeforetax": 26000000,
        "othercomprehensiveincomeunrealizedholdinggainlossonsecuritiesarisingduringperiodtax": 9000000,
        "othercomprehensiveincomeunrealizedholdinggainlossonsecuritiesarisingduringperiodnetoftax": 84000000,
        "othercomprehensiveincomeforeigncurrencytransactionandtranslationgainlossarisingduringperiodnetoftax": -49000000,
        "othercomprehensiveincomelossnetoftax": -52000000,
        "comprehensiveincomenetoftaxincludingportionattributabletononcontrollinginterest": 1518000000,
        "comprehensiveincomenetoftax": 1518000000,
        "premiumsearnednet": -51416000000,
        "salesrevenueservicesnet": 3627000000,
        "salesrevenuegoodsnet": 823000000,
        "investmentincomeinterestanddividend": -61000000,
        "revenues": 90229000000,
        "policyholderbenefitsandclaimsincurredhealthcare": 22044000000,
        "sellinggeneralandadministrativeexpense": 4869000000,
        "costofgoodssold": 731000000,
        "depreciationandamortization": 349000000,
        "costsandexpenses": 27993000000,
        "operatingincomeloss": 5206000000,
        "interestexpense": 178000000,
        "incomelossfromcontinuingoperationsbeforeincometaxesminorityinterestandincomelossfromequitymethodinvestments": 176000000,
        "incometaxexpensebenefit": 89000000,
        "netincomeloss": 1570000000,
        "earningspersharebasic": 1.56,
        "earningspersharediluted": 1.5299999999999996,
        "weightedaveragenumberofsharesoutstandingbasic": -3000000,
        "weightedaveragenumberdilutedsharesoutstandingadjustment": 2000000,
        "weightedaveragenumberofdilutedsharesoutstanding": -1000000,
        "antidilutivesecuritiesexcludedfromcomputationofearningspershareamount": -2000000,
        "commonstockdividendspersharedeclared": 0.2799999999999999
    },
    {
        "date": "2013-06-29",
        "symbol": "UNH",
        "period": "Q2",
        "profitloss": 1436000000,
        "othercomprehensiveincomeunrealizedholdinggainlossonsecuritiesarisingduringperiodbeforetax": -453000000,
        "othercomprehensiveincomeunrealizedholdinggainlossonsecuritiesarisingduringperiodtax": -165000000,
        "othercomprehensiveincomeunrealizedholdinggainlossonsecuritiesarisingduringperiodnetoftax": -319000000,
        "othercomprehensiveincomeforeigncurrencytransactionandtranslationgainlossarisingduringperiodnetoftax": -604000000,
        "othercomprehensiveincomelossnetoftax": -923000000,
        "comprehensiveincomenetoftaxincludingportionattributabletononcontrollinginterest": 513000000,
        "comprehensiveincomenetoftaxattributabletononcontrollinginterest": 0,
        "comprehensiveincomenetoftax": 513000000,
        "premiumsearnednet": 52691000000,
        "salesrevenueservicesnet": 916000000,
        "salesrevenuegoodsnet": 771000000,
        "investmentincomeinterestanddividend": 32000000,
        "revenues": -4614000000,
        "policyholderbenefitsandclaimsincurredhealthcare": 22173000000,
        "sellinggeneralandadministrativeexpense": 4825000000,
        "costofgoodssold": 669000000,
        "depreciationandamortization": 340000000,
        "costsandexpenses": 28007000000,
        "operatingincomeloss": -189000000,
        "interestexpense": 176000000,
        "incomelossfromcontinuingoperationsbeforeincometaxesminorityinterestandincomelossfromequitymethodinvestments": 48000000,
        "incometaxexpensebenefit": -18000000,
        "netincomelossattributabletononcontrollinginterest": 0,
        "netincomeloss": 1436000000,
        "earningspersharebasic": 1.4300000000000002,
        "earningspersharediluted": 1.4000000000000001,
        "weightedaveragenumberofsharesoutstandingbasic": -4000000,
        "weightedaveragenumberdilutedsharesoutstandingadjustment": 2000000,
        "weightedaveragenumberofdilutedsharesoutstanding": -2000000,
        "antidilutivesecuritiesexcludedfromcomputationofearningspershareamount": -3000000,
        "commonstockdividendspersharedeclared": 0.28
    },
    {
        "date": "2013-03-30",
        "symbol": "UNH",
        "period": "Q1",
        "profitloss": 1240000000,
        "othercomprehensiveincomeunrealizedholdinggainlossonsecuritiesarisingduringperiodbeforetax": -48000000,
        "othercomprehensiveincomeunrealizedholdinggainlossonsecuritiesarisingduringperiodtax": -16000000,
        "othercomprehensiveincomeunrealizedholdinggainlossonsecuritiesarisingduringperiodnetoftax": -68000000,
        "othercomprehensiveincomelossreclassificationadjustmentforsaleofsecuritiesincludedinnetincomebeforetax": -57000000,
        "othercomprehensiveincomelossreclassificationadjustmentforsaleofsecuritiesincludedinnetincometax": -21000000,
        "othercomprehensiveincomelossreclassificationadjustmentforsaleofsecuritiesincludedinnetincomenetoftax": -36000000,
        "othercomprehensiveincomeforeigncurrencytransactionandtranslationgainlossarisingduringperiodnetoftax": 18000000,
        "othercomprehensiveincomelossnetoftax": -50000000,
        "comprehensiveincomenetoftaxincludingportionattributabletononcontrollinginterest": 1190000000,
        "comprehensiveincomenetoftaxattributabletononcontrollinginterest": 48000000,
        "comprehensiveincomenetoftax": 1142000000,
        "premiumsearnednet": 593000000,
        "salesrevenueservicesnet": 23000000,
        "salesrevenuegoodsnet": 725000000,
        "investmentincomeinterestanddividend": 30000000,
        "revenues": 5196000000,
        "policyholderbenefitsandclaimsincurredhealthcare": 22569000000,
        "sellinggeneralandadministrativeexpense": 4614000000,
        "costofgoodssold": 682000000,
        "depreciationandamortization": 336000000,
        "costsandexpenses": 28201000000,
        "operatingincomeloss": 495000000,
        "interestexpense": 178000000,
        "incomelossfromcontinuingoperationsbeforeincometaxesminorityinterestandincomelossfromequitymethodinvestments": 226000000,
        "incometaxexpensebenefit": -21000000,
        "netincomelossattributabletononcontrollinginterest": 48000000,
        "netincomeloss": 1192000000,
        "earningspersharebasic": 1.17,
        "earningspersharediluted": 1.16,
        "weightedaveragenumberofsharesoutstandingbasic": 1016000000,
        "weightedaveragenumberdilutedsharesoutstandingadjustment": 13000000,
        "weightedaveragenumberofdilutedsharesoutstanding": 1029000000,
        "antidilutivesecuritiesexcludedfromcomputationofearningspershareamount": 16000000,
        "commonstockdividendspersharedeclared": 0.2125
    },
    {
        "date": "2012-09-29",
        "symbol": "UNH",
        "period": "Q3",
        "netincomeloss": 1557000000,
        "othercomprehensiveincomeunrealizedholdinggainlossonsecuritiesarisingduringperiodbeforetax": 166000000,
        "othercomprehensiveincomeunrealizedholdinggainlossonsecuritiesarisingduringperiodtax": 54000000,
        "othercomprehensiveincomeunrealizedholdinggainlossonsecuritiesarisingduringperiodnetoftax": 112000000,
        "othercomprehensiveincomelossreclassificationadjustmentforsaleofsecuritiesincludedinnetincomebeforetax": -20000000,
        "othercomprehensiveincomelossreclassificationadjustmentforsaleofsecuritiesincludedinnetincometax": -7000000,
        "othercomprehensiveincomelossreclassificationadjustmentforsaleofsecuritiesincludedinnetincomenetoftax": -13000000,
        "othercomprehensiveincomeforeigncurrencytransactionandtranslationgainlossarisingduringperiodnetoftax": 7000000,
        "othercomprehensiveincomelossnetoftax": 106000000,
        "comprehensiveincomenetoftax": 1663000000,
        "premiumsearnednet": 443000000,
        "salesrevenueservicesnet": 1196000000,
        "salesrevenuegoodsnet": 4000000,
        "investmentincomeinterestanddividend": 119000000,
        "revenues": -5436000000,
        "policyholderbenefitsandclaimsincurredhealthcare": 19471000000,
        "sellinggeneralandadministrativeexpense": 4277000000,
        "costofgoodssold": 627000000,
        "depreciationandamortization": 317000000,
        "costsandexpenses": 24692000000,
        "operatingincomeloss": 408000000,
        "interestexpense": 158000000,
        "incomelossfromcontinuingoperationsbeforeincometaxesminorityinterestandincomelossfromequitymethodinvestments": 114000000,
        "incometaxexpensebenefit": 895000000,
        "earningspersharebasic": 1.52,
        "earningspersharediluted": 1.5,
        "weightedaveragenumberofsharesoutstandingbasic": 1022000000,
        "weightedaveragenumberdilutedsharesoutstandingadjustment": 17000000,
        "weightedaveragenumberofdilutedsharesoutstanding": 1039000000,
        "antidilutivesecuritiesexcludedfromcomputationofearningspershareamount": 23000000,
        "commonstockdividendspersharedeclared": 0.2125
    },
    {
        "date": "2012-06-29",
        "symbol": "UNH",
        "period": "Q2",
        "netincomeloss": 1337000000,
        "othercomprehensiveincomeunrealizedholdinggainlossonsecuritiesarisingduringperiodbeforetax": 81000000,
        "othercomprehensiveincomeunrealizedholdinggainlossonsecuritiesarisingduringperiodtax": 35000000,
        "othercomprehensiveincomeunrealizedholdinggainlossonsecuritiesarisingduringperiodnetoftax": 46000000,
        "othercomprehensiveincomelossreclassificationadjustmentforsaleofsecuritiesincludedinnetincomebeforetax": -50000000,
        "othercomprehensiveincomelossreclassificationadjustmentforsaleofsecuritiesincludedinnetincometax": -19000000,
        "othercomprehensiveincomelossreclassificationadjustmentforsaleofsecuritiesincludedinnetincomenetoftax": -31000000,
        "othercomprehensiveincomeforeigncurrencytransactionandtranslationgainlossarisingduringperiodnetoftax": -4000000,
        "othercomprehensiveincomelossnetoftax": 11000000,
        "comprehensiveincomenetoftax": 1348000000,
        "premiumsearnednet": 425000000,
        "salesrevenueservicesnet": 1184000000,
        "salesrevenuegoodsnet": 678000000,
        "investmentincomeinterestanddividend": 30000000,
        "revenues": -5552000000,
        "policyholderbenefitsandclaimsincurredhealthcare": 20013000000,
        "sellinggeneralandadministrativeexpense": 4080000000,
        "costofgoodssold": 620000000,
        "depreciationandamortization": 326000000,
        "costsandexpenses": 25039000000,
        "operatingincomeloss": 123000000,
        "interestexpense": 153000000,
        "incomelossfromcontinuingoperationsbeforeincometaxesminorityinterestandincomelossfromequitymethodinvestments": 320000000,
        "incometaxexpensebenefit": 736000000,
        "earningspersharebasic": 1.3,
        "earningspersharediluted": 1.27,
        "weightedaveragenumberofsharesoutstandingbasic": 1028000000,
        "weightedaveragenumberdilutedsharesoutstandingadjustment": 21000000,
        "weightedaveragenumberofdilutedsharesoutstanding": 1049000000,
        "antidilutivesecuritiesexcludedfromcomputationofearningspershareamount": 10000000,
        "commonstockdividendspersharedeclared": 0.2125
    },
    {
        "date": "2012-03-30",
        "symbol": "UNH",
        "period": "Q1",
        "netincomeloss": 1388000000,
        "othercomprehensiveincomeunrealizedholdinggainlossonsecuritiesarisingduringperiodbeforetax": 30000000,
        "othercomprehensiveincomeunrealizedholdinggainlossonsecuritiesarisingduringperiodtax": 11000000,
        "othercomprehensiveincomeunrealizedholdinggainlossonsecuritiesarisingduringperiodnetoftax": -6000000,
        "othercomprehensiveincomereclassificationadjustmentforsaleofsecuritiesincludedinnetincomebeforetax": -39000000,
        "othercomprehensiveincomereclassificationadjustmentforsaleofsecuritiesincludedinnetincometax": -14000000,
        "othercomprehensiveincomereclassificationadjustmentforsaleofsecuritiesincludedinnetincomenetoftax": -25000000,
        "othercomprehensiveincomeforeigncurrencytransactionandtranslationgainlossarisingduringperiodnetoftax": 3000000,
        "othercomprehensiveincomelossnetoftaxperiodincreasedecrease": -3000000,
        "comprehensiveincomenetoftax": 1385000000,
        "premiumsearnednet": 420000000,
        "salesrevenueservicesnet": 390000000,
        "salesrevenuegoodsnet": 688000000,
        "investmentincomeinterestanddividend": 28000000,
        "revenues": -5582000000,
        "policyholderbenefitsandclaimsincurredhealthcare": 19939000000,
        "sellinggeneralandadministrativeexpense": 4096000000,
        "costofgoodssold": 634000000,
        "depreciationandamortization": 296000000,
        "costsandexpenses": 24965000000,
        "operatingincomeloss": 71000000,
        "interestexpense": 148000000,
        "incomelossfromcontinuingoperationsbeforeincometaxesminorityinterestandincomelossfromequitymethodinvestments": -148000000,
        "incometaxexpensebenefit": 781000000,
        "earningspersharebasic": 1.34,
        "earningspersharediluted": 1.31,
        "weightedaveragenumberofsharesoutstandingbasic": 1039000000,
        "weightedaveragenumberdilutedsharesoutstandingadjustment": 21000000,
        "weightedaveragenumberofdilutedsharesoutstanding": 1060000000,
        "antidilutivesecuritiesexcludedfromcomputationofearningspershareamount": 24000000,
        "commonstockdividendspersharedeclared": 0.1625
    },
    {
        "date": "2011-09-29",
        "symbol": "UNH",
        "period": "Q3",
        "premiumsearnednet": 365000000,
        "salesrevenueservicesnet": 1058000000,
        "salesrevenuegoodsnet": 667000000,
        "investmentincomeinterestanddividend": 144000000,
        "revenues": 23643000000,
        "policyholderbenefitsandclaimsincurredhealthcare": 18408000000,
        "sellinggeneralandadministrativeexpense": 3899000000,
        "costofgoodssold": 609000000,
        "depreciationandamortization": 294000000,
        "costsandexpenses": 23210000000,
        "operatingincomeloss": 1750000000,
        "interestexpense": 129000000,
        "incomelossfromcontinuingoperationsbeforeincometaxesminorityinterestandincomelossfromequitymethodinvestments": 91000000,
        "incometaxexpensebenefit": 670000000,
        "netincomeloss": 1271000000,
        "earningspersharebasic": 1.19,
        "earningspersharediluted": 1.17,
        "weightedaveragenumberofsharesoutstandingbasic": 1065000000,
        "weightedaveragenumberdilutedsharesoutstandingadjustment": 18000000,
        "weightedaveragenumberofdilutedsharesoutstanding": 1083000000,
        "antidilutivesecuritiesexcludedfromcomputationofearningspershareamount": 43000000,
        "commonstockdividendspersharecashpaid": 0.125
    },
    {
        "date": "2011-03-30",
        "symbol": "UNH",
        "period": "Q1",
        "premiumsearnednet": 347000000,
        "salesrevenueservicesnet": 87000000,
        "salesrevenuegoodsnet": 6000000,
        "investmentincomeinterestanddividend": 20000000,
        "revenues": 1507000000,
        "policyholderbenefitsandclaimsincurredhealthcare": 18725000000,
        "sellinggeneralandadministrativeexpense": 3617000000,
        "costofgoodssold": 599000000,
        "depreciationandamortization": 270000000,
        "costsandexpenses": 23211000000,
        "operatingincomeloss": 109000000,
        "interestexpense": 118000000,
        "incomelossfromcontinuingoperationsbeforeincometaxesminorityinterestandincomelossfromequitymethodinvestments": 109000000,
        "incometaxexpensebenefit": 757000000,
        "netincomeloss": 1346000000,
        "earningspersharebasic": 1.24,
        "earningspersharediluted": 1.22,
        "weightedaveragenumberofsharesoutstandingbasic": 1086000000,
        "weightedaveragenumberdilutedsharesoutstandingadjustment": 13000000,
        "weightedaveragenumberofdilutedsharesoutstanding": 1099000000,
        "antidilutivesecuritiesexcludedfromcomputationofearningspershareamount": 60000000,
        "commonstockdividendspersharecashpaid": 0.125
    },
    {
        "date": "2010-09-29",
        "symbol": "UNH",
        "period": "Q3",
        "premiumsearnednet": 635000000,
        "salesrevenueservicesnet": 358000000,
        "salesrevenuegoodsnet": 23000000,
        "investmentincomeinterestanddividend": 1000000,
        "revenues": 592000000,
        "policyholderbenefitsandclaimsincurredhealthcare": 17192000000,
        "sellinggeneralandadministrativeexpense": 3548000000,
        "costofgoodssold": 536000000,
        "depreciationandamortization": 247000000,
        "costsandexpenses": 21523000000,
        "operatingincomeloss": 70000000,
        "interestexpense": 119000000,
        "incomelossfromcontinuingoperationsbeforeincometaxesminorityinterestandincomelossfromequitymethodinvestments": 70000000,
        "incometaxexpensebenefit": 749000000,
        "netincomeloss": 1277000000,
        "earningspersharebasic": 1.15,
        "earningspersharediluted": 1.14,
        "weightedaveragenumberofsharesoutstandingbasic": 1115000000,
        "weightedaveragenumberdilutedsharesoutstandingadjustment": 9000000,
        "weightedaveragenumberofdilutedsharesoutstanding": 1124000000,
        "antidilutivesecuritiesexcludedfromcomputationofearningspershareamount": 97000000,
        "commonstockdividendspersharecashpaid": 0.125
    },
    {
        "date": "2010-06-29",
        "symbol": "UNH",
        "period": "Q2",
        "premiumsearnednet": 627000000,
        "salesrevenueservicesnet": 308000000,
        "salesrevenuegoodsnet": 11000000,
        "investmentincomeinterestanddividend": 1000000,
        "revenues": 529000000,
        "policyholderbenefitsandclaimsincurredhealthcare": 17221000000,
        "sellinggeneralandadministrativeexpense": 3359000000,
        "costofgoodssold": 534000000,
        "depreciationandamortization": 249000000,
        "costsandexpenses": 21363000000,
        "operatingincomeloss": 60000000,
        "interestexpense": 119000000,
        "incomelossfromcontinuingoperationsbeforeincometaxesminorityinterestandincomelossfromequitymethodinvestments": 60000000,
        "incometaxexpensebenefit": 659000000,
        "netincomeloss": 1123000000,
        "earningspersharebasic": 1,
        "earningspersharediluted": 0.99,
        "weightedaveragenumberofsharesoutstandingbasic": 1127000000,
        "weightedaveragenumberdilutedsharesoutstandingadjustment": 8000000,
        "weightedaveragenumberofdilutedsharesoutstanding": 1135000000,
        "antidilutivesecuritiesexcludedfromcomputationofearningspershareamount": 100000000,
        "commonstockdividendspersharecashpaid": 0.155
    },
    {
        "date": "2010-03-30",
        "symbol": "UNH",
        "period": "Q1",
        "premiumsearnednet": 21128000000,
        "salesrevenueservicesnet": 1364000000,
        "salesrevenuegoodsnet": 528000000,
        "investmentincomeinterestanddividend": 173000000,
        "revenues": 23193000000,
        "policyholderbenefitsandclaimsincurredhealthcare": 17170000000,
        "sellinggeneralandadministrativeexpense": 3276000000,
        "costofgoodssold": 483000000,
        "depreciationandamortization": 248000000,
        "costsandexpenses": 21177000000,
        "operatingincomeloss": 2016000000,
        "interestexpense": 125000000,
        "incomelossfromcontinuingoperationsbeforeincometaxesminorityinterestandincomelossfromequitymethodinvestments": 1891000000,
        "incometaxexpensebenefit": 700000000,
        "netincomeloss": 1191000000,
        "earningspersharebasic": 1.04,
        "earningspersharediluted": 1.03,
        "weightedaveragenumberofsharesoutstandingbasic": 1145000000,
        "weightedaveragenumberdilutedsharesoutstandingadjustment": 11000000,
        "weightedaveragenumberofdilutedsharesoutstanding": 1156000000,
        "antidilutivesecuritiesexcludedfromcomputationofearningspershareamount": 82000000
    },
    {
        "date": "2009-09-29",
        "symbol": "UNH",
        "period": "Q3",
        "premiumsearnednet": 19729000000,
        "salesrevenueservicesnet": 1336000000,
        "salesrevenuegoodsnet": 490000000,
        "investmentincomeinterestanddividend": 140000000,
        "revenues": 21695000000,
        "policyholderbenefitsandclaimsincurrednet": 16171000000,
        "sellinggeneralandadministrativeexpense": 3156000000,
        "costofgoodssold": 442000000,
        "depreciationandamortization": 250000000,
        "costsandexpenses": 20019000000,
        "operatingincomeloss": 1676000000,
        "interestexpense": 137000000,
        "incomelossfromcontinuingoperationsbeforeincometaxesminorityinterestandincomelossfromequitymethodinvestments": 1539000000,
        "incometaxexpensebenefit": 504000000,
        "netincomeloss": 1035000000,
        "earningspersharebasic": 0.9,
        "earningspersharediluted": 0.89,
        "weightedaveragenumberofsharesoutstandingbasic": 1153000000,
        "weightedaveragenumberdilutedsharesoutstandingadjustment": 11000000,
        "weightedaveragenumberofdilutedsharesoutstanding": 1164000000,
        "antidilutivesecuritiesexcludedfromcomputationofearningspershareamount": 110000000
    },
    {
        "date": "2009-06-29",
        "symbol": "UNH",
        "period": "Q2",
        "premiumsearnednet": 19746000000,
        "salesrevenueservicesnet": 1307000000,
        "salesrevenuegoodsnet": 449000000,
        "investmentincomeinterestanddividend": 153000000,
        "revenues": 21655000000,
        "policyholderbenefitsandclaimsincurrednet": 16507000000,
        "sellinggeneralandadministrativeexpense": 3037000000,
        "costofgoodssold": 422000000,
        "depreciationandamortization": 249000000,
        "costsandexpenses": 20215000000,
        "operatingincomeloss": 1440000000,
        "interestexpense": 139000000,
        "incomelossfromcontinuingoperationsbeforeincometaxesminorityinterestandincomelossfromequitymethodinvestments": 1301000000,
        "incometaxexpensebenefit": 442000000,
        "netincomeloss": 859000000,
        "earningspersharebasic": 0.73,
        "earningspersharediluted": 0.73,
        "weightedaveragenumberofsharesoutstandingbasic": 1170000000,
        "weightedaveragenumberdilutedsharesoutstandingadjustment": 10000000,
        "weightedaveragenumberofdilutedsharesoutstanding": 1180000000,
        "antidilutivesecuritiesexcludedfromcomputationofearningspershareamount": 117000000
    }
]