[
    {
        "date": "2024-09-27",
        "symbol": "TMO",
        "period": "Q3",
        "revenuefromcontractwithcustomerexcludingassessedtax": 19366000000,
        "costofgoodsandservicessold": 3396000000,
        "sellinggeneralandadministrativeexpense": 2099000000,
        "researchanddevelopmentexpense": 346000000,
        "restructuringandothercostsincomenet": 45000000,
        "costsandexpenses": 8759000000,
        "operatingincomeloss": 1838000000,
        "investmentincomeinterest": 277000000,
        "othernonoperatingincomeexpense": -16000000,
        "incomelossfromcontinuingoperationsbeforeincometaxesminorityinterestandincomelossfromequitymethodinvestments": 1742000000,
        "incometaxexpensebenefit": 99000000,
        "incomelossfromequitymethodinvestments": -14000000,
        "profitloss": 1629000000,
        "netincomelossattributabletononcontrollinginterest": 0,
        "netincomelossavailabletocommonstockholdersbasic": 1630000000,
        "earningspersharebasic": 4.259999999999998,
        "earningspersharediluted": 4.25,
        "weightedaveragenumberofsharesoutstandingbasic": 382000000,
        "weightedaveragenumberofdilutedsharesoutstanding": 383000000,
        "othercomprehensiveincomeforeigncurrencytransactionandtranslationgainlossarisingduringperiodnetoftax": -54000000,
        "othercomprehensiveincomelossnetoftaxincludingredeemableandnonredeemablenci": -58000000,
        "comprehensiveincomenetoftaxincludingportionattributabletononcontrollinginterest": 1572000000,
        "comprehensiveincomenetoftaxattributabletononcontrollinginterest": 6000000,
        "comprehensiveincomenetoftax": 1566000000,
        "othercomprehensiveincomeforeigncurrencytranslationgainlossarisingduringperiodtax": -245000000
    },
    {
        "date": "2024-06-28",
        "symbol": "TMO",
        "period": "Q2",
        "revenuefromcontractwithcustomerexcludingassessedtax": 6163000000,
        "costofgoodsandservicessold": 3080000000,
        "sellinggeneralandadministrativeexpense": 2110000000,
        "researchanddevelopmentexpense": 339000000,
        "restructuringandothercostsincomenet": 77000000,
        "costsandexpenses": 8722000000,
        "operatingincomeloss": 1820000000,
        "investmentincomeinterest": 295000000,
        "othernonoperatingincomeexpense": 4000000,
        "incomelossfromcontinuingoperationsbeforeincometaxesminorityinterestandincomelossfromequitymethodinvestments": 1765000000,
        "incometaxexpensebenefit": 127000000,
        "incomelossfromequitymethodinvestments": -84000000,
        "profitloss": 1554000000,
        "netincomelossattributabletononcontrollinginterest": 5000000,
        "netincomelossavailabletocommonstockholdersbasic": 1547000000,
        "earningspersharebasic": 4.0600000000000005,
        "earningspersharediluted": 4.04,
        "weightedaveragenumberofsharesoutstandingbasic": 382000000,
        "weightedaveragenumberofdilutedsharesoutstanding": 383000000,
        "othercomprehensiveincomeforeigncurrencytransactionandtranslationgainlossarisingduringperiodnetoftax": 346000000,
        "othercomprehensiveincomeunrealizedholdinggainlossonsecuritiesarisingduringperiodnetoftax": 0,
        "othercomprehensiveincomelosscashflowhedgegainlossreclassificationaftertax": 0,
        "othercomprehensiveincomelosspensionandotherpostretirementbenefitplansadjustmentbeforereclassificationadjustmentsnetoftax": 0,
        "othercomprehensiveincomelossnetoftaxincludingredeemableandnonredeemablenci": 348000000,
        "comprehensiveincomenetoftaxincludingportionattributabletononcontrollinginterest": 1901000000,
        "comprehensiveincomenetoftaxattributabletononcontrollinginterest": 2000000,
        "comprehensiveincomenetoftax": 1899000000,
        "othercomprehensiveincomeforeigncurrencytranslationgainlossarisingduringperiodtax": 89000000
    },
    {
        "date": "2024-03-29",
        "symbol": "TMO",
        "period": "Q1",
        "revenuefromcontractwithcustomerexcludingassessedtax": 5955000000,
        "costofgoodsandservicessold": 2939000000,
        "sellinggeneralandadministrativeexpense": 2183000000,
        "researchanddevelopmentexpense": 331000000,
        "restructuringandothercostsincomenet": 29000000,
        "costsandexpenses": 8682000000,
        "operatingincomeloss": 1663000000,
        "investmentincomeinterest": 279000000,
        "interestexpense": 363000000,
        "othernonoperatingincomeexpense": 10000000,
        "incomelossfromcontinuingoperationsbeforeincometaxesminorityinterestandincomelossfromequitymethodinvestments": 1589000000,
        "incometaxexpensebenefit": 281000000,
        "incomelossfromequitymethodinvestments": 23000000,
        "profitloss": 1331000000,
        "netincomelossattributabletononcontrollinginterest": 4000000,
        "netincomelossavailabletocommonstockholdersbasic": 1328000000,
        "earningspersharebasic": 3.47,
        "earningspersharediluted": 3.46,
        "weightedaveragenumberofsharesoutstandingbasic": 382000000,
        "weightedaveragenumberofdilutedsharesoutstanding": 384000000,
        "othercomprehensiveincomeforeigncurrencytransactionandtranslationgainlossarisingduringperiodnetoftax": 456000000,
        "othercomprehensiveincomeunrealizedholdinggainlossonsecuritiesarisingduringperiodnetoftax": -1000000,
        "othercomprehensiveincomelosscashflowhedgegainlossreclassificationaftertax": -1000000,
        "othercomprehensiveincomelosspensionandotherpostretirementbenefitplansadjustmentbeforereclassificationadjustmentsnetoftax": -1000000,
        "othercomprehensiveincomelossnetoftaxincludingredeemableandnonredeemablenci": 457000000,
        "comprehensiveincomenetoftaxincludingportionattributabletononcontrollinginterest": 1788000000,
        "comprehensiveincomenetoftaxattributabletononcontrollinginterest": 1000000,
        "comprehensiveincomenetoftax": 1787000000,
        "othercomprehensiveincomeforeigncurrencytranslationgainlossarisingduringperiodtax": 166000000
    },
    {
        "date": "2023-12-30",
        "symbol": "TMO",
        "period": "Q4",
        "revenuefromcontractwithcustomerexcludingassessedtax": 6411000000,
        "costofgoodsandservicessold": 3339000000,
        "sellinggeneralandadministrativeexpense": 2132000000,
        "researchanddevelopmentexpense": 327000000,
        "restructuringandothercostsincomenet": 80000000,
        "costsandexpenses": 9032000000,
        "operatingincomeloss": 1854000000,
        "investmentincomeinterest": 309000000,
        "interestexpense": 390000000,
        "incomelossfromcontinuingoperationsbeforeincometaxesminorityinterestandincomelossfromequitymethodinvestments": 1740000000,
        "incometaxexpensebenefit": 133000000,
        "incomelossfromequitymethodinvestments": -1000000,
        "profitloss": 1606000000,
        "netincomelossattributabletononcontrollinginterest": -24000000,
        "netincomelossavailabletocommonstockholdersbasic": 1630000000,
        "earningspersharebasic": 4.209999999999999,
        "earningspersharediluted": 4.199999999999999,
        "weightedaveragenumberofsharesoutstandingbasic": 386000000,
        "weightedaveragenumberofdilutedsharesoutstanding": 388000000,
        "othercomprehensiveincomeforeigncurrencytransactionandtranslationgainlossarisingduringperiodnetoftax": -126000000,
        "othercomprehensiveincomelosscashflowhedgegainlossreclassificationaftertax": 0,
        "othercomprehensiveincomelosspensionandotherpostretirementbenefitplansadjustmentbeforereclassificationadjustmentsnetoftax": 71000000,
        "comprehensiveincomenetoftaxincludingportionattributabletononcontrollinginterest": 1411000000,
        "comprehensiveincomenetoftaxattributabletononcontrollinginterest": -22000000,
        "comprehensiveincomenetoftax": 1433000000,
        "othercomprehensiveincomelosspensionandotherpostretirementbenefitplansbeforereclassificationadjustmentstax": -23000000
    },
    {
        "date": "2023-09-29",
        "symbol": "TMO",
        "period": "Q3",
        "revenuefromcontractwithcustomerexcludingassessedtax": 10279000000,
        "costofgoodsandservicessold": 3438000000,
        "sellinggeneralandadministrativeexpense": 2049000000,
        "researchanddevelopmentexpense": 319000000,
        "restructuringandothercostsincomenet": 373000000,
        "costsandexpenses": 8710000000,
        "operatingincomeloss": 305000000,
        "investmentincomeinterest": 246000000,
        "interestexpense": 359000000,
        "incomelossfromcontinuingoperationsbeforeincometaxesminorityinterestandincomelossfromequitymethodinvestments": 1765000000,
        "incometaxexpensebenefit": 53000000,
        "incomelossfromequitymethodinvestments": -17000000,
        "profitloss": 1695000000,
        "netincomelossattributabletononcontrollinginterest": -20000000,
        "netincomelossavailabletocommonstockholdersbasic": 1715000000,
        "earningspersharebasic": 4.440000000000001,
        "earningspersharediluted": 4.42,
        "weightedaveragenumberofsharesoutstandingbasic": -386000000,
        "weightedaveragenumberofdilutedsharesoutstanding": -388000000,
        "othercomprehensiveincomeforeigncurrencytransactionandtranslationgainlossarisingduringperiodnetoftax": -112000000,
        "othercomprehensiveincomelosscashflowhedgegainlossreclassificationaftertax": -1000000,
        "othercomprehensiveincomelosspensionandotherpostretirementbenefitplansadjustmentbeforereclassificationadjustmentsnetoftax": -2000000,
        "othercomprehensiveincomelossnetoftaxincludingredeemableandnonredeemablenci": -109000000,
        "comprehensiveincomenetoftaxincludingportionattributabletononcontrollinginterest": 1586000000,
        "comprehensiveincomenetoftaxattributabletononcontrollinginterest": -26000000,
        "comprehensiveincomenetoftax": 1612000000,
        "othercomprehensiveincomelosspensionandotherpostretirementbenefitplansbeforereclassificationadjustmentstax": 1000000
    },
    {
        "date": "2023-06-30",
        "symbol": "TMO",
        "period": "Q2",
        "revenuefromcontractwithcustomerexcludingassessedtax": 4300000000,
        "costofgoodsandservicessold": 3158000000,
        "sellinggeneralandadministrativeexpense": 2145000000,
        "researchanddevelopmentexpense": 345000000,
        "restructuringandothercostsincomenet": 5000000,
        "costsandexpenses": 9109000000,
        "operatingincomeloss": 2370000000,
        "investmentincomeinterest": 178000000,
        "interestexpense": 326000000,
        "incomelossfromcontinuingoperationsbeforeincometaxesminorityinterestandincomelossfromequitymethodinvestments": 1430000000,
        "incometaxexpensebenefit": 52000000,
        "incomelossfromequitymethodinvestments": -16000000,
        "profitloss": 1362000000,
        "netincomelossattributabletononcontrollinginterest": 1000000,
        "netincomelossavailabletocommonstockholdersbasic": 1361000000,
        "earningspersharebasic": 3.53,
        "earningspersharediluted": 3.51,
        "weightedaveragenumberofsharesoutstandingbasic": 386000000,
        "weightedaveragenumberofdilutedsharesoutstanding": 388000000,
        "othercomprehensiveincomeforeigncurrencytransactionandtranslationgainlossarisingduringperiodnetoftax": 125000000,
        "othercomprehensiveincomelosscashflowhedgegainlossreclassificationaftertax": -1000000,
        "othercomprehensiveincomelosspensionandotherpostretirementbenefitplansadjustmentbeforereclassificationadjustmentsnetoftax": 1000000,
        "othercomprehensiveincomelossreclassificationadjustmentfromaocipensionandotherpostretirementbenefitplansnetoftax": -2000000,
        "othercomprehensiveincomelossnetoftaxincludingredeemableandnonredeemablenci": 123000000,
        "comprehensiveincomenetoftaxincludingportionattributabletononcontrollinginterest": 1485000000,
        "comprehensiveincomenetoftaxattributabletononcontrollinginterest": -6000000,
        "comprehensiveincomenetoftax": 1491000000,
        "othercomprehensiveincomelosspensionandotherpostretirementbenefitplansbeforereclassificationadjustmentstax": -1000000
    },
    {
        "date": "2023-03-31",
        "symbol": "TMO",
        "period": "Q1",
        "revenuefromcontractwithcustomerexcludingassessedtax": 4253000000,
        "costofgoodsandservicessold": 3233000000,
        "sellinggeneralandadministrativeexpense": 2119000000,
        "researchanddevelopmentexpense": 346000000,
        "restructuringandothercostsincomenet": 1000000,
        "costsandexpenses": 9147000000,
        "operatingincomeloss": 2330000000,
        "investmentincomeinterest": 146000000,
        "interestexpense": 300000000,
        "othernonoperatingincomeexpense": -46000000,
        "incomelossfromcontinuingoperationsbeforeincometaxesminorityinterestandincomelossfromequitymethodinvestments": 1363000000,
        "incometaxexpensebenefit": 46000000,
        "incomelossfromequitymethodinvestments": -25000000,
        "profitloss": 1292000000,
        "netincomelossattributabletononcontrollinginterest": 3000000,
        "netincomelossavailabletocommonstockholdersbasic": 1289000000,
        "earningspersharebasic": 3.34,
        "earningspersharediluted": 3.32,
        "weightedaveragenumberofsharesoutstandingbasic": 386000000,
        "weightedaveragenumberofdilutedsharesoutstanding": 388000000,
        "othercomprehensiveincomeforeigncurrencytransactionandtranslationgainlossarisingduringperiodnetoftax": 44000000,
        "othercomprehensiveincomelosscashflowhedgegainlossreclassificationaftertax": -3000000,
        "othercomprehensiveincomelosspensionandotherpostretirementbenefitplansadjustmentbeforereclassificationadjustmentsnetoftax": -1000000,
        "othercomprehensiveincomelossnetoftaxincludingredeemableandnonredeemablenci": 48000000,
        "comprehensiveincomenetoftaxincludingportionattributabletononcontrollinginterest": 1340000000,
        "comprehensiveincomenetoftaxattributabletononcontrollinginterest": 6000000,
        "comprehensiveincomenetoftax": 1334000000,
        "othercomprehensiveincomeforeigncurrencytranslationgainlossarisingduringperiodtax": -36000000,
        "othercomprehensiveincomelosscashflowhedgegainlossreclassificationtax": -1000000,
        "othercomprehensiveincomelosspensionandotherpostretirementbenefitplansbeforereclassificationadjustmentstax": 1000000
    },
    {
        "date": "2022-12-30",
        "symbol": "TMO",
        "period": "Q4",
        "revenuefromcontractwithcustomerexcludingassessedtax": 4432000000,
        "costofgoodsandservicessold": 3162000000,
        "sellinggeneralandadministrativeexpense": 2299000000,
        "researchanddevelopmentexpense": 391000000,
        "restructuringandothercostsincomenet": -17000000,
        "costsandexpenses": 9589000000,
        "operatingincomeloss": 2560000000,
        "investmentincomeinterest": 150000000,
        "interestexpense": 269000000,
        "othernonoperatingincomeexpense": 35000000,
        "incomelossfromcontinuingoperationsbeforeincometaxesminorityinterestandincomelossfromequitymethodinvestments": 1777000000,
        "incometaxexpensebenefit": 173000000,
        "incomelossfromequitymethodinvestments": -30000000,
        "profitloss": 1574000000,
        "netincomelossattributabletononcontrollinginterest": -2000000,
        "netincomelossavailabletocommonstockholdersbasic": 1576000000,
        "earningspersharebasic": 4.029999999999999,
        "earningspersharediluted": 4.010000000000001,
        "weightedaveragenumberofdilutedsharesoutstanding": -1000000,
        "othercomprehensiveincomeforeigncurrencytransactionandtranslationgainlossarisingduringperiodnetoftax": -190000000,
        "othercomprehensiveincomelosspensionandotherpostretirementbenefitplansadjustmentbeforereclassificationadjustmentsnetoftax": -25000000,
        "othercomprehensiveincomelossreclassificationadjustmentfromaocipensionandotherpostretirementbenefitplansnetoftax": -3000000,
        "comprehensiveincomenetoftaxincludingportionattributabletononcontrollinginterest": 1406000000,
        "comprehensiveincomenetoftax": 1405000000,
        "othercomprehensiveincomeforeigncurrencytranslationgainlossarisingduringperiodtax": -246000000,
        "othercomprehensiveincomelosspensionandotherpostretirementbenefitplansbeforereclassificationadjustmentstax": 15000000,
        "othercomprehensiveincomelossreclassificationadjustmentfromaocipensionandotherpostretirementbenefitplanstax": -1000000
    },
    {
        "date": "2022-09-30",
        "symbol": "TMO",
        "period": "Q3",
        "revenuefromcontractwithcustomerexcludingassessedtax": 3936000000,
        "costofgoodsandservicessold": 2881000000,
        "sellinggeneralandadministrativeexpense": 2208000000,
        "researchanddevelopmentexpense": 351000000,
        "restructuringandothercostsincomenet": 7000000,
        "costsandexpenses": 8967000000,
        "operatingincomeloss": 2370000000,
        "investmentincomeinterest": 68000000,
        "interestexpense": 173000000,
        "othernonoperatingincomeexpense": -4000000,
        "incomelossfromcontinuingoperationsbeforeincometaxesminorityinterestandincomelossfromequitymethodinvestments": 1601000000,
        "incometaxexpensebenefit": 31000000,
        "incomelossfromequitymethodinvestments": -72000000,
        "profitloss": 1498000000,
        "netincomelossattributabletononcontrollinginterest": 3000000,
        "netincomelossavailabletocommonstockholdersbasic": 1495000000,
        "earningspersharebasic": 3.8200000000000003,
        "earningspersharediluted": 3.7899999999999983,
        "weightedaveragenumberofdilutedsharesoutstanding": 1000000,
        "othercomprehensiveincomeforeigncurrencytransactionandtranslationgainlossarisingduringperiodnetoftax": -216000000,
        "othercomprehensiveincomelosspensionandotherpostretirementbenefitplansadjustmentbeforereclassificationadjustmentsnetoftax": -4000000,
        "othercomprehensiveincomelossreclassificationadjustmentfromaocipensionandotherpostretirementbenefitplansnetoftax": 4000000,
        "othercomprehensiveincomelossnetoftaxincludingredeemableandnonredeemablenci": -207000000,
        "comprehensiveincomenetoftaxincludingportionattributabletononcontrollinginterest": 1291000000,
        "comprehensiveincomenetoftax": 1291000000,
        "othercomprehensiveincomeforeigncurrencytranslationgainlossarisingduringperiodtax": 157000000,
        "othercomprehensiveincomelosspensionandotherpostretirementbenefitplansbeforereclassificationadjustmentstax": -3000000,
        "othercomprehensiveincomelossreclassificationadjustmentfromaocipensionandotherpostretirementbenefitplanstax": -4000000
    },
    {
        "date": "2022-07-01",
        "symbol": "TMO",
        "period": "Q2",
        "revenuefromcontractwithcustomerexcludingassessedtax": 4123000000,
        "costofgoodsandservicessold": 2855000000,
        "sellinggeneralandadministrativeexpense": 2209000000,
        "researchanddevelopmentexpense": 365000000,
        "restructuringandothercostsincomenet": 15000000,
        "costsandexpenses": 8969000000,
        "operatingincomeloss": 2605000000,
        "investmentincomeinterest": 36000000,
        "interestexpense": 148000000,
        "othernonoperatingincomeexpense": 28000000,
        "incomelossfromcontinuingoperationsbeforeincometaxesminorityinterestandincomelossfromequitymethodinvestments": 1917000000,
        "incometaxexpensebenefit": 198000000,
        "incomelossfromequitymethodinvestments": -51000000,
        "profitloss": 1668000000,
        "netincomelossattributabletononcontrollinginterest": 4000000,
        "netincomelossavailabletocommonstockholdersbasic": 1664000000,
        "earningspersharebasic": 4.24,
        "earningspersharediluted": 4.22,
        "weightedaveragenumberofsharesoutstandingbasic": 0,
        "weightedaveragenumberofdilutedsharesoutstanding": -1000000,
        "othercomprehensiveincomeforeigncurrencytransactionandtranslationgainlossarisingduringperiodnetoftax": -393000000,
        "othercomprehensiveincomelosscashflowhedgegainlossreclassificationaftertax": 0,
        "othercomprehensiveincomelosspensionandotherpostretirementbenefitplansadjustmentbeforereclassificationadjustmentsnetoftax": -6000000,
        "othercomprehensiveincomelossreclassificationadjustmentfromaocipensionandotherpostretirementbenefitplansnetoftax": 2000000,
        "othercomprehensiveincomelossnetoftaxincludingredeemableandnonredeemablenci": -385000000,
        "comprehensiveincomenetoftaxincludingportionattributabletononcontrollinginterest": 1283000000,
        "comprehensiveincomenetoftaxattributabletononcontrollinginterest": 0,
        "comprehensiveincomenetoftax": 1283000000,
        "othercomprehensiveincomeforeigncurrencytranslationgainlossarisingduringperiodtax": 173000000,
        "othercomprehensiveincomelosspensionandotherpostretirementbenefitplansbeforereclassificationadjustmentstax": -2000000,
        "othercomprehensiveincomelossreclassificationadjustmentfromaocipensionandotherpostretirementbenefitplanstax": 1000000
    },
    {
        "date": "2022-04-01",
        "symbol": "TMO",
        "period": "Q1",
        "revenuefromcontractwithcustomerexcludingassessedtax": 4811000000,
        "costofgoodsandservicessold": 2799000000,
        "sellinggeneralandadministrativeexpense": 2277000000,
        "researchanddevelopmentexpense": 364000000,
        "restructuringandothercostsincomenet": -2000000,
        "costsandexpenses": 8997000000,
        "operatingincomeloss": 3450000000,
        "investmentincomeinterest": 18000000,
        "interestexpense": 136000000,
        "othernonoperatingincomeexpense": -163000000,
        "incomelossfromcontinuingoperationsbeforeincometaxesminorityinterestandincomelossfromequitymethodinvestments": 2540000000,
        "incometaxexpensebenefit": 301000000,
        "incomelossfromequitymethodinvestments": -19000000,
        "profitloss": 2220000000,
        "netincomelossattributabletononcontrollinginterest": 5000000,
        "netincomelossavailabletocommonstockholdersbasic": 2215000000,
        "earningspersharebasic": 5.66,
        "earningspersharediluted": 5.61,
        "weightedaveragenumberofsharesoutstandingbasic": 392000000,
        "weightedaveragenumberofdilutedsharesoutstanding": 395000000,
        "othercomprehensiveincomeforeigncurrencytransactionandtranslationgainlossarisingduringperiodnetoftax": -23000000,
        "othercomprehensiveincomelosscashflowhedgegainlossreclassificationaftertax": -1000000,
        "othercomprehensiveincomelosspensionandotherpostretirementbenefitplansadjustmentbeforereclassificationadjustmentsnetoftax": -3000000,
        "othercomprehensiveincomelossreclassificationadjustmentfromaocipensionandotherpostretirementbenefitplansnetoftax": 2000000,
        "othercomprehensiveincomelossnetoftaxincludingredeemableandnonredeemablenci": -17000000,
        "comprehensiveincomenetoftaxincludingportionattributabletononcontrollinginterest": 2203000000,
        "comprehensiveincomenetoftaxattributabletononcontrollinginterest": 2000000,
        "comprehensiveincomenetoftax": 2201000000,
        "othercomprehensiveincomeforeigncurrencytranslationgainlossarisingduringperiodtax": 89000000,
        "othercomprehensiveincomelosspensionandotherpostretirementbenefitplansbeforereclassificationadjustmentstax": -1000000,
        "othercomprehensiveincomelossreclassificationadjustmentfromaocipensionandotherpostretirementbenefitplanstax": 1000000
    },
    {
        "date": "2021-12-30",
        "symbol": "TMO",
        "period": "Q4",
        "revenuefromcontractwithcustomerexcludingassessedtax": 4547000000,
        "costofgoodsandservicessold": 1831000000,
        "sellinggeneralandadministrativeexpense": 2278000000,
        "researchanddevelopmentexpense": 392000000,
        "costsandexpenses": 8164000000,
        "operatingincomeloss": 3161000000,
        "investmentincomeinterest": 11000000,
        "interestexpense": 161000000,
        "othernonoperatingincomeexpense": -520000000,
        "incometaxexpensebenefit": 203000000,
        "netincomelossavailabletocommonstockholdersbasic": 1658000000,
        "earningspersharebasic": 4.210000000000001,
        "earningspersharediluted": 4.170000000000001,
        "othercomprehensiveincomeforeigncurrencytransactionandtranslationgainlossarisingduringperiodnetoftax": 252000000,
        "othercomprehensiveincomelosscashflowhedgegainlossreclassificationaftertax": -40000000,
        "othercomprehensiveincomelosspensionandotherpostretirementbenefitplansadjustmentbeforereclassificationadjustmentsnetoftax": -29000000,
        "othercomprehensiveincomelossreclassificationadjustmentfromaocipensionandotherpostretirementbenefitplansnetoftax": 4000000,
        "comprehensiveincomenetoftax": 1984000000,
        "othercomprehensiveincomeforeigncurrencytranslationgainlossarisingduringperiodtax": 62000000,
        "othercomprehensiveincomelossreclassificationadjustmentfromaocipensionandotherpostretirementbenefitplanstax": 2000000
    },
    {
        "date": "2021-10-01",
        "symbol": "TMO",
        "period": "Q3",
        "revenuefromcontractwithcustomerexcludingassessedtax": 3950000000,
        "costofgoodsandservicessold": 1381000000,
        "sellinggeneralandadministrativeexpense": 2004000000,
        "researchanddevelopmentexpense": 351000000,
        "costsandexpenses": 7052000000,
        "operatingincomeloss": 2778000000,
        "investmentincomeinterest": 9000000,
        "interestexpense": 128000000,
        "othernonoperatingincomeexpense": 14000000,
        "incomelossfromcontinuingoperationsbeforeincometaxesextraordinaryitemsnoncontrollinginterest": 2173000000,
        "incometaxexpensebenefit": 271000000,
        "netincomelossavailabletocommonstockholdersbasic": 1902000000,
        "earningspersharebasic": 4.83,
        "earningspersharediluted": 4.789999999999998,
        "othercomprehensiveincomeforeigncurrencytransactionandtranslationgainlossarisingduringperiodnetoftax": -32000000,
        "othercomprehensiveincomelosscashflowhedgegainlossreclassificationaftertax": -2000000,
        "othercomprehensiveincomelosspensionandotherpostretirementbenefitplansadjustmentbeforereclassificationadjustmentsnetoftax": -3000000,
        "othercomprehensiveincomelossreclassificationadjustmentfromaocipensionandotherpostretirementbenefitplansnetoftax": 3000000,
        "othercomprehensiveincomelossnetoftaxportionattributabletoparent": 6000000,
        "comprehensiveincomenetoftax": 1878000000,
        "othercomprehensiveincomeforeigncurrencytranslationgainlossarisingduringperiodtax": 74000000,
        "othercomprehensiveincomelosscashflowhedgegainlossreclassificationtax": 0,
        "othercomprehensiveincomelossreclassificationadjustmentfromaocipensionandotherpostretirementbenefitplanstax": 2000000
    },
    {
        "date": "2021-07-02",
        "symbol": "TMO",
        "period": "Q2",
        "revenuefromcontractwithcustomerexcludingassessedtax": 7214000000,
        "costofgoodsandservicessold": 3352000000,
        "sellinggeneralandadministrativeexpense": 1899000000,
        "researchanddevelopmentexpense": 343000000,
        "restructuringandothercostsincomenet": 119000000,
        "costsandexpenses": 7110000000,
        "operatingincomeloss": 2163000000,
        "investmentincomeinterest": 11000000,
        "interestexpense": 122000000,
        "othernonoperatingincomeexpense": -5000000,
        "incomelossfromcontinuingoperationsbeforeincometaxesextraordinaryitemsnoncontrollinginterest": 2047000000,
        "incometaxexpensebenefit": 219000000,
        "netincomelossavailabletocommonstockholdersbasic": 1828000000,
        "earningspersharebasic": 4.65,
        "earningspersharediluted": 4.62,
        "weightedaveragenumberofsharesoutstandingbasic": 0,
        "weightedaveragenumberofdilutedsharesoutstanding": 0,
        "othercomprehensiveincomeforeigncurrencytransactionandtranslationgainlossarisingduringperiodnetoftax": -71000000,
        "othercomprehensiveincomelosscashflowhedgegainlossreclassificationaftertax": -1000000,
        "othercomprehensiveincomelosspensionandotherpostretirementbenefitplansadjustmentbeforereclassificationadjustmentsnetoftax": 2000000,
        "othercomprehensiveincomelossreclassificationadjustmentfromaocipensionandotherpostretirementbenefitplansnetoftax": 4000000,
        "othercomprehensiveincomelossnetoftaxportionattributabletoparent": -68000000,
        "comprehensiveincomenetoftax": 1760000000,
        "othercomprehensiveincomeforeigncurrencytranslationgainlossarisingduringperiodtax": -23000000,
        "othercomprehensiveincomelosscashflowhedgegainlossreclassificationtax": -1000000,
        "othercomprehensiveincomelosspensionandotherpostretirementbenefitplansbeforereclassificationadjustmentstax": 0,
        "othercomprehensiveincomelossreclassificationadjustmentfromaocipensionandotherpostretirementbenefitplanstax": 1000000
    },
    {
        "date": "2021-04-02",
        "symbol": "TMO",
        "period": "Q1",
        "revenuefromcontractwithcustomerexcludingassessedtax": 7856000000,
        "costofgoodsandservicessold": 3327000000,
        "sellinggeneralandadministrativeexpense": 1826000000,
        "researchanddevelopmentexpense": 320000000,
        "restructuringandothercostsincomenet": 14000000,
        "costsandexpenses": 6857000000,
        "operatingincomeloss": 3049000000,
        "investmentincomeinterest": 12000000,
        "interestexpense": 125000000,
        "othernonoperatingincomeexpense": -183000000,
        "incomelossfromcontinuingoperationsbeforeincometaxesextraordinaryitemsnoncontrollinginterest": 2753000000,
        "incometaxexpensebenefit": 416000000,
        "netincomelossavailabletocommonstockholdersbasic": 2337000000,
        "earningspersharebasic": 5.93,
        "earningspersharediluted": 5.88,
        "weightedaveragenumberofsharesoutstandingbasic": 394000000,
        "weightedaveragenumberofdilutedsharesoutstanding": 397000000,
        "othercomprehensiveincomeforeigncurrencytransactionandtranslationgainlossarisingduringperiodnetoftax": 224000000,
        "othercomprehensiveincomelosscashflowhedgegainlossreclassificationaftertax": -13000000,
        "othercomprehensiveincomelosspensionandotherpostretirementbenefitplansadjustmentbeforereclassificationadjustmentsnetoftax": -6000000,
        "othercomprehensiveincomelossreclassificationadjustmentfromaocipensionandotherpostretirementbenefitplansnetoftax": 2000000,
        "othercomprehensiveincomelossnetoftaxportionattributabletoparent": 245000000,
        "comprehensiveincomenetoftax": 2582000000,
        "othercomprehensiveincomeforeigncurrencytranslationgainlossarisingduringperiodtax": 118000000,
        "othercomprehensiveincomelosscashflowhedgegainlossreclassificationtax": -4000000,
        "othercomprehensiveincomelosspensionandotherpostretirementbenefitplansbeforereclassificationadjustmentstax": -2000000,
        "othercomprehensiveincomelossreclassificationadjustmentfromaocipensionandotherpostretirementbenefitplanstax": 1000000
    },
    {
        "date": "2020-12-30",
        "symbol": "TMO",
        "period": "Q4",
        "revenuefromcontractwithcustomerexcludingassessedtax": 8644000000,
        "costofgoodsandservicessold": 3675000000,
        "sellinggeneralandadministrativeexpense": 2077000000,
        "researchanddevelopmentexpense": 376000000,
        "restructuringandothercostsincomenet": 32000000,
        "costsandexpenses": 7479000000,
        "operatingincomeloss": 3071000000,
        "investmentincomeinterest": 12000000,
        "interestexpense": 146000000,
        "othernonoperatingincomeexpense": -45000000,
        "incomelossfromcontinuingoperationsbeforeincometaxesextraordinaryitemsnoncontrollinginterest": 2892000000,
        "incometaxexpensebenefit": 394000000,
        "netincomelossavailabletocommonstockholdersbasic": 2498000000,
        "earningspersharebasic": 6.300000000000001,
        "earningspersharediluted": 6.250000000000001,
        "weightedaveragenumberofsharesoutstandingbasic": 0,
        "weightedaveragenumberofdilutedsharesoutstanding": 0,
        "othercomprehensiveincomeforeigncurrencytransactionandtranslationgainlossarisingduringperiodnetoftax": 126000000,
        "othercomprehensiveincomelosscashflowhedgegainlossreclassificationaftertax": -35000000,
        "othercomprehensiveincomelosspensionandotherpostretirementbenefitplansadjustmentbeforereclassificationadjustmentsnetoftax": 3000000,
        "othercomprehensiveincomelossreclassificationadjustmentfromaocipensionandotherpostretirementbenefitplansnetoftax": 5000000,
        "othercomprehensiveincomelossnetoftaxportionattributabletoparent": 163000000,
        "comprehensiveincomenetoftax": 2661000000,
        "othercomprehensiveincomeforeigncurrencytranslationgainlossarisingduringperiodtax": -150000000,
        "othercomprehensiveincomelosscashflowhedgegainlossreclassificationtax": -10000000,
        "othercomprehensiveincomelosspensionandotherpostretirementbenefitplansbeforereclassificationadjustmentstax": -1000000,
        "othercomprehensiveincomelossreclassificationadjustmentfromaocipensionandotherpostretirementbenefitplanstax": 0
    },
    {
        "date": "2020-09-25",
        "symbol": "TMO",
        "period": "Q3",
        "revenuefromcontractwithcustomerexcludingassessedtax": 6782000000,
        "costofgoodsandservicessold": 3001000000,
        "sellinggeneralandadministrativeexpense": 1592000000,
        "researchanddevelopmentexpense": 296000000,
        "restructuringandothercostsincomenet": 17000000,
        "costsandexpenses": 6095000000,
        "operatingincomeloss": 2426000000,
        "investmentincomeinterest": 9000000,
        "interestexpense": 144000000,
        "othernonoperatingincomeexpense": -39000000,
        "incomelossfromcontinuingoperationsbeforeincometaxesextraordinaryitemsnoncontrollinginterest": 2252000000,
        "incometaxexpensebenefit": 319000000,
        "netincomelossavailabletocommonstockholdersbasic": 1933000000,
        "earningspersharebasic": 4.879999999999999,
        "earningspersharediluted": 4.840000000000001,
        "weightedaveragenumberofsharesoutstandingbasic": -396000000,
        "weightedaveragenumberofdilutedsharesoutstanding": -399000000,
        "othercomprehensiveincomeforeigncurrencytransactionandtranslationgainlossarisingduringperiodnetoftax": 10000000,
        "othercomprehensiveincomelosscashflowhedgegainlossbeforereclassificationaftertax": 0,
        "othercomprehensiveincomelosscashflowhedgegainlossreclassificationaftertax": -6000000,
        "othercomprehensiveincomelosspensionandotherpostretirementbenefitplansadjustmentbeforereclassificationadjustmentsnetoftax": 4000000,
        "othercomprehensiveincomelossreclassificationadjustmentfromaocipensionandotherpostretirementbenefitplansnetoftax": 7000000,
        "othercomprehensiveincomelossnetoftaxportionattributabletoparent": 19000000,
        "comprehensiveincomenetoftax": 1952000000,
        "othercomprehensiveincomeforeigncurrencytranslationgainlossarisingduringperiodtax": -76000000,
        "othercomprehensiveincomelosscashflowhedgegainlossbeforereclassificationtax": 0,
        "othercomprehensiveincomelosscashflowhedgegainlossreclassificationtax": -2000000,
        "othercomprehensiveincomelosspensionandotherpostretirementbenefitplansbeforereclassificationadjustmentstax": 1000000,
        "othercomprehensiveincomelossreclassificationadjustmentfromaocipensionandotherpostretirementbenefitplanstax": 1000000
    },
    {
        "date": "2020-06-26",
        "symbol": "TMO",
        "period": "Q2",
        "revenuefromcontractwithcustomerexcludingassessedtax": 5250000000,
        "costofgoodsandservicessold": 2391000000,
        "sellinggeneralandadministrativeexpense": 1710000000,
        "researchanddevelopmentexpense": 264000000,
        "restructuringandothercostsincomenet": 12000000,
        "costsandexpenses": 5526000000,
        "operatingincomeloss": 1391000000,
        "investmentincomeinterest": 8000000,
        "interestexpense": 137000000,
        "othernonoperatingincomeexpense": -9000000,
        "incomelossfromcontinuingoperationsbeforeincometaxesextraordinaryitemsnoncontrollinginterest": 1253000000,
        "incometaxexpensebenefit": 97000000,
        "netincomelossavailabletocommonstockholdersbasic": 1156000000,
        "earningspersharebasic": 2.92,
        "earningspersharediluted": 2.9,
        "weightedaveragenumberofsharesoutstandingbasic": 395000000,
        "weightedaveragenumberofdilutedsharesoutstanding": 398000000,
        "othercomprehensiveincomeforeigncurrencytransactionandtranslationgainlossarisingduringperiodnetoftax": 103000000,
        "othercomprehensiveincomelosscashflowhedgegainlossbeforereclassificationaftertax": -3000000,
        "othercomprehensiveincomelosscashflowhedgegainlossreclassificationaftertax": -3000000,
        "othercomprehensiveincomelosspensionandotherpostretirementbenefitplansadjustmentbeforereclassificationadjustmentsnetoftax": 6000000,
        "othercomprehensiveincomelossreclassificationadjustmentfromaocipensionandotherpostretirementbenefitplansnetoftax": 2000000,
        "othercomprehensiveincomelossnetoftaxportionattributabletoparent": 99000000,
        "comprehensiveincomenetoftax": 1255000000,
        "othercomprehensiveincomeforeigncurrencytranslationgainlossarisingduringperiodtax": -17000000,
        "othercomprehensiveincomelosscashflowhedgegainlossbeforereclassificationtax": -1000000,
        "othercomprehensiveincomelosscashflowhedgegainlossreclassificationtax": -1000000,
        "othercomprehensiveincomelosspensionandotherpostretirementbenefitplansbeforereclassificationadjustmentstax": 6000000,
        "othercomprehensiveincomelossreclassificationadjustmentfromaocipensionandotherpostretirementbenefitplanstax": 2000000
    },
    {
        "date": "2020-03-27",
        "symbol": "TMO",
        "period": "Q1",
        "revenuefromcontractwithcustomerexcludingassessedtax": 4630000000,
        "costofgoodsandservicessold": 2340000000,
        "sellinggeneralandadministrativeexpense": 1551000000,
        "researchanddevelopmentexpense": 245000000,
        "restructuringandothercostsincomenet": 38000000,
        "costsandexpenses": 5324000000,
        "operatingincomeloss": 906000000,
        "investmentincomeinterest": 36000000,
        "interestexpense": 126000000,
        "othernonoperatingincomeexpense": 12000000,
        "incomelossfromcontinuingoperationsbeforeincometaxesextraordinaryitemsnoncontrollinginterest": 828000000,
        "incometaxexpensebenefit": 40000000,
        "netincomelossavailabletocommonstockholdersbasic": 788000000,
        "earningspersharebasic": 1.99,
        "earningspersharediluted": 1.97,
        "weightedaveragenumberofsharesoutstandingbasic": 397000000,
        "weightedaveragenumberofdilutedsharesoutstanding": 400000000,
        "othercomprehensiveincomeforeigncurrencytransactionandtranslationgainlossarisingduringperiodnetoftax": -357000000,
        "othercomprehensiveincomelosscashflowhedgegainlossbeforereclassificationaftertax": -62000000,
        "othercomprehensiveincomelosscashflowhedgegainlossreclassificationaftertax": -1000000,
        "othercomprehensiveincomelosspensionandotherpostretirementbenefitplansadjustmentbeforereclassificationadjustmentsnetoftax": -5000000,
        "othercomprehensiveincomelossreclassificationadjustmentfromaocipensionandotherpostretirementbenefitplansnetoftax": 4000000,
        "othercomprehensiveincomelossnetoftaxportionattributabletoparent": -409000000,
        "comprehensiveincomenetoftax": 379000000,
        "othercomprehensiveincomeforeigncurrencytranslationgainlossarisingduringperiodtax": 22000000,
        "othercomprehensiveincomelosscashflowhedgegainlossbeforereclassificationtax": -19000000,
        "othercomprehensiveincomelosscashflowhedgegainlossreclassificationtax": -1000000,
        "othercomprehensiveincomelosspensionandotherpostretirementbenefitplansbeforereclassificationadjustmentstax": -5000000,
        "othercomprehensiveincomelossreclassificationadjustmentfromaocipensionandotherpostretirementbenefitplanstax": 1000000
    },
    {
        "date": "2019-12-30",
        "symbol": "TMO",
        "period": "Q4",
        "revenuefromcontractwithcustomerexcludingassessedtax": 5151000000,
        "costofgoodsandservicessold": 2674000000,
        "sellinggeneralandadministrativeexpense": 1512000000,
        "researchanddevelopmentexpense": 262000000,
        "costsandexpenses": 5597000000,
        "operatingincomeloss": 1232000000,
        "incomelossfromcontinuingoperationsbeforeincometaxesextraordinaryitemsnoncontrollinginterest": 1038000000,
        "incometaxexpensebenefit": 36000000,
        "netincomelossavailabletocommonstockholdersbasic": 1002000000,
        "earningspersharebasic": 2.51,
        "earningspersharediluted": 2.4899999999999998,
        "weightedaveragenumberofsharesoutstandingbasic": 0,
        "weightedaveragenumberofdilutedsharesoutstanding": 0,
        "othercomprehensiveincomelosscashflowhedgegainlossreclassificationaftertax": -12000000,
        "othercomprehensiveincomelosspensionandotherpostretirementbenefitplansadjustmentbeforereclassificationadjustmentsnetoftax": 84000000,
        "othercomprehensiveincomelossreclassificationadjustmentfromaocipensionandotherpostretirementbenefitplansnetoftax": 0,
        "othercomprehensiveincomelossnetoftaxportionattributabletoparent": 43000000,
        "comprehensiveincomenetoftax": 1045000000,
        "othercomprehensiveincomeforeigncurrencytranslationgainlossarisingduringperiodtax": -67000000,
        "othercomprehensiveincomelosscashflowhedgegainlossreclassificationtax": -3000000
    },
    {
        "date": "2019-09-27",
        "symbol": "TMO",
        "period": "Q3",
        "othercomprehensiveincomelosscashflowhedgegainlossreclassificationaftertax": -2000000,
        "othercomprehensiveincomelosspensionandotherpostretirementbenefitplansadjustmentbeforereclassificationadjustmentsnetoftax": -2000000,
        "othercomprehensiveincomelossreclassificationadjustmentfromaocipensionandotherpostretirementbenefitplansnetoftax": 3000000,
        "othercomprehensiveincomelossnetoftaxportionattributabletoparent": -88000000,
        "netincomelossavailabletocommonstockholdersbasic": 760000000,
        "comprehensiveincomenetoftax": 668000000,
        "othercomprehensiveincomeforeigncurrencytranslationgainlossarisingduringperiodtax": 77000000,
        "othercomprehensiveincomelosscashflowhedgegainlossreclassificationtax": -1000000,
        "othercomprehensiveincomelossreclassificationadjustmentfromaocipensionandotherpostretirementbenefitplanstax": 0,
        "revenuefromcontractwithcustomerexcludingassessedtax": 9433000000,
        "costofgoodsandservicessold": 3881000000,
        "sellinggeneralandadministrativeexpense": 1539000000,
        "researchanddevelopmentexpense": 247000000,
        "costsandexpenses": 5326000000,
        "operatingincomeloss": 1624000000,
        "otherincomeexpensenet": -124000000,
        "incomelossfromcontinuingoperationsbeforeincometaxesextraordinaryitemsnoncontrollinginterest": 822000000,
        "incometaxexpensebenefit": 62000000,
        "earningspersharebasic": 1.8900000000000006,
        "earningspersharediluted": 1.8899999999999997,
        "weightedaveragenumberofsharesoutstandingbasic": -400000000,
        "weightedaveragenumberofdilutedsharesoutstanding": -403000000
    },
    {
        "date": "2019-06-28",
        "symbol": "TMO",
        "period": "Q2",
        "netincomelossavailabletocommonstockholdersbasic": 1119000000,
        "othercomprehensiveincomeforeigncurrencytransactionandtranslationadjustmentnetoftaxportionattributabletoparent": -116000000,
        "othercomprehensiveincomelosscashflowhedgegainlossreclassificationaftertax": -3000000,
        "othercomprehensiveincomelosspensionandotherpostretirementbenefitplansadjustmentbeforereclassificationadjustmentsnetoftax": 12000000,
        "othercomprehensiveincomelossreclassificationadjustmentfromaocipensionandotherpostretirementbenefitplansnetoftax": 4000000,
        "othercomprehensiveincomelossnetoftaxportionattributabletoparent": -121000000,
        "comprehensiveincomenetoftax": 998000000,
        "othercomprehensiveincomeforeigncurrencytranslationgainlossarisingduringperiodtax": -30000000,
        "othercomprehensiveincomelosscashflowhedgegainlossreclassificationtax": -1000000,
        "othercomprehensiveincomelosspensionandotherpostretirementbenefitplansbeforereclassificationadjustmentstax": 4000000,
        "othercomprehensiveincomelossreclassificationadjustmentfromaocipensionandotherpostretirementbenefitplanstax": 1000000,
        "revenuefromcontractwithcustomerexcludingassessedtax": 4827000000,
        "costofgoodsandservicessold": 2478000000,
        "sellinggeneralandadministrativeexpense": 1565000000,
        "researchanddevelopmentexpense": 246000000,
        "restructuringandothercostsincomenet": -484000000,
        "costsandexpenses": 4820000000,
        "operatingincomeloss": 1496000000,
        "otherincomeexpensenet": -103000000,
        "incomelossfromcontinuingoperationsbeforeincometaxesextraordinaryitemsnoncontrollinginterest": 1393000000,
        "incometaxexpensebenefit": 274000000,
        "earningspersharebasic": 2.8,
        "earningspersharediluted": 2.77,
        "weightedaveragenumberofsharesoutstandingbasic": 400000000,
        "weightedaveragenumberofdilutedsharesoutstanding": 403000000
    },
    {
        "date": "2019-03-29",
        "symbol": "TMO",
        "period": "Q1",
        "netincomelossavailabletocommonstockholdersbasic": 815000000,
        "othercomprehensiveincomeforeigncurrencytransactionandtranslationadjustmentnetoftaxportionattributabletoparent": -15000000,
        "othercomprehensiveincomelosscashflowhedgegainlossreclassificationaftertax": -2000000,
        "othercomprehensiveincomelosspensionandotherpostretirementbenefitplansadjustmentbeforereclassificationadjustmentsnetoftax": -1000000,
        "othercomprehensiveincomelossreclassificationadjustmentfromaocipensionandotherpostretirementbenefitplansnetoftax": 1000000,
        "othercomprehensiveincomelossnetoftaxportionattributabletoparent": -15000000,
        "comprehensiveincomenetoftax": 804000000,
        "othercomprehensiveincomeforeigncurrencytranslationgainlossarisingduringperiodtax": 45000000,
        "othercomprehensiveincomelosscashflowhedgegainlossreclassificationtax": -1000000,
        "othercomprehensiveincomelossreclassificationadjustmentfromaocipensionandotherpostretirementbenefitplanstax": 1000000,
        "revenuefromcontractwithcustomerexcludingassessedtax": 85000000,
        "costofgoodsandservicessold": 1004000000,
        "sellinggeneralandadministrativeexpense": 1528000000,
        "researchanddevelopmentexpense": 248000000,
        "restructuringsettlementandimpairmentprovisions": 1000000,
        "costsandexpenses": 5205000000,
        "operatingincomeloss": 242000000,
        "otherincomeexpensenet": -103000000,
        "incomelossfromcontinuingoperationsbeforeincometaxesextraordinaryitemsnoncontrollinginterest": 817000000,
        "incometaxexpensebenefit": 2000000,
        "earningspersharebasic": 2.04,
        "earningspersharediluted": 2.02,
        "weightedaveragenumberofsharesoutstandingbasic": 400000000,
        "weightedaveragenumberofdilutedsharesoutstanding": 403000000
    },
    {
        "date": "2018-09-28",
        "symbol": "TMO",
        "period": "Q3",
        "netincomelossavailabletocommonstockholdersbasic": 709000000,
        "othercomprehensiveincomeforeigncurrencytransactionandtranslationadjustmentnetoftaxportionattributabletoparent": -32000000,
        "othercomprehensiveincomelosspensionandotherpostretirementbenefitplansadjustmentbeforereclassificationadjustmentsnetoftax": 0,
        "othercomprehensiveincomelossreclassificationadjustmentfromaocipensionandotherpostretirementbenefitplansnetoftax": 2000000,
        "othercomprehensiveincomelossnetoftaxportionattributabletoparent": -45000000,
        "comprehensiveincomenetoftax": 681000000,
        "othercomprehensiveincomelosspensionandotherpostretirementbenefitplansbeforereclassificationadjustmentstax": 0,
        "othercomprehensiveincomelossreclassificationadjustmentfromaocipensionandotherpostretirementbenefitplanstax": 0,
        "sellinggeneralandadministrativeexpense": 1490000000,
        "researchanddevelopmentexpense": 240000000,
        "costsandexpenses": 5008000000,
        "operatingincomeloss": 223000000,
        "otherincomeexpensenet": -102000000,
        "incomelossfromcontinuingoperationsbeforeincometaxesextraordinaryitemsnoncontrollinginterest": 810000000,
        "incometaxexpensebenefit": 101000000,
        "earningspersharebasic": 1.7600000000000002,
        "earningspersharediluted": 1.7500000000000002,
        "weightedaveragenumberofsharesoutstandingbasic": -403000000,
        "weightedaveragenumberofdilutedsharesoutstanding": -406000000
    },
    {
        "date": "2018-06-29",
        "symbol": "TMO",
        "period": "Q2",
        "netincomelossavailabletocommonstockholdersbasic": 752000000,
        "othercomprehensiveincomeforeigncurrencytransactionandtranslationadjustmentnetoftaxportionattributabletoparent": -462000000,
        "othercomprehensiveincomelosscashflowhedgegainlossreclassificationaftertax": -2000000,
        "othercomprehensiveincomelosspensionandotherpostretirementbenefitplansadjustmentbeforereclassificationadjustmentsnetoftax": -5000000,
        "othercomprehensiveincomelossreclassificationadjustmentfromaocipensionandotherpostretirementbenefitplansnetoftax": 6000000,
        "othercomprehensiveincomelossnetoftaxportionattributabletoparent": -449000000,
        "comprehensiveincomenetoftax": 303000000,
        "othercomprehensiveincomeforeigncurrencytranslationgainlossarisingduringperiodtax": 94000000,
        "othercomprehensiveincomelosscashflowhedgegainlossreclassificationtax": -1000000,
        "othercomprehensiveincomelosspensionandotherpostretirementbenefitplansbeforereclassificationadjustmentstax": -2000000,
        "othercomprehensiveincomelossreclassificationadjustmentfromaocipensionandotherpostretirementbenefitplanstax": 2000000,
        "revenuefromcontractwithcustomerexcludingassessedtax": 193000000,
        "costofgoodsandservicessold": 950000000,
        "sellinggeneralandadministrativeexpense": 1542000000,
        "researchanddevelopmentexpense": 242000000,
        "restructuringsettlementandimpairmentprovisions": 10000000,
        "costsandexpenses": 5141000000,
        "operatingincomeloss": 253000000,
        "otherincomeexpensenet": -131000000,
        "incomelossfromcontinuingoperationsbeforeincometaxesextraordinaryitemsnoncontrollinginterest": 806000000,
        "incometaxexpensebenefit": 54000000,
        "incomelossfromcontinuingoperations": 752000000,
        "incomelossfromcontinuingoperationsperbasicshare": 1.87,
        "incomelossfromcontinuingoperationsperdilutedshare": 1.85,
        "earningspersharebasic": 1.87,
        "earningspersharediluted": 1.85,
        "weightedaveragenumberofsharesoutstandingbasic": 403000000,
        "weightedaveragenumberofdilutedsharesoutstanding": 406000000,
        "commonstockdividendspersharedeclared": 0.17
    },
    {
        "date": "2018-03-30",
        "symbol": "TMO",
        "period": "Q1",
        "netincomelossavailabletocommonstockholdersbasic": 579000000,
        "othercomprehensiveincomeforeigncurrencytransactionandtranslationadjustmentnetoftaxportionattributabletoparent": 47000000,
        "othercomprehensiveincomelossreclassificationadjustmentfromaocionderivativesnetoftax": -2000000,
        "othercomprehensiveincomelosspensionandotherpostretirementbenefitplansadjustmentbeforereclassificationadjustmentsnetoftax": 2000000,
        "othercomprehensiveincomelossreclassificationadjustmentfromaocipensionandotherpostretirementbenefitplansnetoftax": 2000000,
        "othercomprehensiveincomelossnetoftaxportionattributabletoparent": 47000000,
        "comprehensiveincomenetoftax": 628000000,
        "othercomprehensiveincomeforeigncurrencytranslationadjustmenttaxportionattributabletoparent": -47000000,
        "othercomprehensiveincomelossreclassificationadjustmentfromaocionderivativestax": -1000000,
        "othercomprehensiveincomelosspensionandotherpostretirementbenefitplansbeforereclassificationadjustmentstax": 1000000,
        "othercomprehensiveincomelossreclassificationadjustmentfromaocipensionandotherpostretirementbenefitplanstax": 1000000,
        "salesrevenuegoodsnet": 1416000000,
        "salesrevenueservicesnet": 1325000000,
        "revenues": 2903000000,
        "costofgoodssold": 2325000000,
        "costofservices": 948000000,
        "sellinggeneralandadministrativeexpense": 1515000000,
        "researchanddevelopmentexpense": 234000000,
        "restructuringandothercostsincomenet": 45000000,
        "costsandexpenses": 5067000000,
        "operatingincomeloss": 243000000,
        "otherincomeexpensenet": -152000000,
        "incomelossfromcontinuingoperationsbeforeincometaxesextraordinaryitemsnoncontrollinginterest": 634000000,
        "incometaxexpensebenefit": 55000000,
        "earningspersharebasic": 1.44,
        "earningspersharediluted": 1.43,
        "weightedaveragenumberofsharesoutstandingbasic": 402000000,
        "weightedaveragenumberofdilutedsharesoutstanding": 406000000,
        "commonstockdividendspersharedeclared": 0.17
    },
    {
        "date": "2017-09-29",
        "symbol": "TMO",
        "period": "Q3",
        "netincomelossavailabletocommonstockholdersbasic": 533900000,
        "othercomprehensiveincomeforeigncurrencytransactionandtranslationadjustmentnetoftaxportionattributabletoparent": 72800000,
        "othercomprehensiveincomeunrealizedholdinggainlossonsecuritiesarisingduringperiodnetoftax": -1300000,
        "othercomprehensiveincomelossreclassificationadjustmentfromaocionderivativesnetoftax": -1900000,
        "othercomprehensiveincomelosspensionandotherpostretirementbenefitplansadjustmentbeforereclassificationadjustmentsnetoftax": 2200000,
        "othercomprehensiveincomelossreclassificationadjustmentfromaocipensionandotherpostretirementbenefitplansnetoftax": 2000000,
        "othercomprehensiveincomelossnetoftaxportionattributabletoparent": 74900000,
        "comprehensiveincomenetoftax": 607100000,
        "othercomprehensiveincomeunrealizedholdinggainlossonsecuritiesarisingduringperiodtax": -200000,
        "othercomprehensiveincomelossreclassificationadjustmentfromaocionderivativestax": -1100000,
        "othercomprehensiveincomelosspensionandotherpostretirementbenefitplansbeforereclassificationadjustmentstax": 1000000,
        "othercomprehensiveincomelossreclassificationadjustmentfromaocipensionandotherpostretirementbenefitplanstax": 700000,
        "salesrevenuegoodsnet": 4232000000,
        "salesrevenueservicesnet": 884200000,
        "revenues": 843700000,
        "costofgoodssold": 2173700000,
        "costofservices": 642300000,
        "sellinggeneralandadministrativeexpense": 1396800000,
        "researchanddevelopmentexpense": 218100000,
        "restructuringandothercostsincomenet": -500000,
        "costsandexpenses": 4480000000,
        "operatingincomeloss": 218800000,
        "otherincomeexpensenet": -155600000,
        "incomelossfromcontinuingoperationsbeforeincometaxesextraordinaryitemsnoncontrollinginterest": 480600000,
        "incometaxexpensebenefit": -40400000,
        "incomelossfromcontinuingoperations": 533900000,
        "incomelossfromcontinuingoperationsperbasicshare": 1.3499999999999999,
        "incomelossfromcontinuingoperationsperdilutedshare": 1.33,
        "earningspersharebasic": 1.34,
        "earningspersharediluted": -1.4900000000000002,
        "weightedaveragenumberofsharesoutstandingbasic": -388600000,
        "weightedaveragenumberofdilutedsharesoutstanding": -391800000,
        "commonstockdividendspersharedeclared": 0.15000000000000005
    },
    {
        "date": "2017-06-30",
        "symbol": "TMO",
        "period": "Q2",
        "netincomelossavailabletocommonstockholdersbasic": 611600000,
        "othercomprehensiveincomeforeigncurrencytransactionandtranslationadjustmentnetoftaxportionattributabletoparent": 219500000,
        "othercomprehensiveincomeunrealizedholdinggainlossonsecuritiesarisingduringperiodnetoftax": 800000,
        "othercomprehensiveincomelossreclassificationadjustmentfromaociforsaleofsecuritiesnetoftax": 1000000,
        "othercomprehensiveincomelossreclassificationadjustmentfromaocionderivativesnetoftax": -1900000,
        "othercomprehensiveincomelosspensionandotherpostretirementbenefitplansadjustmentbeforereclassificationadjustmentsnetoftax": 7100000,
        "othercomprehensiveincomelossreclassificationadjustmentfromaocipensionandotherpostretirementbenefitplansnetoftax": 3300000,
        "othercomprehensiveincomelossnetoftaxportionattributabletoparent": 217400000,
        "comprehensiveincomenetoftax": 829000000,
        "othercomprehensiveincomeunrealizedholdinggainlossonsecuritiesarisingduringperiodtax": 100000,
        "othercomprehensiveincomelossreclassificationadjustmentfromaociforsaleofsecuritiestax": 600000,
        "othercomprehensiveincomelossreclassificationadjustmentfromaocionderivativestax": -1200000,
        "othercomprehensiveincomelosspensionandotherpostretirementbenefitplansbeforereclassificationadjustmentstax": 2900000,
        "othercomprehensiveincomelossreclassificationadjustmentfromaocipensionandotherpostretirementbenefitplanstax": 1400000,
        "salesrevenuegoodsnet": 4298100000,
        "salesrevenueservicesnet": 691900000,
        "revenues": 861800000,
        "costofgoodssold": 2244400000,
        "costofservices": 462500000,
        "sellinggeneralandadministrativeexpense": 1287500000,
        "researchanddevelopmentexpense": 221600000,
        "restructuringandothercostsincomenet": 1400000,
        "costsandexpenses": 4238500000,
        "operatingincomeloss": 235000000,
        "otherincomeexpensenet": -125900000,
        "incomelossfromcontinuingoperationsbeforeincometaxesextraordinaryitemsnoncontrollinginterest": 625600000,
        "incometaxexpensebenefit": 13400000,
        "incomelossfromcontinuingoperations": 612200000,
        "incomelossfromdiscontinuedoperationsnetoftax": -600000,
        "incomelossfromcontinuingoperationsperbasicshare": 1.57,
        "incomelossfromcontinuingoperationsperdilutedshare": 1.56,
        "earningspersharebasic": 1.57,
        "earningspersharediluted": 1.56,
        "weightedaveragenumberofsharesoutstandingbasic": 390000000,
        "weightedaveragenumberofdilutedsharesoutstanding": 393300000,
        "commonstockdividendspersharedeclared": 0.15,
        "discontinuedoperationtaxeffectofdiscontinuedoperation": -300000
    },
    {
        "date": "2017-03-31",
        "symbol": "TMO",
        "period": "Q1",
        "netincomelossavailabletocommonstockholdersbasic": 551400000,
        "othercomprehensiveincomeforeigncurrencytransactionandtranslationadjustmentnetoftaxportionattributabletoparent": 160000000,
        "othercomprehensiveincomeunrealizedholdinggainlossonsecuritiesarisingduringperiodnetoftax": 1100000,
        "othercomprehensiveincomelossreclassificationadjustmentfromaocionderivativesnetoftax": -1800000,
        "othercomprehensiveincomelosspensionandotherpostretirementbenefitplansadjustmentbeforereclassificationadjustmentsnetoftax": 2000000,
        "othercomprehensiveincomelossreclassificationadjustmentfromaocipensionandotherpostretirementbenefitplansnetoftax": 1900000,
        "othercomprehensiveincomelossnetoftaxportionattributabletoparent": 160000000,
        "comprehensiveincomenetoftax": 714200000,
        "othercomprehensiveincomeunrealizedholdinggainlossonsecuritiesarisingduringperiodtax": 300000,
        "othercomprehensiveincomelossreclassificationadjustmentfromaocionderivativestax": -1100000,
        "othercomprehensiveincomelosspensionandotherpostretirementbenefitplansbeforereclassificationadjustmentstax": 700000,
        "othercomprehensiveincomelossreclassificationadjustmentfromaocipensionandotherpostretirementbenefitplanstax": 700000,
        "salesrevenuegoodsnet": 4102100000,
        "salesrevenueservicesnet": 662900000,
        "revenues": 866400000,
        "costofgoodssold": 2129600000,
        "costofservices": 442900000,
        "sellinggeneralandadministrativeexpense": 1331200000,
        "researchanddevelopmentexpense": 215400000,
        "restructuringandothercostsincomenet": 1300000,
        "costsandexpenses": 4142600000,
        "operatingincomeloss": 233900000,
        "otherincomeexpensenet": -119500000,
        "incomelossfromcontinuingoperationsbeforeincometaxesextraordinaryitemsnoncontrollinginterest": 502900000,
        "incometaxexpensebenefit": -24000000,
        "incomelossfromcontinuingoperations": 551400000,
        "incomelossfromcontinuingoperationsperbasicshare": 1.41,
        "incomelossfromcontinuingoperationsperdilutedshare": 1.4,
        "earningspersharebasic": 1.41,
        "earningspersharediluted": 0.06,
        "weightedaveragenumberofsharesoutstandingbasic": 391000000,
        "weightedaveragenumberofdilutedsharesoutstanding": 394100000,
        "commonstockdividendspersharedeclared": 0.15
    },
    {
        "date": "2016-09-30",
        "symbol": "TMO",
        "period": "Q3",
        "netincomelossavailabletocommonstockholdersbasic": 473500000,
        "othercomprehensiveincomeforeigncurrencytransactionandtranslationadjustmentnetoftaxportionattributabletoparent": -77000000,
        "othercomprehensiveincomelossreclassificationadjustmentfromaocionderivativesnetoftax": -1800000,
        "othercomprehensiveincomelosspensionandotherpostretirementbenefitplansadjustmentbeforereclassificationadjustmentsnetoftax": 0,
        "othercomprehensiveincomelossreclassificationadjustmentfromaocipensionandotherpostretirementbenefitplansnetoftax": 1400000,
        "othercomprehensiveincomelossnetoftaxportionattributabletoparent": -77000000,
        "comprehensiveincomenetoftax": 400900000,
        "othercomprehensiveincomeunrealizedholdinggainlossonsecuritiesarisingduringperiodtax": 100000,
        "othercomprehensiveincomelossreclassificationadjustmentfromaocionderivativestax": -1200000,
        "othercomprehensiveincomelossreclassificationadjustmentfromaocipensionandotherpostretirementbenefitplanstax": 500000,
        "salesrevenuegoodsnet": 3866500000,
        "salesrevenueservicesnet": 624400000,
        "revenues": 798900000,
        "costofgoodssold": 2024300000,
        "costofservices": 412700000,
        "sellinggeneralandadministrativeexpense": 1274600000,
        "researchanddevelopmentexpense": 183300000,
        "restructuringandothercostsincomenet": 600000,
        "costsandexpenses": 3949800000,
        "operatingincomeloss": 214400000,
        "otherincomeexpensenet": -113200000,
        "incomelossfromcontinuingoperationsbeforeincometaxesextraordinaryitemsnoncontrollinginterest": 427900000,
        "incometaxexpensebenefit": -45600000,
        "incomelossfromcontinuingoperations": 473500000,
        "incomelossfromdiscontinuedoperationsnetoftax": 0,
        "incomelossfromcontinuingoperationsperbasicshare": 1.1999999999999997,
        "incomelossfromcontinuingoperationsperdilutedshare": 1.1900000000000002,
        "earningspersharebasic": 1.1999999999999997,
        "earningspersharediluted": 1.1900000000000002,
        "weightedaveragenumberofsharesoutstandingbasic": -100000,
        "weightedaveragenumberofdilutedsharesoutstanding": -100000,
        "commonstockdividendspersharedeclared": 0.15000000000000005,
        "discontinuedoperationtaxeffectofdiscontinuedoperation": 0
    },
    {
        "date": "2016-07-01",
        "symbol": "TMO",
        "period": "Q2",
        "netincomelossavailabletocommonstockholdersbasic": 516600000,
        "othercomprehensiveincomeforeigncurrencytransactionandtranslationadjustmentnetoftaxportionattributabletoparent": -220700000,
        "othercomprehensiveincomeunrealizedholdinggainlossonsecuritiesarisingduringperiodnetoftax": 0,
        "othercomprehensiveincomeunrealizedgainlossonderivativesarisingduringperiodnetoftax": 0,
        "othercomprehensiveincomelossreclassificationadjustmentfromaocionderivativesnetoftax": -1700000,
        "othercomprehensiveincomelosspensionandotherpostretirementbenefitplansadjustmentbeforereclassificationadjustmentsnetoftax": -2300000,
        "othercomprehensiveincomelossreclassificationadjustmentfromaocipensionandotherpostretirementbenefitplansnetoftax": 1300000,
        "othercomprehensiveincomelossnetoftaxportionattributabletoparent": -220700000,
        "comprehensiveincomenetoftax": 301200000,
        "othercomprehensiveincomeunrealizedholdinggainlossonsecuritiesarisingduringperiodtax": 100000,
        "othercomprehensiveincomeunrealizedgainlossonderivativesarisingduringperiodtax": 0,
        "othercomprehensiveincomelossreclassificationadjustmentfromaocionderivativestax": -900000,
        "othercomprehensiveincomelosspensionandotherpostretirementbenefitplansbeforereclassificationadjustmentstax": -1000000,
        "othercomprehensiveincomelossreclassificationadjustmentfromaocipensionandotherpostretirementbenefitplanstax": 600000,
        "salesrevenuegoodsnet": 3896100000,
        "salesrevenueservicesnet": 639100000,
        "revenues": 851300000,
        "costofgoodssold": 2039300000,
        "costofservices": 417400000,
        "sellinggeneralandadministrativeexpense": 1223100000,
        "researchanddevelopmentexpense": 182400000,
        "restructuringandothercostsincomenet": 200000,
        "costsandexpenses": 3897600000,
        "operatingincomeloss": 237900000,
        "otherincomeexpensenet": -116500000,
        "incomelossfromcontinuingoperationsbeforeincometaxesextraordinaryitemsnoncontrollinginterest": 521100000,
        "incometaxexpensebenefit": 4300000,
        "incomelossfromcontinuingoperations": 516800000,
        "incomelossfromdiscontinuedoperationsnetoftax": -200000,
        "incomelossfromcontinuingoperationsperbasicshare": 1.31,
        "incomelossfromcontinuingoperationsperdilutedshare": 1.3,
        "earningspersharebasic": 1.31,
        "earningspersharediluted": 1.3,
        "weightedaveragenumberofsharesoutstandingbasic": -900000,
        "weightedaveragenumberofdilutedsharesoutstanding": -1000000,
        "commonstockdividendspersharedeclared": 0.15,
        "discontinuedoperationtaxeffectofdiscontinuedoperation": -100000
    },
    {
        "date": "2016-04-01",
        "symbol": "TMO",
        "period": "Q1",
        "netincomelossavailabletocommonstockholdersbasic": 402200000,
        "othercomprehensiveincomeforeigncurrencytransactionandtranslationadjustmentnetoftaxportionattributabletoparent": 169900000,
        "othercomprehensiveincomeunrealizedholdinggainlossonsecuritiesarisingduringperiodnetoftax": -1500000,
        "othercomprehensiveincomeunrealizedgainlossonderivativesarisingduringperiodnetoftax": -36600000,
        "othercomprehensiveincomelossreclassificationadjustmentfromaocionderivativesnetoftax": -800000,
        "othercomprehensiveincomelosspensionandotherpostretirementbenefitplansadjustmentbeforereclassificationadjustmentsnetoftax": 3400000,
        "othercomprehensiveincomelossreclassificationadjustmentfromaocipensionandotherpostretirementbenefitplansnetoftax": 1400000,
        "othercomprehensiveincomelossnetoftaxportionattributabletoparent": 169900000,
        "comprehensiveincomenetoftax": 532800000,
        "othercomprehensiveincomeunrealizedholdinggainlossonsecuritiesarisingduringperiodtax": -400000,
        "othercomprehensiveincomeunrealizedgainlossonderivativesarisingduringperiodtax": -22400000,
        "othercomprehensiveincomelossreclassificationadjustmentfromaocionderivativestax": -500000,
        "othercomprehensiveincomelosspensionandotherpostretirementbenefitplansbeforereclassificationadjustmentstax": 1100000,
        "othercomprehensiveincomelossreclassificationadjustmentfromaocipensionandotherpostretirementbenefitplanstax": 300000,
        "salesrevenuegoodsnet": 3690400000,
        "salesrevenueservicesnet": 604400000,
        "revenues": 854600000,
        "costofgoodssold": 1933600000,
        "costofservices": 403300000,
        "sellinggeneralandadministrativeexpense": 1212900000,
        "researchanddevelopmentexpense": 176500000,
        "restructuringandothercostsincomenet": 300000,
        "costsandexpenses": 3776900000,
        "operatingincomeloss": 230100000,
        "otherincomeexpensenet": -94900000,
        "incomelossfromcontinuingoperationsbeforeincometaxesextraordinaryitemsnoncontrollinginterest": 423000000,
        "incometaxexpensebenefit": 20700000,
        "incomelossfromcontinuingoperations": 402300000,
        "incomelossfromdiscontinuedoperationsnetoftax": -100000,
        "incomelossfromcontinuingoperationsperbasicshare": 1.02,
        "incomelossfromcontinuingoperationsperdilutedshare": 1.01,
        "earningspersharebasic": 1.02,
        "earningspersharediluted": 1.01,
        "weightedaveragenumberofsharesoutstandingbasic": 395800000,
        "weightedaveragenumberofdilutedsharesoutstanding": 398700000,
        "commonstockdividendspersharedeclared": 0.15,
        "discontinuedoperationtaxeffectofdiscontinuedoperation": -100000
    },
    {
        "date": "2015-09-25",
        "symbol": "TMO",
        "period": "Q3",
        "salesrevenuegoodsnet": 3570300000,
        "salesrevenueservicesnet": 552900000,
        "revenues": 4123200000,
        "costofgoodssold": 1853900000,
        "costofservices": 386000000,
        "sellinggeneralandadministrativeexpense": 1133300000,
        "researchanddevelopmentexpense": 171600000,
        "restructuringandothercostsincomenet": 5000000,
        "costsandexpenses": 3560300000,
        "operatingincomeloss": 562900000,
        "otherincomeexpensenet": -94800000,
        "incomelossfromcontinuingoperationsbeforeincometaxesextraordinaryitemsnoncontrollinginterest": 468100000,
        "incometaxexpensebenefit": -9200000,
        "incomelossfromcontinuingoperations": 477300000,
        "discontinuedoperationincomelossfromdiscontinuedoperationduringphaseoutperiodnetoftax": -1200000,
        "netincomelossavailabletocommonstockholdersbasic": 476100000,
        "incomelossfromcontinuingoperationsperbasicshare": 1.2,
        "incomelossfromcontinuingoperationsperdilutedshare": 1.19,
        "earningspersharebasic": 1.19,
        "earningspersharediluted": 1.18,
        "weightedaveragenumberofsharesoutstandingbasic": 399000000,
        "weightedaveragenumberofdilutedsharesoutstanding": 402000000,
        "commonstockdividendspersharedeclared": 0.15,
        "discontinuedoperationtaxeffectofincomelossfromdiscontinuedoperationduringphaseoutperiod": -700000,
        "othercomprehensiveincomeforeigncurrencytransactionandtranslationadjustmentnetoftaxportionattributabletoparent": -263600000,
        "othercomprehensiveincomeunrealizedholdinggainlossonsecuritiesarisingduringperiodnetoftax": -200000,
        "othercomprehensiveincomeunrealizedgainlossonderivativesarisingduringperiodnetoftax": -28700000,
        "othercomprehensiveincomelossreclassificationadjustmentfromaocionderivativesnetoftax": -600000,
        "othercomprehensiveincomelosspensionandotherpostretirementbenefitplansadjustmentbeforereclassificationadjustmentsnetoftax": 1000000,
        "othercomprehensiveincomelossreclassificationadjustmentfromaocipensionandotherpostretirementbenefitplansfornetgainlossnetoftax": -1600000,
        "othercomprehensiveincomelossnetoftaxportionattributabletoparent": -291300000,
        "comprehensiveincomenetoftax": 184800000,
        "othercomprehensiveincomeunrealizedholdinggainlossonsecuritiesarisingduringperiodtax": -200000,
        "othercomprehensiveincomeunrealizedgainlossonderivativesarisingduringperiodtax": -17700000,
        "othercomprehensiveincomelossreclassificationadjustmentfromaocionderivativestax": -500000,
        "othercomprehensiveincomelosspensionandotherpostretirementbenefitplansbeforereclassificationadjustmentstax": 200000,
        "othercomprehensiveincomelossreclassificationadjustmentfromaocipensionandotherpostretirementbenefitplansfornetgainlosstax": -700000
    },
    {
        "date": "2015-06-26",
        "symbol": "TMO",
        "period": "Q2",
        "salesrevenuegoodsnet": 3677200000,
        "salesrevenueservicesnet": 593700000,
        "revenues": 4270900000,
        "costofgoodssold": 1907000000,
        "costofservices": 422100000,
        "sellinggeneralandadministrativeexpense": 1151000000,
        "researchanddevelopmentexpense": 174600000,
        "restructuringandothercostsincomenet": 3400000,
        "costsandexpenses": 3675100000,
        "operatingincomeloss": 595800000,
        "otherincomeexpensenet": -92200000,
        "incomelossfromcontinuingoperationsbeforeincometaxesextraordinaryitemsnoncontrollinginterest": 503600000,
        "incometaxexpensebenefit": -8000000,
        "netincomelossavailabletocommonstockholdersbasic": 511600000,
        "earningspersharebasic": 1.28,
        "earningspersharediluted": 1.27,
        "weightedaveragenumberofsharesoutstandingbasic": 398400000,
        "weightedaveragenumberofdilutedsharesoutstanding": 401500000,
        "commonstockdividendspersharedeclared": 0.15,
        "othercomprehensiveincomeforeigncurrencytransactionandtranslationadjustmentnetoftaxportionattributabletoparent": 220900000,
        "othercomprehensiveincomeunrealizedholdinggainlossonsecuritiesarisingduringperiodnetoftax": -100000,
        "othercomprehensiveincomeunrealizedgainlossonderivativesarisingduringperiodnetoftax": 31000000,
        "othercomprehensiveincomelossreclassificationadjustmentfromaocionderivativesnetoftax": -800000,
        "othercomprehensiveincomelosspensionandotherpostretirementbenefitplansadjustmentbeforereclassificationadjustmentsnetoftax": 3200000,
        "othercomprehensiveincomelossreclassificationadjustmentfromaocipensionandotherpostretirementbenefitplansfornetgainlossnetoftax": -1900000,
        "othercomprehensiveincomelossnetoftaxportionattributabletoparent": 251300000,
        "comprehensiveincomenetoftax": 762900000,
        "othercomprehensiveincomeunrealizedgainlossonderivativesarisingduringperiodtax": 19000000,
        "othercomprehensiveincomelossreclassificationadjustmentfromaocionderivativestax": -500000,
        "othercomprehensiveincomelosspensionandotherpostretirementbenefitplansbeforereclassificationadjustmentstax": 1200000,
        "othercomprehensiveincomelossreclassificationadjustmentfromaocipensionandotherpostretirementbenefitplansfornetgainlosstax": -500000
    },
    {
        "date": "2015-03-27",
        "symbol": "TMO",
        "period": "Q1",
        "salesrevenuegoodsnet": 3387600000,
        "salesrevenueservicesnet": 531200000,
        "revenues": 1019900000,
        "costofgoodssold": 1720800000,
        "costofservices": 375500000,
        "sellinggeneralandadministrativeexpense": 1137400000,
        "researchanddevelopmentexpense": 165800000,
        "restructuringandothercostsincomenet": 22700000,
        "costsandexpenses": 3431500000,
        "operatingincomeloss": 298700000,
        "otherincomeexpensenet": -105300000,
        "incomelossfromcontinuingoperationsbeforeincometaxesextraordinaryitemsnoncontrollinginterest": 382000000,
        "incometaxexpensebenefit": -3100000,
        "netincomelossavailabletocommonstockholdersbasic": 385100000,
        "earningspersharebasic": 0.97,
        "earningspersharediluted": 0.96,
        "weightedaveragenumberofsharesoutstandingbasic": 397800000,
        "weightedaveragenumberofdilutedsharesoutstanding": 401400000,
        "commonstockdividendspersharedeclared": 0.15,
        "othercomprehensiveincomeforeigncurrencytransactionandtranslationadjustmentnetoftaxportionattributabletoparent": -563100000,
        "othercomprehensiveincomeunrealizedholdinggainlossonsecuritiesarisingduringperiodnetoftax": 100000,
        "othercomprehensiveincomeunrealizedgainlossonderivativesarisingduringperiodnetoftax": -8000000,
        "othercomprehensiveincomelossreclassificationadjustmentfromaocionderivativesnetoftax": -1100000,
        "othercomprehensiveincomelosspensionandotherpostretirementbenefitplansadjustmentbeforereclassificationadjustmentsnetoftax": -6600000,
        "othercomprehensiveincomelossreclassificationadjustmentfromaocipensionandotherpostretirementbenefitplansfornetgainlossnetoftax": -1700000,
        "othercomprehensiveincomelossnetoftaxportionattributabletoparent": -561600000,
        "comprehensiveincomenetoftax": -176500000,
        "othercomprehensiveincomeunrealizedgainlossonderivativesarisingduringperiodtax": -4900000,
        "othercomprehensiveincomelossreclassificationadjustmentfromaocionderivativestax": -100000,
        "othercomprehensiveincomelosspensionandotherpostretirementbenefitplansbeforereclassificationadjustmentstax": -2900000,
        "othercomprehensiveincomelossreclassificationadjustmentfromaocipensionandotherpostretirementbenefitplansfornetgainlosstax": -700000
    },
    {
        "date": "2014-09-26",
        "symbol": "TMO",
        "period": "Q3",
        "salesrevenuegoodsnet": 3628500000,
        "salesrevenueservicesnet": 542900000,
        "revenues": 2304100000,
        "costofgoodssold": 1873900000,
        "costofservices": 363900000,
        "sellinggeneralandadministrativeexpense": 1228700000,
        "researchanddevelopmentexpense": 175200000,
        "restructuringandothercostsincomenet": -620100000,
        "costsandexpenses": 3531100000,
        "operatingincomeloss": -318200000,
        "otherincomeexpensenet": -101100000,
        "incomelossfromcontinuingoperationsbeforeincometaxesextraordinaryitemsnoncontrollinginterest": 539200000,
        "incometaxexpensebenefit": 69300000,
        "incomelossfromcontinuingoperations": 469900000,
        "incomelossfromcontinuingoperationsperbasicshare": 1.17,
        "incomelossfromcontinuingoperationsperdilutedshare": 1.16,
        "earningspersharebasic": 1.17,
        "earningspersharediluted": 1.1700000000000002,
        "weightedaveragenumberofsharesoutstandingbasic": -395200000,
        "weightedaveragenumberofdilutedsharesoutstanding": -399800000,
        "commonstockdividendspersharedeclared": 0.15000000000000005,
        "othercomprehensiveincomeforeigncurrencytransactionandtranslationadjustmentnetoftaxportionattributabletoparent": -619500000,
        "othercomprehensiveincomelossreclassificationadjustmentfromaocionderivativesnetoftax": -700000,
        "othercomprehensiveincomelosspensionandotherpostretirementbenefitplansadjustmentbeforereclassificationadjustmentsnetoftax": -4900000,
        "othercomprehensiveincomelossreclassificationadjustmentfromaocipensionandotherpostretirementbenefitplansfornetgainlossnetoftax": -1400000,
        "othercomprehensiveincomelossnetoftaxportionattributabletoparent": -612600000,
        "comprehensiveincomenetoftax": -141000000,
        "othercomprehensiveincomelossreclassificationadjustmentfromaocionderivativestax": -500000,
        "othercomprehensiveincomelosspensionandotherpostretirementbenefitplansbeforereclassificationadjustmentstax": -2100000,
        "othercomprehensiveincomelossreclassificationadjustmentfromaocipensionandotherpostretirementbenefitplansfornetgainlosstax": -500000
    },
    {
        "date": "2014-06-27",
        "symbol": "TMO",
        "period": "Q2",
        "salesrevenuegoodsnet": 3778000000,
        "salesrevenueservicesnet": 543900000,
        "revenues": -129100000,
        "costofgoodssold": 2112900000,
        "costofservices": 362500000,
        "sellinggeneralandadministrativeexpense": 1253800000,
        "researchanddevelopmentexpense": 183700000,
        "restructuringandothercostsincomenet": 1500000,
        "costsandexpenses": 3973800000,
        "operatingincomeloss": 923600000,
        "otherincomeexpensenet": -111600000,
        "incomelossfromcontinuingoperationsbeforeincometaxesextraordinaryitemsnoncontrollinginterest": 236500000,
        "incometaxexpensebenefit": -42000000,
        "incomelossfromcontinuingoperations": 278500000,
        "netincomelossavailabletocommonstockholdersbasic": 278500000,
        "incomelossfromcontinuingoperationsperbasicshare": 0.7,
        "incomelossfromcontinuingoperationsperdilutedshare": 0.69,
        "earningspersharebasic": 0.7,
        "earningspersharediluted": 0.69,
        "weightedaveragenumberofsharesoutstandingbasic": 399400000,
        "weightedaveragenumberofdilutedsharesoutstanding": 403100000,
        "commonstockdividendspersharedeclared": 0.15,
        "othercomprehensiveincomeforeigncurrencytransactionandtranslationadjustmentnetoftaxportionattributabletoparent": -50700000,
        "othercomprehensiveincomeunrealizedholdinggainlossonsecuritiesarisingduringperiodnetoftax": 1800000,
        "othercomprehensiveincomelossreclassificationadjustmentfromaociforsaleofsecuritiesnetoftax": 1400000,
        "othercomprehensiveincomelossreclassificationadjustmentfromaocionderivativesnetoftax": -800000,
        "othercomprehensiveincomelosspensionandotherpostretirementbenefitplansadjustmentbeforereclassificationadjustmentsnetoftax": 700000,
        "othercomprehensiveincomelossreclassificationadjustmentfromaocipensionandotherpostretirementbenefitplansfornetgainlossnetoftax": -1300000,
        "othercomprehensiveincomelossnetoftaxportionattributabletoparent": -48900000,
        "comprehensiveincomenetoftax": 229600000,
        "othercomprehensiveincomeunrealizedholdinggainlossonsecuritiesarisingduringperiodtax": 100000,
        "othercomprehensiveincomelossreclassificationadjustmentfromaocionderivativestax": -500000,
        "othercomprehensiveincomelosspensionandotherpostretirementbenefitplansbeforereclassificationadjustmentstax": 300000,
        "othercomprehensiveincomelossreclassificationadjustmentfromaocipensionandotherpostretirementbenefitplansfornetgainlosstax": -600000
    },
    {
        "date": "2014-03-28",
        "symbol": "TMO",
        "period": "Q1",
        "salesrevenuegoodsnet": 3375400000,
        "salesrevenueservicesnet": 528100000,
        "revenues": 835500000,
        "costofgoodssold": 1933300000,
        "costofservices": 350200000,
        "sellinggeneralandadministrativeexpense": 1177000000,
        "researchanddevelopmentexpense": 149700000,
        "restructuringandothercostsincomenet": 91700000,
        "costsandexpenses": 3028000000,
        "operatingincomeloss": 244600000,
        "otherincomeexpensenet": -101100000,
        "incomelossfromcontinuingoperationsbeforeincometaxesextraordinaryitemsnoncontrollinginterest": 774400000,
        "incometaxexpensebenefit": 231300000,
        "incomelossfromcontinuingoperations": 543100000,
        "netincomeloss": 543100000,
        "incomelossfromcontinuingoperationsperbasicshare": 1.38,
        "incomelossfromcontinuingoperationsperdilutedshare": 1.36,
        "earningspersharebasic": 1.38,
        "earningspersharediluted": 1.36,
        "weightedaveragenumberofsharesoutstandingbasic": 393300000,
        "weightedaveragenumberofdilutedsharesoutstanding": 398400000,
        "commonstockdividendspersharedeclared": 0.15,
        "othercomprehensiveincomeforeigncurrencytransactionandtranslationadjustmentnetoftaxportionattributabletoparent": 14300000,
        "othercomprehensiveincomelossreclassificationadjustmentfromaocionderivativesnetoftax": -700000,
        "othercomprehensiveincomelosspensionandotherpostretirementbenefitplansadjustmentbeforereclassificationadjustmentsnetoftax": 1900000,
        "othercomprehensiveincomelossreclassificationadjustmentfromaocipensionandotherpostretirementbenefitplansfornetgainlossnetoftax": -1300000,
        "othercomprehensiveincomelossnetoftaxportionattributabletoparent": 14400000,
        "comprehensiveincomenetoftax": 557500000,
        "othercomprehensiveincomelossreclassificationadjustmentfromaocionderivativestax": -400000,
        "othercomprehensiveincomelosspensionandotherpostretirementbenefitplansbeforereclassificationadjustmentstax": 600000,
        "othercomprehensiveincomelossreclassificationadjustmentfromaocipensionandotherpostretirementbenefitplansfornetgainlosstax": -600000
    },
    {
        "date": "2013-09-27",
        "symbol": "TMO",
        "period": "Q3",
        "salesrevenuegoodsnet": 2730800000,
        "salesrevenueservicesnet": 461000000,
        "revenues": -146100000,
        "costofgoodssold": 1546600000,
        "costofservices": 297300000,
        "sellinggeneralandadministrativeexpense": 848500000,
        "researchanddevelopmentexpense": 95900000,
        "restructuringandothercostsincomenet": 4700000,
        "costsandexpenses": 2799700000,
        "operatingincomeloss": 619400000,
        "otherincomeexpensenet": -1400000,
        "incomelossfromcontinuingoperationsbeforeincometaxesextraordinaryitemsnoncontrollinginterest": -2800000,
        "incometaxexpensebenefit": -800000,
        "incomelossfromcontinuingoperations": 317700000,
        "discontinuedoperationincomelossfromdiscontinuedoperationduringphaseoutperiodnetoftax": -100000,
        "netincomeloss": -2800000,
        "incomelossfromcontinuingoperationsperbasicshare": 0.8800000000000001,
        "incomelossfromcontinuingoperationsperdilutedshare": 0.8599999999999999,
        "earningspersharebasic": 0.8799999999999999,
        "earningspersharediluted": 0.8700000000000002,
        "weightedaveragenumberofsharesoutstandingbasic": 800000,
        "weightedaveragenumberofdilutedsharesoutstanding": 1500000,
        "commonstockdividendspersharedeclared": 0.15000000000000005,
        "discontinuedoperationtaxeffectofincomelossfromdiscontinuedoperationduringphaseoutperiod": -100000,
        "othercomprehensiveincomeforeigncurrencytransactionandtranslationadjustmentnetoftaxportionattributabletoparent": 308800000,
        "othercomprehensiveincomeunrealizedholdinggainlossonsecuritiesarisingduringperiodnetoftax": 100000,
        "othercomprehensiveincomelosspensionandotherpostretirementbenefitplansadjustmentbeforereclassificationadjustmentsnetoftax": 4400000,
        "othercomprehensiveincomelossnetoftaxportionattributabletoparent": -2400000,
        "comprehensiveincomenetoftax": 623200000,
        "othercomprehensiveincomeunrealizedholdinggainlossonsecuritiesarisingduringperiodtax": 100000,
        "othercomprehensiveincomelosspensionandotherpostretirementbenefitplansbeforereclassificationadjustmentstax": 1700000
    },
    {
        "date": "2013-06-28",
        "symbol": "TMO",
        "period": "Q2",
        "salesrevenuegoodsnet": 2786800000,
        "salesrevenueservicesnet": 453300000,
        "revenues": -143200000,
        "costofgoodssold": 1572500000,
        "costofservices": 304400000,
        "sellinggeneralandadministrativeexpense": 869600000,
        "researchanddevelopmentexpense": 96700000,
        "restructuringandothercostsincomenet": 13000000,
        "costsandexpenses": 2864700000,
        "operatingincomeloss": 623800000,
        "otherincomeexpensenet": -1300000,
        "incomelossfromcontinuingoperationsbeforeincometaxesextraordinaryitemsnoncontrollinginterest": -2800000,
        "incometaxexpensebenefit": -900000,
        "incomelossfromcontinuingoperations": 277600000,
        "discontinuedoperationincomelossfromdiscontinuedoperationduringphaseoutperiodnetoftax": -200000,
        "discontinuedoperationgainlossondisposalnetoftax": 0,
        "netincomeloss": -2700000,
        "incomelossfromcontinuingoperationsperbasicshare": 0.77,
        "incomelossfromcontinuingoperationsperdilutedshare": 0.77,
        "earningspersharebasic": 0.77,
        "earningspersharediluted": 0.7599999999999999,
        "weightedaveragenumberofsharesoutstandingbasic": 900000,
        "weightedaveragenumberofdilutedsharesoutstanding": 900000,
        "commonstockdividendspersharedeclared": 0.15,
        "discontinuedoperationtaxeffectofincomelossfromdiscontinuedoperationduringphaseoutperiod": -100000,
        "discontinuedoperationtaxeffectofgainlossondisposalofdiscontinuedoperations": 0,
        "othercomprehensiveincomeforeigncurrencytransactionandtranslationadjustmentnetoftaxportionattributabletoparent": -135700000,
        "othercomprehensiveincomeunrealizedholdinggainlossonsecuritiesarisingduringperiodnetoftax": -100000,
        "othercomprehensiveincomelossreclassificationadjustmentforsaleofsecuritiesincludedinnetincomenetoftax": 0,
        "othercomprehensiveincomelossreclassificationadjustmentonderivativesincludedinnetincomenetoftax": 800000,
        "othercomprehensiveincomelosspensionandotherpostretirementbenefitplansadjustmentbeforereclassificationadjustmentsnetoftax": 300000,
        "othercomprehensiveincomereclassificationofdefinedbenefitplansnetgainlossrecognizedinnetperiodicbenefitcostnetoftax": 1900000,
        "othercomprehensiveincomelossnetoftaxportionattributabletoparent": 1600000,
        "comprehensiveincomenetoftax": 150700000,
        "othercomprehensiveincomeunrealizedholdinggainlossonsecuritiesarisingduringperiodtax": 700000,
        "othercomprehensiveincomelossreclassificationadjustmentforsaleofsecuritiesincludedinnetincometax": 0,
        "othercomprehensiveincomelossreclassificationadjustmentonderivativesincludedinnetincometax": 500000,
        "othercomprehensiveincomelosspensionandotherpostretirementbenefitplansbeforereclassificationadjustmentstax": -3100000,
        "othercomprehensiveincomelossreclassificationpensionandotherpostretirementbenefitplansnetgainlossrecognizedinnetperiodicbenefitcosttax": 900000
    },
    {
        "date": "2013-03-29",
        "symbol": "TMO",
        "period": "Q1",
        "salesrevenuegoodsnet": 2723500000,
        "salesrevenueservicesnet": 468000000,
        "revenues": -136200000,
        "costofgoodssold": 1533100000,
        "costofservices": 322100000,
        "sellinggeneralandadministrativeexpense": 829500000,
        "researchanddevelopmentexpense": 98200000,
        "restructuringandothercostsincomenet": 4800000,
        "costsandexpenses": 2804400000,
        "operatingincomeloss": 615100000,
        "otherincomeexpensenet": -1300000,
        "incomelossfromcontinuingoperationsbeforeincometaxesextraordinaryitemsnoncontrollinginterest": -2800000,
        "incometaxexpensebenefit": -900000,
        "incomelossfromcontinuingoperations": 340800000,
        "discontinuedoperationincomelossfromdiscontinuedoperationduringphaseoutperiodnetoftax": -400000,
        "discontinuedoperationgainlossondisposalnetoftax": -4200000,
        "netincomeloss": 5300000,
        "incomelossfromcontinuingoperationsperbasicshare": 0.95,
        "incomelossfromcontinuingoperationsperdilutedshare": 0.94,
        "earningspersharebasic": 0.94,
        "earningspersharediluted": 0.93,
        "weightedaveragenumberofsharesoutstandingbasic": 358100000,
        "weightedaveragenumberofdilutedsharesoutstanding": 361700000,
        "commonstockdividendspersharedeclared": 0.15,
        "discontinuedoperationtaxeffectofincomelossfromdiscontinuedoperationduringphaseoutperiod": -200000,
        "discontinuedoperationtaxeffectofgainlossondisposalofdiscontinuedoperations": -2800000,
        "othercomprehensiveincomeforeigncurrencytransactionandtranslationadjustmentnetoftaxportionattributabletoparent": -179300000,
        "othercomprehensiveincomeunrealizedholdinggainlossonsecuritiesarisingduringperiodnetoftax": 1200000,
        "othercomprehensiveincomelossreclassificationadjustmentforsaleofsecuritiesincludedinnetincomenetoftax": -8000000,
        "othercomprehensiveincomelossreclassificationadjustmentonderivativesincludedinnetincomenetoftax": 800000,
        "othercomprehensiveincomelosspensionandotherpostretirementbenefitplansadjustmentbeforereclassificationadjustmentsnetoftax": -4500000,
        "othercomprehensiveincomereclassificationofdefinedbenefitplansnetgainlossrecognizedinnetperiodicbenefitcostnetoftax": 1900000,
        "othercomprehensiveincomelossnetoftaxportionattributabletoparent": 6400000,
        "comprehensiveincomenetoftax": 157300000,
        "othercomprehensiveincomeunrealizedholdinggainlossonsecuritiesarisingduringperiodtax": -400000,
        "othercomprehensiveincomelossreclassificationadjustmentforsaleofsecuritiesincludedinnetincometax": -2500000,
        "othercomprehensiveincomelossreclassificationadjustmentonderivativesincludedinnetincometax": 500000,
        "othercomprehensiveincomelosspensionandotherpostretirementbenefitplansbeforereclassificationadjustmentstax": 1600000,
        "othercomprehensiveincomelossreclassificationpensionandotherpostretirementbenefitplansnetgainlossrecognizedinnetperiodicbenefitcosttax": 900000
    },
    {
        "date": "2012-09-28",
        "symbol": "TMO",
        "period": "Q3",
        "salesrevenuegoodsnet": 2611300000,
        "salesrevenueservicesnet": 430900000,
        "revenues": -143000000,
        "costofgoodssold": 1472100000,
        "costofservices": 273800000,
        "sellinggeneralandadministrativeexpense": 833300000,
        "restructuringandothercostsincomenet": 100000,
        "costsandexpenses": 2683400000,
        "operatingincomeloss": 579200000,
        "otherincomeexpensenet": -56300000,
        "incomelossfromcontinuingoperationsbeforeincometaxesextraordinaryitemsnoncontrollinginterest": 302500000,
        "incometaxexpensebenefit": -700000,
        "incomelossfromcontinuingoperations": 303200000,
        "discontinuedoperationgainlossondisposalnetoftax": -4900000,
        "netincomeloss": 290400000,
        "incomelossfromcontinuingoperationsperbasicshare": 0.8400000000000001,
        "incomelossfromcontinuingoperationsperdilutedshare": 0.8300000000000001,
        "earningspersharebasic": 0.7899999999999998,
        "earningspersharediluted": 0.8000000000000003,
        "weightedaveragenumberofsharesoutstandingbasic": -368700000,
        "weightedaveragenumberofdilutedsharesoutstanding": -371100000,
        "commonstockdividendspersharedeclared": 0.13,
        "discontinuedoperationtaxeffectofgainlossondisposalofdiscontinuedoperations": -11500000,
        "comprehensiveincomenetoftax": 547800000
    },
    {
        "date": "2012-06-29",
        "symbol": "TMO",
        "period": "Q2",
        "salesrevenuegoodsnet": 2678700000,
        "salesrevenueservicesnet": 429400000,
        "revenues": -143000000,
        "costofgoodssold": 1497900000,
        "costofservices": 288900000,
        "sellinggeneralandadministrativeexpense": 835000000,
        "researchanddevelopmentexpenses": 94200000,
        "restructuringandothercostsincomenet": 200000,
        "costsandexpenses": 2740300000,
        "operatingincomeloss": 590100000,
        "otherincomeexpensenet": -49400000,
        "incomelossfromcontinuingoperationsbeforeincometaxesextraordinaryitemsnoncontrollinginterest": 318400000,
        "incometaxexpensebenefit": 26000000,
        "incomelossfromcontinuingoperations": 292400000,
        "discontinuedoperationincomelossfromdiscontinuedoperationduringphaseoutperiodnetoftax": -7500000,
        "discontinuedoperationgainlossondisposalnetoftax": -51100000,
        "netincomeloss": 233800000,
        "incomelossfromcontinuingoperationsperbasicshare": 0.8,
        "incomelossfromcontinuingoperationsperdilutedshare": 0.79,
        "earningspersharebasic": 0.64,
        "earningspersharediluted": 0.63,
        "weightedaveragenumberofsharesoutstandingbasic": 367000000,
        "weightedaveragenumberofdilutedsharesoutstanding": 369200000,
        "commonstockdividendspersharedeclared": 0.13,
        "discontinuedoperationtaxeffectofincomelossfromdiscontinuedoperationduringphaseoutperiod": -4900000,
        "discontinuedoperationtaxeffectofgainlossondisposalofdiscontinuedoperations": -23300000,
        "othercomprehensiveincomeforeigncurrencytransactionandtranslationadjustmentnetoftaxperiodincreasedecrease": -310600000,
        "othercomprehensiveincomeavailableforsalesecuritiesadjustmentnetoftaxperiodincreasedecrease": 100000,
        "othercomprehensiveincomederivativesqualifyingashedgesnetoftaxperiodincreasedecrease": 800000,
        "othercomprehensiveincomedefinedbenefitplansadjustmentnetoftaxperiodincreasedecrease": 2900000,
        "othercomprehensiveincomelossnetoftaxperiodincreasedecrease": -306800000,
        "comprehensiveincomenetoftax": -73000000,
        "othercomprehensiveincomeavailableforsalesecuritiestax": -100000,
        "othercomprehensiveincomederivativesqualifyingashedgestaxeffectperiodincreasedecrease": -500000,
        "othercomprehensiveincomedefinedbenefitplanstax": -1200000
    },
    {
        "date": "2012-03-30",
        "symbol": "TMO",
        "period": "Q1",
        "salesrevenuegoodsnet": 2668500000,
        "salesrevenueservicesnet": 431800000,
        "revenues": -142000000,
        "costofgoodssold": 1540500000,
        "costofservices": 268000000,
        "sellinggeneralandadministrativeexpense": 830000000,
        "researchanddevelopmentexpenses": 91800000,
        "restructuringandothercostsincomenet": 100000,
        "costsandexpenses": 2745400000,
        "operatingincomeloss": 573000000,
        "otherincomeexpensenet": -49900000,
        "incomelossfromcontinuingoperationsbeforeincometaxesextraordinaryitemsnoncontrollinginterest": 305000000,
        "incometaxexpensebenefit": 28000000,
        "incomelossfromcontinuingoperations": 277000000,
        "discontinuedoperationgainlossondisposalnetoftax": 300000,
        "netincomeloss": 277300000,
        "incomelossfromcontinuingoperationsperbasicshare": 0.75,
        "incomelossfromcontinuingoperationsperdilutedshare": 0.75,
        "earningspersharebasic": 0.76,
        "earningspersharediluted": 0.75,
        "weightedaveragenumberofsharesoutstandingbasic": 367300000,
        "weightedaveragenumberofdilutedsharesoutstanding": 370100000,
        "commonstockdividendspersharedeclared": 0.13,
        "discontinuedoperationtaxeffectofgainlossondisposalofdiscontinuedoperations": 200000,
        "othercomprehensiveincomeforeigncurrencytransactionandtranslationadjustmentnetoftaxperiodincreasedecrease": 248500000,
        "othercomprehensiveincomederivativesqualifyingashedgesnetoftaxperiodincreasedecrease": 800000,
        "othercomprehensiveincomedefinedbenefitplansadjustmentnetoftaxperiodincreasedecrease": -700000,
        "othercomprehensiveincomelossnetoftaxperiodincreasedecrease": 248600000,
        "comprehensiveincomenetoftax": 525900000,
        "othercomprehensiveincomederivativesqualifyingashedgestaxeffectperiodincreasedecrease": -500000,
        "othercomprehensiveincomedefinedbenefitplanstax": 100000
    },
    {
        "date": "2011-09-30",
        "symbol": "TMO",
        "period": "Q3",
        "salesrevenuegoodsnet": 2555900000,
        "salesrevenueservicesnet": 417600000,
        "revenues": -105400000,
        "costofgoodssold": 1499900000,
        "costofservices": 249800000,
        "sellinggeneralandadministrativeexpense": 809700000,
        "researchanddevelopmentexpenses": 86800000,
        "restructuringandothercostsincomenet": 18600000,
        "costsandexpenses": 2658500000,
        "operatingincomeloss": 948000000,
        "otherincomeexpensenet": -50300000,
        "incomelossfromcontinuingoperationsbeforeincometaxesextraordinaryitemsnoncontrollinginterest": 264700000,
        "incometaxexpensebenefit": -600000,
        "incomelossfromcontinuingoperations": 265300000,
        "discontinuedoperationgainlossondisposalnetoftax": 100000,
        "netincomeloss": 265400000,
        "incomelossfromcontinuingoperationsperbasicshare": 0.6900000000000001,
        "incomelossfromcontinuingoperationsperdilutedshare": 0.6899999999999998,
        "earningspersharebasic": 0.7100000000000003,
        "earningspersharediluted": 0.6900000000000001,
        "weightedaveragenumberofsharesoutstandingbasic": -2000000,
        "weightedaveragenumberofdilutedsharesoutstanding": -2600000,
        "discontinuedoperationtaxeffectofgainlossondisposalofdiscontinuedoperations": -100000
    },
    {
        "date": "2011-07-01",
        "symbol": "TMO",
        "period": "Q2",
        "salesrevenuegoodsnet": 2472600000,
        "salesrevenueservicesnet": 424800000,
        "revenues": -141800000,
        "costofgoodssold": 1460200000,
        "costofservices": 271000000,
        "sellinggeneralandadministrativeexpense": 777200000,
        "researchanddevelopmentexpenses": 83300000,
        "restructuringandothercostsincomenet": 400000,
        "costsandexpenses": 2631600000,
        "operatingincomeloss": 265800000,
        "otherincomeexpensenet": -10200000,
        "incomelossfromcontinuingoperationsbeforeincometaxesextraordinaryitemsnoncontrollinginterest": 255600000,
        "incometaxexpensebenefit": 38000000,
        "incomelossfromcontinuingoperations": 217600000,
        "discontinuedoperationincomelossfromdiscontinuedoperationduringphaseoutperiodnetoftax": 0,
        "discontinuedoperationgainlossondisposalnetoftax": 305800000,
        "netincomeloss": 523400000,
        "incomelossfromcontinuingoperationsperbasicshare": 0.57,
        "incomelossfromcontinuingoperationsperdilutedshare": 0.5599999999999999,
        "earningspersharebasic": 1.3599999999999999,
        "earningspersharediluted": 1.35,
        "weightedaveragenumberofsharesoutstandingbasic": -3300000,
        "weightedaveragenumberofdilutedsharesoutstanding": -4300000,
        "discontinuedoperationtaxeffectofincomelossfromdiscontinuedoperationduringphaseoutperiod": 0,
        "discontinuedoperationtaxeffectofgainlossondisposalofdiscontinuedoperations": 191200000
    },
    {
        "date": "2011-04-01",
        "symbol": "TMO",
        "period": "Q1",
        "salesrevenuegoodsnet": 2336100000,
        "salesrevenueservicesnet": 385300000,
        "revenues": -141600000,
        "costofgoodssold": 1354800000,
        "costofservices": 246300000,
        "sellinggeneralandadministrativeexpense": 708700000,
        "researchanddevelopmentexpenses": 74800000,
        "restructuringandothercostsincomenet": 200000,
        "costsandexpenses": 2399900000,
        "operatingincomeloss": 321500000,
        "otherincomeexpensenet": -22500000,
        "incomelossfromcontinuingoperationsbeforeincometaxesextraordinaryitemsnoncontrollinginterest": 299000000,
        "incometaxexpensebenefit": 51800000,
        "incomelossfromcontinuingoperations": 247200000,
        "discontinuedoperationincomelossfromdiscontinuedoperationduringphaseoutperiodnetoftax": 5500000,
        "discontinuedoperationgainlossondisposalnetoftax": -500000,
        "netincomeloss": 252200000,
        "incomelossfromcontinuingoperationsperbasicshare": 0.64,
        "incomelossfromcontinuingoperationsperdilutedshare": 0.63,
        "earningspersharebasic": 0.65,
        "earningspersharediluted": 0.64,
        "weightedaveragenumberofsharesoutstandingbasic": 388600000,
        "weightedaveragenumberofdilutedsharesoutstanding": 394600000,
        "discontinuedoperationtaxeffectofincomelossfromdiscontinuedoperationduringphaseoutperiod": 3600000,
        "discontinuedoperationtaxeffectofgainlossondisposalofdiscontinuedoperations": -300000
    },
    {
        "date": "2010-10-01",
        "symbol": "TMO",
        "period": "Q3",
        "salesrevenuegoodsnet": 2268400000,
        "salesrevenueservicesnet": 415100000,
        "revenues": 2683500000,
        "costofgoodssold": 1344100000,
        "costofservices": 241900000,
        "sellinggeneralandadministrativeexpense": 696700000,
        "researchanddevelopmentexpenses": 71900000,
        "restructuringandothercostsincomenet": 200000,
        "costsandexpenses": 2364900000,
        "operatingincomeloss": 318600000,
        "otherincomeexpensenet": -15400000,
        "incomefromcontinuingoperationsbeforeprovisionforincometaxes": 303200000,
        "incometaxexpensebenefit": 34700000,
        "incomelossfromcontinuingoperations": 268500000,
        "netincomeloss": 268500000,
        "incomelossfromcontinuingoperationsperbasicshare": 0.6700000000000002,
        "incomelossfromcontinuingoperationsperdilutedshare": 0.6599999999999999,
        "earningspersharebasic": 0.6700000000000003,
        "earningspersharediluted": 0.6600000000000001,
        "weightedaveragenumberofsharesoutstandingbasic": -2900000,
        "weightedaveragenumberofdilutedsharesoutstanding": -4200000
    },
    {
        "date": "2010-07-02",
        "symbol": "TMO",
        "period": "Q2",
        "salesrevenuegoodsnet": 2247600000,
        "salesrevenueservicesnet": 401400000,
        "revenues": 2649000000,
        "costofgoodssold": 1335000000,
        "costofservices": 231000000,
        "sellinggeneralandadministrativeexpense": 692500000,
        "researchanddevelopmentexpenses": 70300000,
        "restructuringandothercostsincomenet": -17200000,
        "costsandexpenses": 2337000000,
        "operatingincomeloss": 312000000,
        "otherincomeexpensenet": -36800000,
        "incomefromcontinuingoperationsbeforeprovisionforincometaxes": 275200000,
        "incometaxexpensebenefit": 37900000,
        "incomelossfromcontinuingoperations": 237300000,
        "discontinuedoperationgainlossondisposalnetoftax": 0,
        "netincomeloss": 237300000,
        "incomelossfromcontinuingoperationsperbasicshare": 0.5799999999999998,
        "incomelossfromcontinuingoperationsperdilutedshare": 0.5700000000000001,
        "earningspersharebasic": 0.58,
        "earningspersharediluted": 0.5699999999999998,
        "weightedaveragenumberofsharesoutstandingbasic": -200000,
        "weightedaveragenumberofdilutedsharesoutstanding": -1100000,
        "discontinuedoperationtaxeffectofgainlossondisposalofdiscontinuedoperations": 0
    },
    {
        "date": "2010-04-02",
        "symbol": "TMO",
        "period": "Q1",
        "salesrevenuegoodsnet": 2281000000,
        "salesrevenueservicesnet": 394100000,
        "revenues": 2675100000,
        "costofgoodssold": 1350400000,
        "costofservices": 228400000,
        "sellinggeneralandadministrativeexpense": 719100000,
        "researchanddevelopmentexpenses": 66800000,
        "restructuringandothercostsincomenet": 17400000,
        "costsandexpenses": 2382100000,
        "operatingincomeloss": 293000000,
        "otherincomeexpensenet": -24900000,
        "incomefromcontinuingoperationsbeforeprovisionforincometaxes": 268100000,
        "incometaxexpensebenefit": 38300000,
        "incomelossfromcontinuingoperations": 229800000,
        "discontinuedoperationgainlossondisposalnetoftax": 2500000,
        "netincomeloss": 232300000,
        "incomelossfromcontinuingoperationsperbasicshare": 0.56,
        "incomelossfromcontinuingoperationsperdilutedshare": 0.55,
        "earningspersharebasic": 0.57,
        "earningspersharediluted": 0.56,
        "weightedaveragenumberofsharesoutstandingbasic": 409600000,
        "weightedaveragenumberofdilutedsharesoutstanding": 418200000,
        "discontinuedoperationtaxeffectofgainlossondisposalofdiscontinuedoperations": 1500000
    },
    {
        "date": "2009-09-25",
        "symbol": "TMO",
        "period": "Q3",
        "salesrevenuegoodsnet": 2140600000,
        "salesrevenueservicesnet": 390500000,
        "revenues": 2531100000,
        "costofgoodssold": 1285800000,
        "costofservices": 234100000,
        "sellinggeneralandadministrativeexpense": 662100000,
        "researchanddevelopmentexpenses": 60500000,
        "restructuringandothercostsincomenet": 13100000,
        "costsandexpenses": 2255600000,
        "operatingincomeloss": 275500000,
        "otherincomeexpensenet": -28600000,
        "incomefromcontinuingoperationsbeforeprovisionforincometaxes": 246900000,
        "incometaxexpensebenefit": 25700000,
        "incomelossfromcontinuingoperations": 221200000,
        "netincomeloss": 221200000,
        "incomelossfromcontinuingoperationsperbasicshare": 540000,
        "incomelossfromcontinuingoperationsperdilutedshare": 530000,
        "earningspersharebasic": 540000,
        "earningspersharediluted": 530000,
        "weightedaveragenumberofsharesoutstandingbasic": 407900000,
        "weightedaveragenumberofdilutedsharesoutstanding": 420200000
    }
]