[
    {
        "date": "2024-09-29",
        "symbol": "SCHW",
        "period": "Q3",
        "interestincomeoperating": 3928000000,
        "interestexpense": 1706000000,
        "interestincomeexpensenet": 2222000000,
        "revenuefromcontractwithcustomerexcludingassessedtax": 200000000,
        "revenues": 4847000000,
        "laborandrelatedexpense": 1522000000,
        "professionalfees": 256000000,
        "occupancynet": 271000000,
        "marketingandadvertisingexpense": 101000000,
        "communication": 147000000,
        "depreciationandamortizationexcludingamortizationofintangibleassets": 231000000,
        "amortizationofintangibleassets": 130000000,
        "regulatoryfeesandassessments": 88000000,
        "otherexpenses": 259000000,
        "noninterestexpense": 3005000000,
        "incomelossfromcontinuingoperationsbeforeincometaxesextraordinaryitemsnoncontrollinginterest": 1842000000,
        "incometaxexpensebenefit": 434000000,
        "netincomeloss": 39000000,
        "preferredstockdividendsandotheradjustments": 3000000,
        "netincomelossavailabletocommonstockholdersbasic": 36000000,
        "weightedaveragenumberofsharesoutstandingbasic": 51000000,
        "weightedaveragenumberofdilutedsharesoutstanding": 51000000,
        "earningspersharebasic": 0.71,
        "earningspersharediluted": 0.71,
        "othercomprehensiveincomeunrealizedholdinggainlossonsecuritiesarisingduringperiodbeforetax": 2434000000,
        "othercomprehensiveincomelossreclassificationadjustmentfromaociforsaleofsecuritiesbeforetax": -10000000,
        "othercomprehensiveincomelossheldtomaturitysecuritiesavailableforsaletransfertoheldtomaturityadjustmentfromaociforamortizationofgainlossbeforetax": -576000000,
        "othercomprehensiveincomelossotherbeforetax": 11000000,
        "othercomprehensiveincomelossbeforetaxportionattributabletoparent": 3031000000,
        "othercomprehensiveincomelosstaxportionattributabletoparent1": 500000,
        "othercomprehensiveincomelossnetoftaxportionattributabletoparent": 11000000,
        "comprehensiveincomenetoftax": 3726000000
    },
    {
        "date": "2023-06-29",
        "symbol": "SCHW",
        "period": "Q2",
        "interestincomeoperating": 4104000000,
        "interestexpense": 1814000000,
        "interestincomeexpensenet": 2290000000,
        "revenuefromcontractwithcustomerexcludingassessedtax": 1173000000,
        "revenues": 4656000000,
        "laborandrelatedexpense": 1498000000,
        "professionalfees": 272000000,
        "occupancynet": 319000000,
        "marketingandadvertisingexpense": 103000000,
        "communication": 188000000,
        "depreciationandamortizationexcludingamortizationofintangibleassets": 191000000,
        "amortizationofintangibleassets": 134000000,
        "regulatoryfeesandassessments": 80000000,
        "otherexpenses": 180000000,
        "noninterestexpense": 2965000000,
        "incomelossfromcontinuingoperationsbeforeincometaxesextraordinaryitemsnoncontrollinginterest": 1691000000,
        "incometaxexpensebenefit": 397000000,
        "netincomeloss": 1294000000,
        "preferredstockdividendsandotheradjustments": 121000000,
        "netincomelossavailabletocommonstockholdersbasic": 1173000000,
        "weightedaveragenumberofsharesoutstandingbasic": 1820000000,
        "weightedaveragenumberofdilutedsharesoutstanding": 1825000000,
        "earningspersharebasic": 0.64,
        "earningspersharediluted": 0.64,
        "othercomprehensiveincomeunrealizedholdinggainlossonsecuritiesarisingduringperiodbeforetax": -683000000,
        "othercomprehensiveincomelossreclassificationadjustmentfromaociforsaleofsecuritiesbeforetax": -11000000,
        "othercomprehensiveincomelossheldtomaturitysecuritiestransferredfromavailableforsaleamortizationbeforetax": -642000000,
        "othercomprehensiveincomelossotherbeforetax": -1000000,
        "othercomprehensiveincomelossbeforetaxportionattributabletoparent": -31000000,
        "othercomprehensiveincomelosstaxportionattributabletoparent1": 9000000,
        "othercomprehensiveincomelossnetoftaxportionattributabletoparent": -40000000,
        "comprehensiveincomenetoftax": 1254000000
    },
    {
        "date": "2021-09-29",
        "symbol": "SCHW",
        "period": "Q3",
        "interestincomeoperating": 2153000000,
        "interestexpense": 123000000,
        "interestincomeexpensenet": 2030000000,
        "revenuefromcontractwithcustomerexcludingassessedtax": 1101000000,
        "otherincome": 152000000,
        "revenues": 4570000000,
        "laborandrelatedexpense": 1303000000,
        "professionalfees": 250000000,
        "occupancynet": 246000000,
        "marketingandadvertisingexpense": 119000000,
        "communication": 144000000,
        "depreciationandamortizationexcludingamortizationofintangibleassets": 140000000,
        "amortizationofintangibleassets": 153000000,
        "regulatoryfeesandassessments": 64000000,
        "otherexpenses": 140000000,
        "noninterestexpense": 2559000000,
        "incomelossfromcontinuingoperationsbeforeincometaxesextraordinaryitemsnoncontrollinginterest": 2011000000,
        "incometaxexpensebenefit": 485000000,
        "netincomeloss": 1526000000,
        "preferredstockdividendsandotheradjustments": 120000000,
        "netincomelossavailabletocommonstockholdersbasic": 1406000000,
        "weightedaveragenumberofsharesoutstandingbasic": -1883000000,
        "weightedaveragenumberofdilutedsharesoutstanding": -1893000000,
        "earningspersharebasic": 0.74,
        "earningspersharediluted": 0.7400000000000002,
        "othercomprehensiveincomelossreclassificationadjustmentfromaociforsaleofsecuritiesbeforetax": 0,
        "othercomprehensiveincomelossbeforetax": -1519000000,
        "othercomprehensiveincomelosstax": -364000000,
        "othercomprehensiveincomelossnetoftax": -1155000000,
        "comprehensiveincomenetoftax": 371000000
    },
    {
        "date": "2021-06-29",
        "symbol": "SCHW",
        "period": "Q2",
        "interestincomeoperating": 2068000000,
        "interestexpense": 121000000,
        "interestincomeexpensenet": 1947000000,
        "revenuefromcontractwithcustomerexcludingassessedtax": 1047000000,
        "otherincome": 241000000,
        "revenues": 4527000000,
        "laborandrelatedexpense": 1318000000,
        "professionalfees": 247000000,
        "occupancynet": 239000000,
        "marketingandadvertisingexpense": 128000000,
        "communication": 166000000,
        "depreciationandamortizationexcludingamortizationofintangibleassets": 135000000,
        "amortizationofintangibleassets": 154000000,
        "regulatoryfeesandassessments": 66000000,
        "otherexpenses": 355000000,
        "noninterestexpense": 2808000000,
        "incomelossfromcontinuingoperationsbeforeincometaxesextraordinaryitemsnoncontrollinginterest": 1719000000,
        "incometaxexpensebenefit": 454000000,
        "netincomeloss": 1265000000,
        "preferredstockdividendsandotheradjustments": 148000000,
        "netincomelossavailabletocommonstockholdersbasic": 1117000000,
        "weightedaveragenumberofsharesoutstandingbasic": 1886000000,
        "weightedaveragenumberofdilutedsharesoutstanding": 1896000000,
        "earningspersharebasic": 0.59,
        "earningspersharediluted": 0.59,
        "othercomprehensiveincomelossavailableforsalesecuritiesadjustmentbeforereclassificationadjustmentsandtax": 2016000000,
        "othercomprehensiveincomelossreclassificationadjustmentfromaociforsaleofsecuritiesbeforetax": 4000000,
        "othercomprehensiveincomelossbeforetax": 2012000000,
        "othercomprehensiveincomelosstax": 482000000,
        "othercomprehensiveincomelossnetoftax": 1530000000,
        "comprehensiveincomenetoftax": 2795000000
    },
    {
        "date": "2021-03-30",
        "symbol": "SCHW",
        "period": "Q1",
        "interestincomeoperating": 2015000000,
        "interestexpense": 104000000,
        "interestincomeexpensenet": 1911000000,
        "revenuefromcontractwithcustomerexcludingassessedtax": 1016000000,
        "otherincome": 221000000,
        "revenues": 4715000000,
        "laborandrelatedexpense": 1430000000,
        "professionalfees": 226000000,
        "occupancynet": 237000000,
        "marketingandadvertisingexpense": 116000000,
        "communication": 147000000,
        "depreciationandamortizationexcludingamortizationofintangibleassets": 129000000,
        "amortizationofintangibleassets": 154000000,
        "regulatoryfeesandassessments": 78000000,
        "otherexpenses": 238000000,
        "noninterestexpense": 2755000000,
        "incomelossfromcontinuingoperationsbeforeincometaxesextraordinaryitemsnoncontrollinginterest": 1960000000,
        "incometaxexpensebenefit": 476000000,
        "netincomeloss": 1484000000,
        "preferredstockdividendsandotheradjustments": 96000000,
        "netincomelossavailabletocommonstockholdersbasic": 1388000000,
        "weightedaveragenumberofsharesoutstandingbasic": 1882000000,
        "weightedaveragenumberofdilutedsharesoutstanding": 1892000000,
        "earningspersharebasic": 0.74,
        "earningspersharediluted": 0.73,
        "antidilutivesecuritiesexcludedfromcomputationofearningspershareamount": 15000000,
        "othercomprehensiveincomeunrealizedholdinggainlossonsecuritiesarisingduringperiodbeforetax": -5917000000,
        "othercomprehensiveincomelossreclassificationadjustmentfromaociforsaleofsecuritiesbeforetax": 10000000,
        "othercomprehensiveincomelossbeforetax": -5927000000,
        "othercomprehensiveincomelosstax": -1411000000,
        "othercomprehensiveincomelossnetoftax": -4516000000,
        "comprehensiveincomenetoftax": -3032000000
    },
    {
        "date": "2020-06-29",
        "symbol": "SCHW",
        "period": "Q2",
        "netincomeloss": 671000000,
        "othercomprehensiveincomeunrealizedholdinggainlossonsecuritiesarisingduringperiodbeforetax": 2113000000,
        "othercomprehensiveincomeotherbeforetax": 1000000,
        "othercomprehensiveincomelossbeforetax": 2114000000,
        "othercomprehensiveincomelosstax": 498000000,
        "othercomprehensiveincomelossnetoftax": 1616000000,
        "comprehensiveincomenetoftax": 2287000000,
        "interestincomeoperating": 1486000000,
        "interestexpense": 97000000,
        "interestincomeexpensenet": 1389000000,
        "revenuefromcontractwithcustomerexcludingassessedtax": 801000000,
        "otherincome": 67000000,
        "revenues": 2450000000,
        "laborandrelatedexpense": 819000000,
        "professionalfees": 198000000,
        "occupancynet": 152000000,
        "marketingandadvertisingexpense": 70000000,
        "communication": 78000000,
        "depreciationandamortization": 109000000,
        "regulatoryfeesandassessments": 36000000,
        "otherexpenses": 100000000,
        "noninterestexpense": 1562000000,
        "incomelossfromcontinuingoperationsbeforeincometaxesextraordinaryitemsnoncontrollinginterest": 888000000,
        "incometaxexpensebenefit": 217000000,
        "preferredstockdividendsandotheradjustments": 50000000,
        "netincomelossavailabletocommonstockholdersbasic": 621000000,
        "weightedaveragenumberofsharesoutstandingbasic": 1288000000,
        "weightedaveragenumberofdilutedsharesoutstanding": 1294000000,
        "earningspersharebasic": 0.48,
        "earningspersharediluted": 0.48,
        "antidilutivesecuritiesexcludedfromcomputationofearningspershareamount": 19000000
    },
    {
        "date": "2019-09-29",
        "symbol": "SCHW",
        "period": "Q3",
        "netincomeloss": 951000000,
        "othercomprehensiveincomeunrealizedholdinggainlossonsecuritiesarisingduringperiodbeforetax": 51000000,
        "othercomprehensiveincomelossreclassificationadjustmentfromaociforsaleofsecuritiesbeforetax": 1000000,
        "othercomprehensivelossheldtomaturitysecuritytransferredfromavailableforsaleamortizationbeforetax": -10000000,
        "othercomprehensiveincomelossbeforetax": 60000000,
        "othercomprehensiveincomelosstax": 15000000,
        "othercomprehensiveincomelossnetoftax": 45000000,
        "comprehensiveincomenetoftax": 996000000,
        "interestincomeoperating": 1892000000,
        "interestexpense": 261000000,
        "interestincomeexpensenet": 1631000000,
        "revenuefromcontractwithcustomerexcludingassessedtax": 825000000,
        "otherincome": 83000000,
        "revenues": 2711000000,
        "laborandrelatedexpense": 857000000,
        "professionalfees": 168000000,
        "occupancynet": 144000000,
        "marketingandadvertisingexpense": 71000000,
        "communication": 63000000,
        "depreciationandamortization": 88000000,
        "regulatoryfeesandassessments": 30000000,
        "otherexpenses": 54000000,
        "noninterestexpense": 1475000000,
        "incomelossfromcontinuingoperationsbeforeincometaxesextraordinaryitemsnoncontrollinginterest": 1236000000,
        "incometaxexpensebenefit": 285000000,
        "preferredstockdividendsandotheradjustments": 38000000,
        "netincomelossavailabletocommonstockholdersbasic": 913000000,
        "weightedaveragenumberofsharesoutstandingbasic": 1300000000,
        "weightedaveragenumberofdilutedsharesoutstanding": 1308000000,
        "earningspersharebasic": 0.7,
        "earningspersharediluted": 0.7,
        "antidilutivesecuritiesexcludedfromcomputationofearningspershareamount": 17000000
    },
    {
        "date": "2019-06-29",
        "symbol": "SCHW",
        "period": "Q2",
        "netincomeloss": 937000000,
        "othercomprehensiveincomeunrealizedholdinggainlossonsecuritiesarisingduringperiodbeforetax": 218000000,
        "othercomprehensiveincomelossreclassificationadjustmentfromaociforsaleofsecuritiesbeforetax": 3000000,
        "othercomprehensivelossheldtomaturitysecuritytransferredfromavailableforsaleamortizationbeforetax": -8000000,
        "othercomprehensiveincomelossbeforetax": 223000000,
        "othercomprehensiveincomelosstax": 53000000,
        "othercomprehensiveincomelossnetoftax": 170000000,
        "comprehensiveincomenetoftax": 1107000000,
        "interestincomeoperating": 1927000000,
        "interestexpense": 318000000,
        "interestincomeexpensenet": 1609000000,
        "revenuefromcontractwithcustomerexcludingassessedtax": 786000000,
        "otherincome": 112000000,
        "revenues": 2681000000,
        "laborandrelatedexpense": 807000000,
        "professionalfees": 178000000,
        "occupancynet": 133000000,
        "marketingandadvertisingexpense": 77000000,
        "communication": 62000000,
        "depreciationandamortization": 84000000,
        "regulatoryfeesandassessments": 30000000,
        "otherexpenses": 74000000,
        "noninterestexpense": 1445000000,
        "incomelossfromcontinuingoperationsbeforeincometaxesextraordinaryitemsnoncontrollinginterest": 1236000000,
        "incometaxexpensebenefit": 299000000,
        "preferredstockdividendsandotheradjustments": 50000000,
        "netincomelossavailabletocommonstockholdersbasic": 887000000,
        "weightedaveragenumberofsharesoutstandingbasic": 1328000000,
        "weightedaveragenumberofdilutedsharesoutstanding": 1337000000,
        "earningspersharebasic": 0.67,
        "earningspersharediluted": 0.66,
        "antidilutivesecuritiesexcludedfromcomputationofearningspershareamount": 16000000
    },
    {
        "date": "2018-09-29",
        "symbol": "SCHW",
        "period": "Q3",
        "netincomeloss": 5000000,
        "othercomprehensiveincomeunrealizedholdinggainlossonsecuritiesarisingduringperiodbeforetax": -43000000,
        "othercomprehensivelossheldtomaturitysecuritytransferredfromavailableforsaleamortizationbeforetax": -8000000,
        "othercomprehensiveincomelossbeforetax": -35000000,
        "othercomprehensiveincomelosstax": -9000000,
        "othercomprehensiveincomelossnetoftax": -26000000,
        "comprehensiveincomenetoftax": 897000000,
        "interestincomeoperating": 1755000000,
        "interestexpense": 228000000,
        "interestincomeexpensenet": 1138000000,
        "feesandcommissions": 565000000,
        "tradingrevenue": 112000000,
        "otherincome": 53000000,
        "revenues": 1868000000,
        "laborandrelatedexpense": -7000000,
        "professionalfees": 164000000,
        "occupancynet": 124000000,
        "marketingandadvertisingexpense": 70000000,
        "communication": 59000000,
        "depreciationandamortization": 78000000,
        "regulatoryfeesandassessments": 57000000,
        "otherexpenses": 71000000,
        "noninterestexpense": 1015000000,
        "incomelossfromcontinuingoperationsbeforeincometaxesextraordinaryitemsnoncontrollinginterest": 853000000,
        "incometaxexpensebenefit": 2000000,
        "preferredstockdividendsandotheradjustments": 38000000,
        "netincomelossavailabletocommonstockholdersbasic": 885000000,
        "weightedaveragenumberofsharesoutstandingbasic": 1351000000,
        "weightedaveragenumberofdilutedsharesoutstanding": 1364000000,
        "earningspersharebasic": 0.66,
        "earningspersharediluted": 0.65,
        "commonstockdividendspersharedeclared": 0.13
    },
    {
        "date": "2018-06-29",
        "symbol": "SCHW",
        "period": "Q2",
        "netincomeloss": 7000000,
        "othercomprehensiveincomeunrealizedholdinggainlossonsecuritiesarisingduringperiodbeforetax": -33000000,
        "othercomprehensivelossheldtomaturitysecuritytransferredfromavailableforsaleamortizationbeforetax": -9000000,
        "othercomprehensiveincomelossbeforetax": -24000000,
        "othercomprehensiveincomelosstax": -6000000,
        "othercomprehensiveincomelossnetoftax": -18000000,
        "comprehensiveincomenetoftax": 848000000,
        "interestincomeoperating": 1590000000,
        "interestexpense": 183000000,
        "interestincomeexpensenet": 1063000000,
        "feesandcommissions": 569000000,
        "tradingrevenue": 115000000,
        "otherincome": 65000000,
        "revenues": 1812000000,
        "laborandrelatedexpense": -9000000,
        "professionalfees": 156000000,
        "occupancynet": 122000000,
        "marketingandadvertisingexpense": 77000000,
        "communication": 58000000,
        "depreciationandamortization": 75000000,
        "regulatoryfeesandassessments": 50000000,
        "otherexpenses": 72000000,
        "noninterestexpense": 1012000000,
        "incomelossfromcontinuingoperationsbeforeincometaxesextraordinaryitemsnoncontrollinginterest": 800000000,
        "incometaxexpensebenefit": 2000000,
        "preferredstockdividendsandotheradjustments": 53000000,
        "netincomelossavailabletocommonstockholdersbasic": 813000000,
        "weightedaveragenumberofsharesoutstandingbasic": 1350000000,
        "weightedaveragenumberofdilutedsharesoutstanding": 1364000000,
        "earningspersharebasic": 0.6,
        "earningspersharediluted": 0.6,
        "commonstockdividendspersharedeclared": 0.1
    },
    {
        "date": "2015-09-29",
        "symbol": "SCHW",
        "period": "Q3",
        "feesandcommissions": 470000000,
        "interestincomeoperating": 669000000,
        "interestexpense": 34000000,
        "interestincomeexpensenet": 533000000,
        "tradingrevenue": 151000000,
        "otherincome": 47000000,
        "provisionforloanlossesexpensed": -4000000,
        "revenues": 1205000000,
        "laborandrelatedexpense": 548000000,
        "professionalfees": 114000000,
        "occupancynet": 92000000,
        "marketingandadvertisingexpense": 58000000,
        "communication": 58000000,
        "depreciationandamortization": 57000000,
        "otherexpenses": 87000000,
        "noninterestexpense": 772000000,
        "incomelossfromcontinuingoperationsbeforeincometaxesextraordinaryitemsnoncontrollinginterest": 433000000,
        "incometaxexpensebenefit": 207000000,
        "netincomeloss": 376000000,
        "preferredstockdividendsandotheradjustments": 11000000,
        "netincomelossavailabletocommonstockholdersbasic": 365000000,
        "weightedaveragenumberofdilutedsharesoutstanding": 1328000000,
        "earningspersharebasic": 0.28,
        "earningspersharediluted": 0.28,
        "othercomprehensiveincomeunrealizedholdinggainlossonsecuritiesarisingduringperiodbeforetax": -249000000,
        "othercomprehensiveincomelossbeforetax": -249000000,
        "othercomprehensiveincomelosstax": -94000000,
        "othercomprehensiveincomelossnetoftax": -155000000,
        "comprehensiveincomenetoftax": 221000000
    },
    {
        "date": "2015-06-29",
        "symbol": "SCHW",
        "period": "Q2",
        "feesandcommissions": 474000000,
        "interestincomeoperating": 645000000,
        "interestexpense": 33000000,
        "interestincomeexpensenet": 524000000,
        "tradingrevenue": 135000000,
        "otherincome": 58000000,
        "provisionforloanlossesexpensed": -2000000,
        "revenues": 1193000000,
        "laborandrelatedexpense": 540000000,
        "professionalfees": 112000000,
        "occupancynet": 85000000,
        "marketingandadvertisingexpense": 62000000,
        "communication": 59000000,
        "depreciationandamortization": 55000000,
        "otherexpenses": 86000000,
        "noninterestexpense": 770000000,
        "incomelossfromcontinuingoperationsbeforeincometaxesminorityinterestandincomelossfromequitymethodinvestments": 423000000,
        "incometaxexpensebenefit": 214000000,
        "netincomeloss": 353000000,
        "preferredstockdividendsandotheradjustments": 23000000,
        "netincomelossavailabletocommonstockholdersbasic": 330000000,
        "weightedaveragenumberofdilutedsharesoutstanding": 1326000000,
        "earningspersharebasic": 0.25,
        "earningspersharediluted": 0.25,
        "othercomprehensiveincomeunrealizedholdinggainlossonsecuritiesarisingduringperiodbeforetax": -91000000,
        "othercomprehensiveincomelossbeforetax": -91000000,
        "othercomprehensiveincomelosstax": -34000000,
        "othercomprehensiveincomelossnetoftax": -57000000,
        "comprehensiveincomenetoftax": 296000000
    },
    {
        "date": "2014-09-29",
        "symbol": "SCHW",
        "period": "Q3",
        "feesandcommissions": 455000000,
        "interestincomeoperating": 600000000,
        "interestexpense": 27000000,
        "interestincomeexpensenet": 513000000,
        "tradinggainslosses": 144000000,
        "otherincome": 45000000,
        "provisionforloanlossesexpensed": -1000000,
        "otherthantemporaryimpairmentlossesinvestmentsportionrecognizedinearningsnet": 1000000,
        "revenues": 45000000,
        "laborandrelatedexpense": 593000000,
        "professionalfees": 117000000,
        "occupancynet": 82000000,
        "marketingandadvertisingexpense": 59000000,
        "communication": 55000000,
        "depreciationandamortization": 49000000,
        "otherexpenses": 78000000,
        "noninterestexpense": 68000000,
        "incomelossfromcontinuingoperationsbeforeincometaxesminorityinterestandincomelossfromequitymethodinvestments": -23000000,
        "incometaxexpensebenefit": 197000000,
        "netincomeloss": 321000000,
        "preferredstockdividendsincomestatementimpact": 9000000,
        "netincomelossavailabletocommonstockholdersbasic": 312000000,
        "weightedaveragenumberofdilutedsharesoutstanding": 1316000000,
        "earningspersharebasic": 0.24,
        "earningspersharediluted": 0.24,
        "impairmentofinvestments": 1000000,
        "othercomprehensiveincomeunrealizedholdinggainlossonsecuritiesarisingduringperiodbeforetax": -25000000,
        "othercomprehensiveincomelossreclassificationadjustmentfromaociforwritedownofsecuritiesbeforetax": 1000000,
        "othercomprehensiveincomelossreclassificationadjustmentfromaociforsaleofsecuritiesbeforetax": 12000000,
        "othercomprehensiveincomelossbeforetax": -36000000,
        "othercomprehensiveincomelosstax": -13000000,
        "othercomprehensiveincomelossnetoftax": -23000000,
        "comprehensiveincomenetoftax": 298000000
    },
    {
        "date": "2014-06-29",
        "symbol": "SCHW",
        "period": "Q2",
        "feesandcommissions": 441000000,
        "interestincomeoperating": 588000000,
        "interestexpense": 26000000,
        "interestincomeexpensenet": 504000000,
        "tradinggainslosses": 145000000,
        "otherincome": 47000000,
        "provisionforloanleaseandotherlosses": -6000000,
        "revenues": 1143000000,
        "laborandrelatedexpense": 520000000,
        "professionalfees": 112000000,
        "occupancynet": 80000000,
        "marketingandadvertisingexpense": 65000000,
        "communication": 57000000,
        "depreciationandamortization": 48000000,
        "otherexpenses": 75000000,
        "noninterestexpense": 734000000,
        "incomelossfromcontinuingoperationsbeforeincometaxesminorityinterestandincomelossfromequitymethodinvestments": 409000000,
        "incometaxexpensebenefit": 197000000,
        "netincomeloss": 324000000,
        "preferredstockdividendsincomestatementimpact": 22000000,
        "netincomelossavailabletocommonstockholdersbasic": 302000000,
        "weightedaveragenumberofdilutedsharesoutstanding": 1313000000,
        "earningspersharebasic": 0.23,
        "earningspersharediluted": 0.23,
        "othercomprehensiveincomeunrealizedholdinggainlossonsecuritiesarisingduringperiodbeforetax": 126000000,
        "othercomprehensiveincomelossreclassificationadjustmentfromaociforsaleofsecuritiesbeforetax": 1000000,
        "othercomprehensiveincomelossbeforetax": 125000000,
        "othercomprehensiveincomelosstax": 47000000,
        "othercomprehensiveincomelossnetoftax": 78000000,
        "comprehensiveincomenetoftax": 402000000
    },
    {
        "date": "2012-06-29",
        "symbol": "SCHW",
        "period": "Q2",
        "feesandcommissions": 227000000,
        "interestincomeoperating": 497000000,
        "interestexpense": 39000000,
        "interestincomeexpensenet": 73000000,
        "tradinggainslosses": 72000000,
        "otherincome": 21000000,
        "provisionforloanleaseandotherlosses": 1000000,
        "netotherthantemporaryimpairments": 1000000,
        "revenues": 391000000,
        "laborandrelatedexpense": 446000000,
        "professionalfees": 93000000,
        "occupancynet": 80000000,
        "marketingandadvertisingexpense": 57000000,
        "communication": 55000000,
        "depreciationandamortization": 48000000,
        "otherexpenses": 72000000,
        "noninterestexpense": 264000000,
        "incomelossfromcontinuingoperationsbeforeincometaxesminorityinterestandincomelossfromequitymethodinvestments": 127000000,
        "incometaxexpensebenefit": 157000000,
        "netincomeloss": 275000000,
        "preferredstockdividendsincomestatementimpact": 14000000,
        "netincomelossavailabletocommonstockholdersbasic": 261000000,
        "weightedaveragenumberofdilutedsharesoutstanding": 1274000000,
        "earningspersharebasic": 0.2,
        "earningspersharediluted": 0.2,
        "otherthantemporaryimpairments": 12000000,
        "otherthantemporaryimpairmentlossesinvestmentsportioninothercomprehensiveincomelossbeforetaxincludingportionattributabletononcontrollinginterestavailableforsalesecurities": 5000000,
        "othercomprehensiveincomeunrealizedholdinggainlossonsecuritiesarisingduringperiodbeforetax": 119000000,
        "othercomprehensiveincomelossreclassificationadjustmentforwritedownofsecuritiesincludedinnetincomebeforetax": 7000000,
        "othercomprehensiveincomelossreclassificationadjustmentforsaleofsecuritiesincludedinnetincomebeforetax": -1000000,
        "othercomprehensiveincomelossavailableforsalesecuritiestax": 47000000,
        "othercomprehensiveincomelossnetoftax": 78000000,
        "comprehensiveincomenetoftax": 353000000
    },
    {
        "date": "2011-06-29",
        "symbol": "SCHW",
        "period": "Q2",
        "feesandcommissions": 227000000,
        "interestincomeoperating": 496000000,
        "interestexpense": 45000000,
        "interestincomeexpensenet": 64000000,
        "tradinggainslosses": 70000000,
        "otherincome": 19000000,
        "provisionforloanleaseandotherlosses": 1000000,
        "netotherthantemporaryimpairments": 2000000,
        "revenues": 380000000,
        "laborandrelatedexpense": 430000000,
        "professionalfees": 92000000,
        "occupancynet": 73000000,
        "marketingandadvertisingexpense": 51000000,
        "communication": 54000000,
        "depreciationandamortization": 33000000,
        "gainlossrelatedtolitigationsettlement": -7000000,
        "otherexpenses": 64000000,
        "noninterestexpense": 258000000,
        "incomelossfromcontinuingoperationsbeforeincometaxesminorityinterestandincomelossfromequitymethodinvestments": 122000000,
        "incometaxexpensebenefit": 148000000,
        "netincomeloss": 238000000,
        "weightedaveragenumberofdilutedsharesoutstanding": 1210000000,
        "earningspersharebasic": 0.2,
        "earningspersharediluted": 0.2,
        "otherthantemporaryimpairments": 11000000,
        "otherthantemporaryimpairmentlossesinvestmentsportioninothercomprehensiveincomelossbeforetaxincludingportionattributabletononcontrollinginterestavailableforsalesecurities": 9000000
    }
]