[
    {
        "date": "2024-09-29",
        "symbol": "ALL",
        "period": "Q3",
        "premiumsearnednet": -27294000000,
        "otherincome": 781000000,
        "netinvestmentincome": 783000000,
        "realizedinvestmentgainslossescontinuingoperations": 243000000,
        "revenues": 16627000000,
        "accidentandhealthinsurancecontractbenefitsnetofreinsurancerecoveries": 317000000,
        "deferredpolicyacquisitioncostamortizationexpense": 2037000000,
        "othercostandexpenseoperating": 2217000000,
        "definedbenefitplanactuarialgainlossimmediaterecognitionascomponentinnetperiodicbenefitcostcredit": -26000000,
        "restructuringcharges": 15000000,
        "amortizationofintangibleassets": -83000000,
        "benefitslossesandexpenses": 15209000000,
        "incomelossfromoperationsbeforeincometaxexpensebenefit": 1418000000,
        "incometaxexpensebenefit": 254000000,
        "profitloss": 1164000000,
        "netincomelossattributabletononcontrollinginterest": -25000000,
        "netincomeloss": 1190000000,
        "preferredstockdividendsincomestatementimpact": 29000000,
        "netincomelossavailabletocommonstockholdersbasic": 1161000000,
        "netincomelossavailabletocommonstockholdersdiluted": 1161000000,
        "earningspersharebasic": 4.389999999999999,
        "weightedaveragenumberofsharesoutstandingbasic": 264100000,
        "earningspersharediluted": 4.329999999999999,
        "weightedaveragenumberofdilutedsharesoutstanding": 267400000,
        "othercomprehensiveincomelossavailableforsalesecuritiesincludingotherthantemporaryimpairmentlossesadjustmentnetoftax": 1299000000,
        "othercomprehensiveincomelossforeigncurrencytransactionandtranslationadjustmentnetoftax": 14000000,
        "ociliabilityforfuturepolicybenefitgainlossafterreclassificationadjustmentandtax": -36000000,
        "othercomprehensiveincomelossnetoftax": 1277000000,
        "comprehensiveincomenetoftaxincludingportionattributabletononcontrollinginterest": 2441000000,
        "comprehensiveincomenetoftaxattributabletononcontrollinginterest": -19000000,
        "comprehensiveincomenetoftax": 2460000000
    },
    {
        "date": "2024-06-29",
        "symbol": "ALL",
        "period": "Q2",
        "premiumsearnednet": 13952000000,
        "otherincome": 679000000,
        "netinvestmentincome": 712000000,
        "realizedinvestmentgainslossescontinuingoperations": -103000000,
        "revenues": 15714000000,
        "accidentandhealthinsurancecontractbenefitsnetofreinsurancerecoveries": 291000000,
        "deferredpolicyacquisitioncostamortizationexpense": 2001000000,
        "othercostandexpenseoperating": 2019000000,
        "definedbenefitplanactuarialgainlossimmediaterecognitionascomponentinnetperiodicbenefitcostcredit": 9000000,
        "restructuringcharges": 13000000,
        "amortizationofintangibleassets": 70000000,
        "benefitslossesandexpenses": 15284000000,
        "incomelossfromoperationsbeforeincometaxexpensebenefit": 430000000,
        "incometaxexpensebenefit": 83000000,
        "profitloss": 347000000,
        "netincomelossattributabletononcontrollinginterest": 16000000,
        "netincomeloss": 331000000,
        "preferredstockdividendsincomestatementimpact": 30000000,
        "netincomelossavailabletocommonstockholdersbasic": 301000000,
        "netincomelossavailabletocommonstockholdersdiluted": 301000000,
        "earningspersharebasic": 1.1400000000000006,
        "weightedaveragenumberofsharesoutstandingbasic": 263800000,
        "earningspersharediluted": 1.12,
        "weightedaveragenumberofdilutedsharesoutstanding": 266800000,
        "othercomprehensiveincomelossavailableforsalesecuritiesincludingotherthantemporaryimpairmentlossesadjustmentnetoftax": -119000000,
        "othercomprehensiveincomelossforeigncurrencytransactionandtranslationadjustmentnetoftax": -23000000,
        "othercomprehensiveincomelosspensionandotherpostretirementbenefitplansadjustmentnetoftax": 0,
        "ociliabilityforfuturepolicybenefitgainlossafterreclassificationadjustmentandtax": -1000000,
        "othercomprehensiveincomelossnetoftax": -143000000,
        "comprehensiveincomenetoftaxincludingportionattributabletononcontrollinginterest": 204000000,
        "comprehensiveincomenetoftaxattributabletononcontrollinginterest": 16000000,
        "comprehensiveincomenetoftax": 188000000
    },
    {
        "date": "2024-03-30",
        "symbol": "ALL",
        "period": "Q1",
        "premiumsearnednet": 13512000000,
        "otherincome": 669000000,
        "netinvestmentincome": 764000000,
        "realizedinvestmentgainslossescontinuingoperations": -164000000,
        "revenues": 15259000000,
        "incurredclaimspropertycasualtyandliability": 9501000000,
        "accidentandhealthinsurancecontractbenefitsnetofreinsurancerecoveries": 296000000,
        "deferredpolicyacquisitioncostamortizationexpense": 1939000000,
        "othercostandexpenseoperating": 1885000000,
        "definedbenefitplanactuarialgainlossimmediaterecognitionascomponentinnetperiodicbenefitcostcredit": 2000000,
        "restructuringcharges": 10000000,
        "amortizationofintangibleassets": 69000000,
        "interestexpense": 97000000,
        "benefitslossesandexpenses": 13795000000,
        "incomelossfromoperationsbeforeincometaxexpensebenefit": 1464000000,
        "incometaxexpensebenefit": 266000000,
        "profitloss": 1198000000,
        "netincomelossattributabletononcontrollinginterest": -20000000,
        "netincomeloss": 1218000000,
        "preferredstockdividendsincomestatementimpact": 29000000,
        "netincomelossavailabletocommonstockholdersbasic": 1189000000,
        "netincomelossavailabletocommonstockholdersdiluted": 1189000000,
        "earningspersharebasic": 4.51,
        "weightedaveragenumberofsharesoutstandingbasic": 263500000,
        "earningspersharediluted": 4.46,
        "weightedaveragenumberofdilutedsharesoutstanding": 266500000,
        "othercomprehensiveincomelossavailableforsalesecuritiesincludingotherthantemporaryimpairmentlossesadjustmentnetoftax": -215000000,
        "othercomprehensiveincomelossforeigncurrencytransactionandtranslationadjustmentnetoftax": 8000000,
        "othercomprehensiveincomelosspensionandotherpostretirementbenefitplansadjustmentnetoftax": 1000000,
        "ociliabilityforfuturepolicybenefitgainlossafterreclassificationadjustmentandtax": 25000000,
        "othercomprehensiveincomelossnetoftax": -183000000,
        "comprehensiveincomenetoftaxincludingportionattributabletononcontrollinginterest": 1015000000,
        "comprehensiveincomenetoftaxattributabletononcontrollinginterest": -19000000,
        "comprehensiveincomenetoftax": 1034000000
    },
    {
        "date": "2023-06-29",
        "symbol": "ALL",
        "period": "Q2",
        "premiumsearnednet": 12470000000,
        "otherincome": 597000000,
        "netinvestmentincome": 610000000,
        "realizedinvestmentgainslossescontinuingoperations": -151000000,
        "revenues": 13979000000,
        "incurredclaimspropertycasualtyandliability": 11727000000,
        "accidentandhealthinsurancecontractbenefitsnetofreinsurancerecoveries": 258000000,
        "deferredpolicyacquisitioncostamortizationexpense": 1789000000,
        "othercostandexpenseoperating": 1786000000,
        "definedbenefitplanactuarialgainlossimmediaterecognitionascomponentinnetperiodicbenefitcostcredit": 40000000,
        "restructuringcharges": 27000000,
        "amortizationofintangibleassets": 82000000,
        "interestexpense": 98000000,
        "benefitslossesandexpenses": 15727000000,
        "incomelossfromoperationsbeforeincometaxexpensebenefit": -1748000000,
        "incometaxexpensebenefit": -373000000,
        "profitloss": -1375000000,
        "netincomelossattributabletononcontrollinginterest": -23000000,
        "netincomeloss": -1352000000,
        "preferredstockdividendsincomestatementimpact": 37000000,
        "netincomelossavailabletocommonstockholdersbasic": -1389000000,
        "netincomelossavailabletocommonstockholdersdiluted": -1389000000,
        "earningspersharebasic": -5.29,
        "weightedaveragenumberofsharesoutstandingbasic": 262600000,
        "earningspersharediluted": -5.29,
        "weightedaveragenumberofdilutedsharesoutstanding": 262600000,
        "othercomprehensiveincomelossavailableforsalesecuritiesincludingotherthantemporaryimpairmentlossesadjustmentnetoftax": -272000000,
        "othercomprehensiveincomelossforeigncurrencytransactionandtranslationadjustmentnetoftax": 28000000,
        "othercomprehensiveincomelosspensionandotherpostretirementbenefitplansadjustmentnetoftax": 5000000,
        "ociliabilityforfuturepolicybenefitgainlossafterreclassificationadjustmentandtax": 8000000,
        "othercomprehensiveincomelossnetoftax": -241000000,
        "comprehensiveincomenetoftaxincludingportionattributabletononcontrollinginterest": -1616000000,
        "comprehensiveincomenetoftaxattributabletononcontrollinginterest": -24000000,
        "comprehensiveincomenetoftax": -1592000000
    },
    {
        "date": "2023-03-30",
        "symbol": "ALL",
        "period": "Q1",
        "premiumsearnednet": 57000000,
        "otherincome": 561000000,
        "netinvestmentincome": 31000000,
        "realizedinvestmentgainslossescontinuingoperations": 14000000,
        "revenues": -33000000,
        "incurredclaimspropertycasualtyandliability": 40000000,
        "accidentandhealthinsurancecontractbenefitsnetofreinsurancerecoveries": 265000000,
        "deferredpolicyacquisitioncostamortizationexpense": 1744000000,
        "othercostandexpenseoperating": 1716000000,
        "definedbenefitplanactuarialgainlossimmediaterecognitionascomponentinnetperiodicbenefitcostcredit": -4000000,
        "restructuringcharges": 27000000,
        "amortizationofintangibleassets": 24000000,
        "interestexpense": 86000000,
        "benefitslossesandexpenses": 14192000000,
        "incomelossfromoperationsbeforeincometaxexpensebenefit": -406000000,
        "incometaxexpensebenefit": -85000000,
        "profitloss": -1000000,
        "netincomelossattributabletononcontrollinginterest": -1000000,
        "netincomeloss": -320000000,
        "preferredstockdividendsincomestatementimpact": 26000000,
        "netincomelossavailabletocommonstockholdersbasic": -346000000,
        "netincomelossavailabletocommonstockholdersdiluted": -346000000,
        "earningspersharebasic": -1.31,
        "weightedaveragenumberofsharesoutstandingbasic": 263500000,
        "earningspersharediluted": -1.31,
        "weightedaveragenumberofdilutedsharesoutstanding": 263500000,
        "othercomprehensiveincomelossavailableforsalesecuritiesincludingotherthantemporaryimpairmentlossesadjustmentnetoftax": 5000000,
        "othercomprehensiveincomelossforeigncurrencytransactionandtranslationadjustmentnetoftax": 50000000,
        "othercomprehensiveincomelosspensionandotherpostretirementbenefitplansadjustmentnetoftax": 4000000,
        "ociliabilityforfuturepolicybenefitgainlossafterreclassificationadjustmentandtax": -9000000,
        "othercomprehensiveincomelossnetoftax": -9000000,
        "comprehensiveincomenetoftaxincludingportionattributabletononcontrollinginterest": 398000000,
        "comprehensiveincomenetoftaxattributabletononcontrollinginterest": 4000000,
        "comprehensiveincomenetoftax": 394000000
    },
    {
        "date": "2022-12-30",
        "symbol": "ALL",
        "period": "Q4",
        "premiumsearnednet": 47615000000,
        "netinvestmentincome": -7000000,
        "revenues": 143000000,
        "incurredclaimspropertycasualtyandliability": 10002000000,
        "accidentandhealthinsurancecontractbenefitsnetofreinsurancerecoveries": 260000000,
        "deferredpolicyacquisitioncostamortizationexpense": -4767000000,
        "othercostandexpenseoperating": -5538000000,
        "definedbenefitplanactuarialgainlossimmediaterecognitionascomponentinnetperiodicbenefitcostcredit": -224000000,
        "restructuringcharges": -13000000,
        "amortizationofintangibleassets": 89000000,
        "interestexpense": 100000000,
        "benefitslossesandexpenses": -38715000000,
        "incomelossfromoperationsbeforeincometaxexpensebenefit": -420000000,
        "incometaxexpensebenefit": 274000000,
        "incomelossfromcontinuingoperationsincludingportionattributabletononcontrollinginterest": -303000000,
        "profitloss": 54000000,
        "netincomelossattributabletononcontrollinginterest": -17000000,
        "netincomeloss": -284000000,
        "preferredstockdividendsincomestatementimpact": 26000000,
        "netincomelossavailabletocommonstockholdersbasic": -310000000,
        "incomelossfromcontinuingoperationsperbasicshare": -1.0999999999999996,
        "earningspersharebasic": -1.0999999999999996,
        "incomelossfromcontinuingoperationsperdilutedshare": -1.0699999999999998,
        "earningspersharediluted": -1.0699999999999998,
        "weightedaveragenumberofsharesoutstandingbasic": -549400000,
        "weightedaveragenumberofdilutedsharesoutstanding": -553100000,
        "othercomprehensiveincomelossavailableforsalesecuritiesincludingotherthantemporaryimpairmentlossesadjustmentnetoftax": -2825000000,
        "othercomprehensiveincomelosspensionandotherpostretirementbenefitplansadjustmentnetoftax": 5000000,
        "comprehensiveincomenetoftaxincludingportionattributabletononcontrollinginterest": 351000000,
        "comprehensiveincomenetoftaxattributabletononcontrollinginterest": -13000000,
        "comprehensiveincomenetoftax": 344000000
    },
    {
        "date": "2022-09-29",
        "symbol": "ALL",
        "period": "Q3",
        "premiumsearnednet": 39000000,
        "insurancecommissionsandfees": 23000000,
        "netinvestmentincome": 28000000,
        "realizedcapitalgainslossescontinuingoperations": -13000000,
        "revenues": -39000000,
        "incurredclaimspropertycasualtyandliability": 10073000000,
        "accidentandhealthinsurancecontractbenefitsnetofreinsurancerecoveries": 263000000,
        "deferredpolicyacquisitioncostamortizationexpense": 1682000000,
        "othercostandexpenseoperating": 1842000000,
        "definedbenefitplanactuarialgainlossimmediaterecognitionascomponentinnetperiodicbenefitcostcredit": 2000000,
        "restructuringcharges": 14000000,
        "amortizationofintangibleassets": 90000000,
        "interestexpense": 85000000,
        "benefitslossesandexpenses": 14128000000,
        "incomelossfromoperationsbeforeincometaxexpensebenefit": -920000000,
        "incometaxexpensebenefit": -237000000,
        "incomelossfromcontinuingoperationsincludingportionattributabletononcontrollinginterest": -683000000,
        "profitloss": -15000000,
        "netincomelossattributabletononcontrollinginterest": -15000000,
        "netincomeloss": -668000000,
        "preferredstockdividendsincomestatementimpact": 26000000,
        "netincomelossavailabletocommonstockholdersbasic": -694000000,
        "incomelossfromcontinuingoperationsperbasicshare": -2.58,
        "earningspersharebasic": -2.58,
        "incomelossfromcontinuingoperationsperdilutedshare": -2.58,
        "earningspersharediluted": -2.58,
        "weightedaveragenumberofsharesoutstandingbasic": 268700000,
        "weightedaveragenumberofdilutedsharesoutstanding": 268700000,
        "othercomprehensiveincomelossavailableforsalesecuritiesincludingotherthantemporaryimpairmentlossesadjustmentnetoftax": -6000000,
        "othercomprehensiveincomelossforeigncurrencytransactionandtranslationadjustmentnetoftax": -88000000,
        "othercomprehensiveincomelosspensionandotherpostretirementbenefitplansadjustmentnetoftax": 8000000,
        "othercomprehensiveincomelossnetoftax": -8000000,
        "comprehensiveincomenetoftaxincludingportionattributabletononcontrollinginterest": -1568000000,
        "comprehensiveincomenetoftaxattributabletononcontrollinginterest": -21000000,
        "comprehensiveincomenetoftax": -1547000000
    },
    {
        "date": "2022-06-29",
        "symbol": "ALL",
        "period": "Q2",
        "premiumsearnednet": 41000000,
        "insurancecommissionsandfees": 25000000,
        "netinvestmentincome": 28000000,
        "realizedcapitalgainslossescontinuingoperations": 31000000,
        "revenues": -38000000,
        "incurredclaimspropertycasualtyandliability": 9367000000,
        "accidentandhealthinsurancecontractbenefitsnetofreinsurancerecoveries": 269000000,
        "deferredpolicyacquisitioncostamortizationexpense": 1619000000,
        "othercostandexpenseoperating": 1850000000,
        "definedbenefitplanactuarialgainlossimmediaterecognitionascomponentinnetperiodicbenefitcostcredit": 19000000,
        "restructuringcharges": 1000000,
        "amortizationofintangibleassets": 87000000,
        "interestexpense": 83000000,
        "benefitslossesandexpenses": 13535000000,
        "incomelossfromoperationsbeforeincometaxexpensebenefit": -1315000000,
        "incometaxexpensebenefit": -291000000,
        "incomelossfromcontinuingoperationsincludingportionattributabletononcontrollinginterest": -1024000000,
        "profitloss": -9000000,
        "netincomelossattributabletononcontrollinginterest": -10000000,
        "netincomeloss": -1015000000,
        "preferredstockdividendsincomestatementimpact": 27000000,
        "netincomelossavailabletocommonstockholdersbasic": -1042000000,
        "incomelossfromcontinuingoperationsperbasicshare": -3.81,
        "earningspersharebasic": -3.81,
        "incomelossfromcontinuingoperationsperdilutedshare": -3.81,
        "earningspersharediluted": -3.81,
        "weightedaveragenumberofsharesoutstandingbasic": 273800000,
        "weightedaveragenumberofdilutedsharesoutstanding": 273800000,
        "othercomprehensiveincomelossavailableforsalesecuritiesincludingotherthantemporaryimpairmentlossesadjustmentnetoftax": -8000000,
        "othercomprehensiveincomelossforeigncurrencytransactionandtranslationadjustmentnetoftax": -47000000,
        "othercomprehensiveincomelosspensionandotherpostretirementbenefitplansadjustmentnetoftax": 15000000,
        "othercomprehensiveincomelossnetoftaxportionattributabletoparent": -1205000000,
        "comprehensiveincomenetoftaxincludingportionattributabletononcontrollinginterest": -2229000000,
        "comprehensiveincomenetoftaxattributabletononcontrollinginterest": -17000000,
        "comprehensiveincomenetoftax": -2212000000
    },
    {
        "date": "2022-03-30",
        "symbol": "ALL",
        "period": "Q1",
        "premiumsearnednet": 42000000,
        "insurancecommissionsandfees": 24000000,
        "netinvestmentincome": 10000000,
        "realizedcapitalgainslossescontinuingoperations": 16000000,
        "revenues": -41000000,
        "incurredclaimspropertycasualtyandliability": 7822000000,
        "accidentandhealthinsurancecontractbenefitsnetofreinsurancerecoveries": 269000000,
        "deferredpolicyacquisitioncostamortizationexpense": 1612000000,
        "othercostandexpenseoperating": 1902000000,
        "definedbenefitplanactuarialgainlossimmediaterecognitionascomponentinnetperiodicbenefitcostcredit": 24000000,
        "restructuringcharges": -10000000,
        "amortizationofintangibleassets": 87000000,
        "interestexpense": 83000000,
        "benefitslossesandexpenses": 11540000000,
        "incomelossfromoperationsbeforeincometaxexpensebenefit": 797000000,
        "incometaxexpensebenefit": 151000000,
        "incomelossfromcontinuingoperationsincludingportionattributabletononcontrollinginterest": 646000000,
        "profitloss": -10000000,
        "netincomelossattributabletononcontrollinginterest": -10000000,
        "netincomeloss": 656000000,
        "preferredstockdividendsincomestatementimpact": 26000000,
        "netincomelossavailabletocommonstockholdersbasic": 630000000,
        "incomelossfromcontinuingoperationsperbasicshare": 2.27,
        "earningspersharebasic": 2.27,
        "incomelossfromcontinuingoperationsperdilutedshare": 2.24,
        "earningspersharediluted": 2.24,
        "weightedaveragenumberofsharesoutstandingbasic": 278100000,
        "weightedaveragenumberofdilutedsharesoutstanding": 281800000,
        "othercomprehensiveincomelossavailableforsalesecuritiesincludingotherthantemporaryimpairmentlossesadjustmentnetoftax": -12000000,
        "othercomprehensiveincomelosspensionandotherpostretirementbenefitplansadjustmentnetoftax": 15000000,
        "othercomprehensiveincomelossnetoftaxportionattributabletoparent": -1608000000,
        "comprehensiveincomenetoftaxincludingportionattributabletononcontrollinginterest": -962000000,
        "comprehensiveincomenetoftaxattributabletononcontrollinginterest": -22000000,
        "comprehensiveincomenetoftax": -940000000
    },
    {
        "date": "2021-06-29",
        "symbol": "ALL",
        "period": "Q2",
        "premiumsearnednet": 10444000000,
        "insurancecommissionsandfees": 447000000,
        "netinvestmentincome": 974000000,
        "realizedcapitalgainslossescontinuingoperations": 287000000,
        "revenues": 12646000000,
        "incurredclaimspropertycasualtyandliability": 7207000000,
        "policyholderbenefitsshelterinplacepayback": 29000000,
        "lifeandannuitycontractbenefitsnetofreinsurancerecoveries": 244000000,
        "interestcreditedtopolicyholdersaccountbalances": 8000000,
        "deferredpolicyacquisitioncostamortizationexpense": 1545000000,
        "othercostandexpenseoperating": 1683000000,
        "definedbenefitplanactuarialgainlossimmediaterecognitionascomponentinnetperiodicbenefitcostcredit": 134000000,
        "restructuringcharges": 71000000,
        "amortizationofintangibleassets": 105000000,
        "interestexpense": 91000000,
        "benefitslossesandexpenses": 10849000000,
        "incomelossfromoperationsbeforeincometaxexpensebenefit": 1797000000,
        "incometaxexpensebenefit": 362000000,
        "incomelossfromcontinuingoperationsincludingportionattributabletononcontrollinginterest": 1435000000,
        "incomelossfromdiscontinuedoperationsnetoftax": 196000000,
        "profitloss": 1631000000,
        "netincomelossattributabletononcontrollinginterest": 6000000,
        "netincomeloss": 1625000000,
        "preferredstockdividendsincomestatementimpact": 30000000,
        "netincomelossavailabletocommonstockholdersbasic": 1595000000,
        "incomelossfromcontinuingoperationsperbasicshare": 4.68,
        "incomelossfromdiscontinuedoperationsnetoftaxperbasicshare": 0.66,
        "earningspersharebasic": 5.34,
        "incomelossfromcontinuingoperationsperdilutedshare": 4.61,
        "incomelossfromdiscontinuedoperationsnetoftaxperdilutedshare": 0.65,
        "earningspersharediluted": 5.26,
        "weightedaveragenumberofsharesoutstandingbasic": 298800000,
        "weightedaveragenumberofdilutedsharesoutstanding": 303300000,
        "othercomprehensiveincomelossavailableforsalesecuritiesincludingotherthantemporaryimpairmentlossesadjustmentnetoftax": 484000000,
        "othercomprehensiveincomelossforeigncurrencytransactionandtranslationadjustmentnetoftax": -3000000,
        "othercomprehensiveincomelosspensionandotherpostretirementbenefitplansadjustmentnetoftax": 14000000,
        "othercomprehensiveincomelossnetoftaxportionattributabletoparent": 467000000,
        "comprehensiveincomenetoftaxincludingportionattributabletononcontrollinginterest": 2098000000,
        "comprehensiveincomenetoftaxattributabletononcontrollinginterest": 5000000,
        "comprehensiveincomenetoftax": 2093000000
    },
    {
        "date": "2020-09-29",
        "symbol": "ALL",
        "period": "Q3",
        "netincomeloss": 1153000000,
        "othercomprehensiveincomelossavailableforsalesecuritiesincludingotherthantemporaryimpairmentlossesadjustmentnetoftax": 142000000,
        "othercomprehensiveincomelossforeigncurrencytransactionandtranslationadjustmentnetoftax": 25000000,
        "othercomprehensiveincomelosspensionandotherpostretirementbenefitplansadjustmentnetoftax": -38000000,
        "othercomprehensiveincomelossnetoftaxportionattributabletoparent": 205000000,
        "comprehensiveincomenetoftax": 1358000000,
        "premiumsearnednet": 9336000000,
        "insurancecommissionsandfees": 620000000,
        "netinvestmentincome": 832000000,
        "realizedinvestmentgainslosses": 440000000,
        "revenues": 11500000000,
        "incurredclaimspropertycasualtyandliability": 6072000000,
        "policyholderbenefitsshelterinplacepayback": 0,
        "lifeandannuitycontractbenefitsnetofreinsurancerecoveries": 727000000,
        "interestcreditedtopolicyholdersaccountbalances": 150000000,
        "deferredpolicyacquisitioncostamortizationexpense": 1492000000,
        "othercostandexpenseoperating": 1380000000,
        "definedbenefitplanactuarialgainlossimmediaterecognitionascomponentinnetperiodicbenefitcostcredit": 71000000,
        "restructuringcharges": 200000000,
        "amortizationofintangibleassets": 31000000,
        "interestexpense": 78000000,
        "benefitslossesandexpenses": 10059000000,
        "disposalgroupnotdiscontinuedoperationgainlossondisposal": 1000000,
        "incomelossfromoperationsbeforeincometaxexpensebenefit": 1442000000,
        "incometaxexpensebenefit": 289000000,
        "preferredstockdividendsincomestatementimpact": 27000000,
        "netincomelossavailabletocommonstockholdersbasic": 1126000000,
        "earningspersharebasic": 3.589999999999999,
        "weightedaveragenumberofsharesoutstandingbasic": -317000000,
        "earningspersharediluted": 3.5600000000000005,
        "weightedaveragenumberofdilutedsharesoutstanding": -321500000
    },
    {
        "date": "2020-06-29",
        "symbol": "ALL",
        "period": "Q2",
        "netincomeloss": 1250000000,
        "othercomprehensiveincomelossavailableforsalesecuritiesincludingotherthantemporaryimpairmentlossesadjustmentnetoftax": 2072000000,
        "othercomprehensiveincomelossforeigncurrencytransactionandtranslationadjustmentnetoftax": 9000000,
        "othercomprehensiveincomelosspensionandotherpostretirementbenefitplansadjustmentnetoftax": 11000000,
        "othercomprehensiveincomelossnetoftaxportionattributabletoparent": 2070000000,
        "comprehensiveincomenetoftax": 3320000000,
        "premiumsearnednet": 9223000000,
        "insurancecommissionsandfees": 604000000,
        "netinvestmentincome": 409000000,
        "realizedinvestmentgainslosses": 704000000,
        "revenues": 11197000000,
        "incurredclaimspropertycasualtyandliability": 5222000000,
        "policyholderbenefitsshelterinplacepayback": 738000000,
        "lifeandannuitycontractbenefitsnetofreinsurancerecoveries": 497000000,
        "interestcreditedtopolicyholdersaccountbalances": 200000000,
        "deferredpolicyacquisitioncostamortizationexpense": 1349000000,
        "othercostandexpenseoperating": 1451000000,
        "definedbenefitplanactuarialgainlossimmediaterecognitionascomponentinnetperiodicbenefitcostcredit": -73000000,
        "restructuringcharges": 14000000,
        "amortizationofintangibleassets": 29000000,
        "interestexpense": 79000000,
        "benefitslossesandexpenses": 9652000000,
        "disposalgroupnotdiscontinuedoperationgainlossondisposal": 1000000,
        "incomelossfromoperationsbeforeincometaxexpensebenefit": 1546000000,
        "incometaxexpensebenefit": 296000000,
        "preferredstockdividendsincomestatementimpact": 26000000,
        "netincomelossavailabletocommonstockholdersbasic": 1224000000,
        "earningspersharebasic": 3.9,
        "weightedaveragenumberofsharesoutstandingbasic": 313700000,
        "earningspersharediluted": 3.86,
        "weightedaveragenumberofdilutedsharesoutstanding": 317000000
    },
    {
        "date": "2020-03-30",
        "symbol": "ALL",
        "period": "Q1",
        "netincomeloss": 549000000,
        "othercomprehensiveincomelossavailableforsalesecuritiesincludingotherthantemporaryimpairmentlossesadjustmentnetoftax": -1357000000,
        "othercomprehensiveincomelossforeigncurrencytransactionandtranslationadjustmentnetoftax": -39000000,
        "othercomprehensiveincomelosspensionandotherpostretirementbenefitplansadjustmentnetoftax": -4000000,
        "othercomprehensiveincomelossnetoftaxportionattributabletoparent": -1392000000,
        "comprehensiveincomenetoftax": -843000000,
        "premiumsearnednet": 9235000000,
        "insurancecommissionsandfees": 617000000,
        "netinvestmentincome": 421000000,
        "realizedinvestmentgainslosses": -462000000,
        "revenues": 10076000000,
        "incurredclaimspropertycasualtyandliability": 5341000000,
        "policyholderbenefitsshelterinplacepayback": 210000000,
        "lifeandannuitycontractbenefitsnetofreinsurancerecoveries": 501000000,
        "interestcreditedtopolicyholdersaccountbalances": 132000000,
        "deferredpolicyacquisitioncostamortizationexpense": 1401000000,
        "othercostandexpenseoperating": 1399000000,
        "definedbenefitplanactuarialgainlossimmediaterecognitionascomponentinnetperiodicbenefitcostcredit": -318000000,
        "restructuringcharges": 5000000,
        "amortizationofintangibleassets": 28000000,
        "interestexpense": 81000000,
        "benefitslossesandexpenses": 9416000000,
        "disposalgroupnotdiscontinuedoperationgainlossondisposal": 1000000,
        "incomelossfromoperationsbeforeincometaxexpensebenefit": 661000000,
        "incometaxexpensebenefit": 112000000,
        "preferredstockdividendsincomestatementimpact": 36000000,
        "netincomelossavailabletocommonstockholdersbasic": 513000000,
        "earningspersharebasic": 1.62,
        "weightedaveragenumberofsharesoutstandingbasic": 317400000,
        "earningspersharediluted": 1.59,
        "weightedaveragenumberofdilutedsharesoutstanding": 322400000
    },
    {
        "date": "2019-09-29",
        "symbol": "ALL",
        "period": "Q3",
        "netincomeloss": 931000000,
        "othercomprehensiveincomelossavailableforsalesecuritiesincludingotherthantemporaryimpairmentlossesadjustmentnetoftax": 369000000,
        "othercomprehensiveincomelossforeigncurrencytransactionandtranslationadjustmentnetoftax": -10000000,
        "othercomprehensiveincomelosspensionandotherpostretirementbenefitplansadjustmentnetoftax": 12000000,
        "othercomprehensiveincomelossnetoftaxportionattributabletoparent": 347000000,
        "comprehensiveincomenetoftax": 1278000000,
        "revenuefromcontractwithcustomerexcludingassessedtax": 9094000000,
        "netinvestmentincome": 880000000,
        "impairmentofinvestments": 16000000,
        "otherthantemporaryimpairmentlossesinvestmentsportioninothercomprehensiveincomelossbeforetaxportionattributabletoparent": -2000000,
        "otherthantemporaryimpairmentlossesinvestmentsportionrecognizedinearningsnet": 14000000,
        "salesandvaluationchangesonequityinvestmentsandderivatives": 211000000,
        "realizedinvestmentgainslosses": 197000000,
        "revenues": 11069000000,
        "incurredclaimspropertycasualtyandliability": 6051000000,
        "lifeandannuitycontractbenefitsnetofreinsurancerecoveries": 513000000,
        "interestcreditedtopolicyholdersaccountbalances": 169000000,
        "deferredpolicyacquisitioncostamortizationexpense": 1425000000,
        "othercostandexpenseoperating": 1414000000,
        "restructuringcharges": 0,
        "amortizationofintangibleassets": 32000000,
        "interestexpense": 80000000,
        "benefitslossesandexpenses": 9909000000,
        "disposalgroupnotdiscontinuedoperationgainlossondisposal": 0,
        "incomelossfromoperationsbeforeincometaxexpensebenefit": 1160000000,
        "incometaxexpensebenefit": 229000000,
        "preferredstockdividendsincomestatementimpact": 42000000,
        "netincomelossavailabletocommonstockholdersbasic": 889000000,
        "earningspersharebasic": 2.7199999999999998,
        "weightedaveragenumberofsharesoutstandingbasic": -333800000,
        "earningspersharediluted": 2.67,
        "weightedaveragenumberofdilutedsharesoutstanding": -338700000
    },
    {
        "date": "2019-06-29",
        "symbol": "ALL",
        "period": "Q2",
        "netincomeloss": 851000000,
        "othercomprehensiveincomelossavailableforsalesecuritiesincludingotherthantemporaryimpairmentlossesadjustmentnetoftax": 682000000,
        "othercomprehensiveincomelossforeigncurrencytransactionandtranslationadjustmentnetoftax": 4000000,
        "othercomprehensiveincomelosspensionandotherpostretirementbenefitplansadjustmentnetoftax": 11000000,
        "othercomprehensiveincomelossnetoftaxportionattributabletoparent": 675000000,
        "comprehensiveincomenetoftax": 1526000000,
        "revenuefromcontractwithcustomerexcludingassessedtax": 8986000000,
        "netinvestmentincome": 942000000,
        "impairmentofinvestments": 12000000,
        "otherthantemporaryimpairmentlossesinvestmentsportioninothercomprehensiveincomelossbeforetaxportionattributabletoparent": 3000000,
        "otherthantemporaryimpairmentlossesinvestmentsportionrecognizedinearningsnet": 15000000,
        "salesandvaluationchangesonequityinvestmentsandderivatives": 339000000,
        "realizedinvestmentgainslosses": 324000000,
        "revenues": 11144000000,
        "incurredclaimspropertycasualtyandliability": 6356000000,
        "lifeandannuitycontractbenefitsnetofreinsurancerecoveries": 511000000,
        "interestcreditedtopolicyholdersaccountbalances": 156000000,
        "deferredpolicyacquisitioncostamortizationexpense": 1362000000,
        "othercostandexpenseoperating": 1380000000,
        "definedbenefitplanactuarialgainlossimmediaterecognitionascomponentinnetperiodicbenefitcostcredit": -125000000,
        "restructuringcharges": 9000000,
        "amortizationofintangibleassets": 32000000,
        "impairmentofintangibleassetsindefinitelivedexcludinggoodwill": 55000000,
        "interestexpense": 82000000,
        "benefitslossesandexpenses": 10068000000,
        "disposalgroupnotdiscontinuedoperationgainlossondisposal": 2000000,
        "incomelossfromoperationsbeforeincometaxexpensebenefit": 1078000000,
        "incometaxexpensebenefit": 227000000,
        "preferredstockdividendsincomestatementimpact": 30000000,
        "netincomelossavailabletocommonstockholdersbasic": 821000000,
        "earningspersharebasic": 2.47,
        "weightedaveragenumberofsharesoutstandingbasic": 332000000,
        "earningspersharediluted": 2.44,
        "weightedaveragenumberofdilutedsharesoutstanding": 336900000
    },
    {
        "date": "2019-03-30",
        "symbol": "ALL",
        "period": "Q1",
        "netincomeloss": 1292000000,
        "othercomprehensiveincomelossavailableforsalesecuritiesincludingotherthantemporaryimpairmentlossesadjustmentnetoftax": 974000000,
        "othercomprehensiveincomelossforeigncurrencytransactionandtranslationadjustmentnetoftax": 5000000,
        "othercomprehensiveincomelosspensionandotherpostretirementbenefitplansadjustmentnetoftax": 12000000,
        "othercomprehensiveincomelossnetoftaxportionattributabletoparent": 967000000,
        "comprehensiveincomenetoftax": 2259000000,
        "revenuefromcontractwithcustomerexcludingassessedtax": 8802000000,
        "netinvestmentincome": 648000000,
        "impairmentofinvestments": 16000000,
        "otherthantemporaryimpairmentlossesinvestmentsportioninothercomprehensiveincomelossbeforetaxportionattributabletoparent": -2000000,
        "otherthantemporaryimpairmentlossesinvestmentsportionrecognizedinearningsnet": 14000000,
        "salesandvaluationchangesonequityinvestmentsandderivatives": 676000000,
        "realizedinvestmentgainslosses": 662000000,
        "revenues": 10990000000,
        "incurredclaimspropertycasualtyandliability": 5820000000,
        "lifeandannuitycontractbenefitsnetofreinsurancerecoveries": 497000000,
        "interestcreditedtopolicyholdersaccountbalances": 162000000,
        "deferredpolicyacquisitioncostamortizationexpense": 1364000000,
        "othercostandexpenseoperating": 1380000000,
        "definedbenefitplanremeasurementgainloss": -15000000,
        "amortizationofintangibleassets": 32000000,
        "restructuringcharges": 18000000,
        "interestexpense": 83000000,
        "benefitslossesandexpenses": 9371000000,
        "disposalgroupnotdiscontinuedoperationgainlossondisposal": 1000000,
        "incomelossfromoperationsbeforeincometaxexpensebenefit": 1620000000,
        "incometaxexpensebenefit": 328000000,
        "preferredstockdividendsincomestatementimpact": 31000000,
        "netincomelossavailabletocommonstockholdersbasic": 1261000000,
        "earningspersharebasic": 3.79,
        "weightedaveragenumberofsharesoutstandingbasic": 332600000,
        "earningspersharediluted": 3.74,
        "weightedaveragenumberofdilutedsharesoutstanding": 337500000
    },
    {
        "date": "2018-09-29",
        "symbol": "ALL",
        "period": "Q3",
        "netincomeloss": 870000000,
        "othercomprehensiveincomelossavailableforsalesecuritiesincludingotherthantemporaryimpairmentlossesadjustmentnetoftax": -70000000,
        "othercomprehensiveincomelossforeigncurrencytransactionandtranslationadjustmentnetoftax": -14000000,
        "othercomprehensiveincomelosspensionandotherpostretirementbenefitplansadjustmentnetoftax": -68000000,
        "othercomprehensiveincomelossnetoftaxportionattributabletoparent": -16000000,
        "comprehensiveincomenetoftax": 854000000,
        "revenuefromcontractwithcustomerexcludingassessedtax": 8595000000,
        "netinvestmentincome": 410000000,
        "impairmentofinvestments": 2000000,
        "otherthantemporaryimpairmentlossesinvestmentsportioninothercomprehensiveincomelossbeforetaxportionattributabletoparent": 1000000,
        "otherthantemporaryimpairmentlossesinvestmentsportionrecognizedinearningsnet": 3000000,
        "salesandvaluationchangesonequityinvestmentsandderivatives": 181000000,
        "realizedinvestmentgainslosses": 1000000,
        "revenues": 20000000,
        "incurredclaimspropertycasualtyandliability": 5817000000,
        "lifeandannuitycontractbenefitsnetofreinsurancerecoveries": 498000000,
        "interestcreditedtopolicyholdersaccountbalances": 163000000,
        "deferredpolicyacquisitioncostamortizationexpense": 1317000000,
        "othercostandexpenseoperating": 1534000000,
        "restructuringcharges": 16000000,
        "interestexpense": 82000000,
        "benefitslossesandexpenses": 9427000000,
        "disposalgroupnotdiscontinuedoperationgainlossondisposal": 1000000,
        "incomelossfromoperationsbeforeincometaxexpensebenefit": 1039000000,
        "incometaxexpensebenefit": 169000000,
        "preferredstockdividendsincomestatementimpact": 37000000,
        "netincomelossavailabletocommonstockholdersbasic": -170000000,
        "earningspersharebasic": 2.41,
        "weightedaveragenumberofsharesoutstandingbasic": 346000000,
        "earningspersharediluted": 2.37,
        "weightedaveragenumberofdilutedsharesoutstanding": 351700000,
        "commonstockdividendspersharedeclared": 0.46
    },
    {
        "date": "2017-09-29",
        "symbol": "ALL",
        "period": "Q3",
        "netincomeloss": 666000000,
        "othercomprehensiveincomelossavailableforsalesecuritiesincludingotherthantemporaryimpairmentlossesadjustmentnetoftax": 125000000,
        "othercomprehensiveincomelossforeigncurrencytransactionandtranslationadjustmentnetoftax": 28000000,
        "othercomprehensiveincomelosspensionandotherpostretirementbenefitplansadjustmentnetoftax": -73000000,
        "othercomprehensiveincomelossnetoftaxportionattributabletoparent": 226000000,
        "comprehensiveincomenetoftax": 892000000,
        "premiumsearnednetpropertyandcasualty": 8121000000,
        "lifeandannuitypremiumsandcontractchargesnetofreinsuranceceded": 593000000,
        "netinvestmentincome": 10000000,
        "impairmentofinvestments": 16000000,
        "otherthantemporaryimpairmentlossesinvestmentsportioninothercomprehensiveincomelossbeforetaxportionattributabletoparent": -2000000,
        "otherthantemporaryimpairmentlossesinvestmentsportionrecognizedinearningsnet": 16000000,
        "otherrealizedcapitalgainsandlosses": 131000000,
        "realizedinvestmentgainslosses": 82000000,
        "revenues": 10000000,
        "incurredclaimspropertycasualtyandliability": 5545000000,
        "lifeandannuitycontractbenefitsnetofreinsurancerecoveries": 456000000,
        "interestcreditedtopolicyholdersaccountbalances": 174000000,
        "deferredpolicyacquisitioncostamortizationexpense": 1200000000,
        "othercostandexpenseoperating": 1218000000,
        "restructuringcharges": 1000000,
        "interestexpense": 83000000,
        "benefitslossesandexpenses": 8690000000,
        "disposalgroupnotdiscontinuedoperationgainlossondisposal": 1000000,
        "incomelossfromoperationsbeforeincometaxexpensebenefit": 971000000,
        "incometaxexpensebenefit": 305000000,
        "preferredstockdividendsincomestatementimpact": 29000000,
        "netincomelossavailabletocommonstockholdersbasic": -135000000,
        "earningspersharebasic": 1.76,
        "weightedaveragenumberofsharesoutstandingbasic": 361300000,
        "earningspersharediluted": 1.74,
        "weightedaveragenumberofdilutedsharesoutstanding": 367100000,
        "commonstockdividendspersharedeclared": 0.37
    },
    {
        "date": "2017-06-29",
        "symbol": "ALL",
        "period": "Q2",
        "netincomeloss": 579000000,
        "othercomprehensiveincomelossavailableforsalesecuritiesincludingotherthantemporaryimpairmentlossesadjustmentnetoftax": 270000000,
        "othercomprehensiveincomelossforeigncurrencytransactionandtranslationadjustmentnetoftax": 11000000,
        "othercomprehensiveincomelosspensionandotherpostretirementbenefitplansadjustmentnetoftax": -18000000,
        "othercomprehensiveincomelossnetoftaxportionattributabletoparent": 299000000,
        "comprehensiveincomenetoftax": 878000000,
        "premiumsearnednetpropertyandcasualty": 8018000000,
        "lifeandannuitypremiumsandcontractchargesnetofreinsuranceceded": 591000000,
        "netinvestmentincome": 10000000,
        "impairmentofinvestments": 1000000,
        "otherthantemporaryimpairmentlossesinvestmentsportioninothercomprehensiveincomelossbeforetaxportionattributabletoparent": -2000000,
        "otherthantemporaryimpairmentlossesinvestmentsportionrecognizedinearningsnet": 3000000,
        "otherrealizedcapitalgainsandlosses": 131000000,
        "realizedinvestmentgainslosses": 85000000,
        "revenues": 10000000,
        "incurredclaimspropertycasualtyandliability": 5689000000,
        "lifeandannuitycontractbenefitsnetofreinsurancerecoveries": 486000000,
        "interestcreditedtopolicyholdersaccountbalances": 175000000,
        "deferredpolicyacquisitioncostamortizationexpense": 1176000000,
        "othercostandexpenseoperating": 1086000000,
        "restructuringcharges": 1000000,
        "interestexpense": 83000000,
        "benefitslossesandexpenses": 8748000000,
        "disposalgroupnotdiscontinuedoperationgainlossondisposal": 12000000,
        "incomelossfromoperationsbeforeincometaxexpensebenefit": 851000000,
        "incometaxexpensebenefit": 272000000,
        "preferredstockdividendsincomestatementimpact": 29000000,
        "netincomelossavailabletocommonstockholdersbasic": -80000000,
        "earningspersharebasic": 1.51,
        "weightedaveragenumberofsharesoutstandingbasic": 363600000,
        "earningspersharediluted": 1.49,
        "weightedaveragenumberofdilutedsharesoutstanding": 369000000,
        "commonstockdividendspersharedeclared": 0.37
    },
    {
        "date": "2016-06-29",
        "symbol": "ALL",
        "period": "Q2",
        "netincomeloss": 271000000,
        "othercomprehensiveincomelossavailableforsalesecuritiesincludingotherthantemporaryimpairmentlossesadjustmentnetoftax": 424000000,
        "othercomprehensiveincomelossforeigncurrencytransactionandtranslationadjustmentnetoftax": 5000000,
        "othercomprehensiveincomelosspensionandotherpostretirementbenefitplansadjustmentnetoftax": -16000000,
        "othercomprehensiveincomelossnetoftaxportionattributabletoparent": 445000000,
        "comprehensiveincomenetoftax": 716000000,
        "premiumsearnednetpropertyandcasualty": 7814000000,
        "lifeandannuitypremiumsandcontractchargesnetofreinsuranceceded": 564000000,
        "netinvestmentincome": 11000000,
        "impairmentofinvestments": 24000000,
        "otherthantemporaryimpairmentlossesinvestmentsportioninothercomprehensiveincomelossbeforetaxportionattributabletoparent": 2000000,
        "otherthantemporaryimpairmentlossesinvestmentsportionrecognizedinearningsnet": 24000000,
        "otherrealizedcapitalgainsandlosses": 103000000,
        "realizedinvestmentgainslosses": -2000000,
        "revenues": 9000000,
        "incurredclaimspropertycasualtyandliability": 5901000000,
        "lifeandannuitycontractbenefitsnetofreinsurancerecoveries": 454000000,
        "interestcreditedtopolicyholdersaccountbalances": 185000000,
        "deferredpolicyacquisitioncostamortizationexpense": 1126000000,
        "othercostandexpenseoperating": 1040000000,
        "restructuringcharges": 1000000,
        "interestexpense": 72000000,
        "benefitslossesandexpenses": 8789000000,
        "disposalgroupnotdiscontinuedoperationgainlossondisposal": 1000000,
        "incomelossfromoperationsbeforeincometaxexpensebenefit": 376000000,
        "incometaxexpensebenefit": 105000000,
        "preferredstockdividendsincomestatementimpact": 29000000,
        "netincomelossavailabletocommonstockholdersbasic": -72000000,
        "earningspersharebasic": 0.65,
        "weightedaveragenumberofsharesoutstandingbasic": 373600000,
        "earningspersharediluted": 0.64,
        "weightedaveragenumberofdilutedsharesoutstanding": 378100000,
        "commonstockdividendspersharedeclared": 0.33
    },
    {
        "date": "2015-09-29",
        "symbol": "ALL",
        "period": "Q3",
        "netincomeloss": 650000000,
        "othercomprehensiveincomelossavailableforsalesecuritiesincludingotherthantemporaryimpairmentlossesadjustmentnetoftax": -540000000,
        "othercomprehensiveincomelossforeigncurrencytransactionandtranslationadjustmentnetoftax": -14000000,
        "othercomprehensiveincomelosspensionandotherpostretirementbenefitplansadjustmentnetoftax": -25000000,
        "othercomprehensiveincomelossnetoftaxportionattributabletoparent": -529000000,
        "comprehensiveincomenetoftax": 121000000,
        "premiumsearnednetpropertyandcasualty": 7650000000,
        "lifeandannuitypremiumsandcontractchargesnetofreinsuranceceded": 538000000,
        "netinvestmentincome": 9000000,
        "impairmentofinvestments": 1000000,
        "otherthantemporaryimpairmentlossesinvestmentsportioninothercomprehensiveincomelossbeforetaxportionattributabletoparent": -12000000,
        "otherthantemporaryimpairmentlossesinvestmentsportionrecognizedinearningsnet": 1000000,
        "otherrealizedcapitalgainsandlosses": 207000000,
        "realizedinvestmentgainslosses": -161000000,
        "revenues": 9000000,
        "incurredclaimspropertycasualtyandliability": 5255000000,
        "lifeandannuitycontractbenefitsnetofreinsurancerecoveries": 460000000,
        "interestcreditedtopolicyholdersaccountbalances": 194000000,
        "deferredpolicyacquisitioncostamortizationexpense": 1092000000,
        "othercostandexpenseoperating": 992000000,
        "restructuringcharges": 1000000,
        "interestexpense": 73000000,
        "benefitslossesandexpenses": 8075000000,
        "disposalgroupnotdiscontinuedoperationgainlossondisposal": 2000000,
        "incomelossfromoperationsbeforeincometaxexpensebenefit": 955000000,
        "incometaxexpensebenefit": 305000000,
        "preferredstockdividendsincomestatementimpact": 29000000,
        "netincomelossavailabletocommonstockholdersbasic": -78000000,
        "earningspersharebasic": 1.56,
        "weightedaveragenumberofsharesoutstandingbasic": 397000000,
        "earningspersharediluted": 1.54,
        "weightedaveragenumberofdilutedsharesoutstanding": 402100000,
        "commonstockdividendspersharedeclared": 0.3
    },
    {
        "date": "2015-06-29",
        "symbol": "ALL",
        "period": "Q2",
        "netincomeloss": 355000000,
        "othercomprehensiveincomelossavailableforsalesecuritiesincludingotherthantemporaryimpairmentlossesadjustmentnetoftax": -718000000,
        "othercomprehensiveincomelossforeigncurrencytransactionandtranslationadjustmentnetoftax": -9000000,
        "othercomprehensiveincomelosspensionandotherpostretirementbenefitplansadjustmentnetoftax": -20000000,
        "othercomprehensiveincomelossnetoftaxportionattributabletoparent": -707000000,
        "comprehensiveincomenetoftax": -352000000,
        "premiumsearnednetpropertyandcasualty": 7549000000,
        "lifeandannuitypremiumsandcontractchargesnetofreinsuranceceded": 536000000,
        "netinvestmentincome": 8000000,
        "impairmentofinvestments": 3000000,
        "otherthantemporaryimpairmentlossesinvestmentsportioninothercomprehensiveincomelossbeforetaxportionattributabletoparent": -4000000,
        "otherthantemporaryimpairmentlossesinvestmentsportionrecognizedinearningsnet": 3000000,
        "otherrealizedcapitalgainsandlosses": 151000000,
        "realizedinvestmentgainslosses": 49000000,
        "revenues": 8000000,
        "incurredclaimspropertycasualtyandliability": 5587000000,
        "lifeandannuitycontractbenefitsnetofreinsurancerecoveries": 446000000,
        "interestcreditedtopolicyholdersaccountbalances": 185000000,
        "deferredpolicyacquisitioncostamortizationexpense": 1086000000,
        "othercostandexpenseoperating": 1061000000,
        "restructuringcharges": 2000000,
        "interestexpense": 73000000,
        "benefitslossesandexpenses": 8457000000,
        "disposalgroupnotdiscontinuedoperationgainlossondisposal": 1000000,
        "incomelossfromoperationsbeforeincometaxexpensebenefit": 526000000,
        "incometaxexpensebenefit": 171000000,
        "preferredstockdividendsincomestatementimpact": 29000000,
        "netincomelossavailabletocommonstockholdersbasic": -75000000,
        "earningspersharebasic": 0.8,
        "weightedaveragenumberofsharesoutstandingbasic": 407000000,
        "earningspersharediluted": 0.79,
        "weightedaveragenumberofdilutedsharesoutstanding": 412600000,
        "commonstockdividendspersharedeclared": 0.3
    },
    {
        "date": "2014-06-29",
        "symbol": "ALL",
        "period": "Q2",
        "premiumsearnednetpropertyandcasualty": 7204000000,
        "lifeandannuitypremiumsandcontractchargesnetofreinsuranceceded": 518000000,
        "netinvestmentincome": 898000000,
        "impairmentofinvestments": 6000000,
        "otherthantemporaryimpairmentlossesinvestmentsportioninothercomprehensiveincomelossbeforetaxportionattributabletoparent": 1000000,
        "otherthantemporaryimpairmentlossesinvestmentsportionrecognizedinearningsnet": 26000000,
        "otherrealizedcapitalgainsandlosses": 285000000,
        "realizedinvestmentgainslosses": 240000000,
        "revenues": 8860000000,
        "incurredclaimspropertycasualtyandliability": 5142000000,
        "lifeandannuitycontractbenefitsnetofreinsurancerecoveries": 413000000,
        "interestcreditedtopolicyholdersaccountbalances": 212000000,
        "deferredpolicyacquisitioncostamortizationexpense": 1035000000,
        "othercostandexpenseoperating": 1023000000,
        "restructuringcharges": 4000000,
        "gainslossesonextinguishmentofdebt": -1000000,
        "interestexpense": 84000000,
        "benefitslossesandexpenses": 7914000000,
        "disposalgroupnotdiscontinuedoperationgainlossondisposal": 9000000,
        "incomelossfromoperationsbeforeincometaxexpensebenefit": 955000000,
        "incometaxexpensebenefit": 310000000,
        "netincomeloss": 645000000,
        "preferredstockdividendsincomestatementimpact": 31000000,
        "netincomelossavailabletocommonstockholdersbasic": 614000000,
        "earningspersharebasic": 1.41,
        "weightedaveragenumberofsharesoutstandingbasic": 434300000,
        "earningspersharediluted": 1.39,
        "weightedaveragenumberofdilutedsharesoutstanding": 440700000,
        "commonstockdividendspersharedeclared": 0.28,
        "othercomprehensiveincomelossavailableforsalesecuritiesincludingotherthantemporaryimpairmentlossesadjustmentnetoftax": 59000000,
        "othercomprehensiveincomelossforeigncurrencytransactionandtranslationadjustmentnetoftax": 13000000,
        "othercomprehensiveincomelosspensionandotherpostretirementbenefitplansadjustmentnetoftax": -8000000,
        "othercomprehensiveincomelossnetoftaxportionattributabletoparent": 80000000,
        "comprehensiveincomenetoftax": 725000000
    },
    {
        "date": "2013-09-29",
        "symbol": "ALL",
        "period": "Q3",
        "netincomeloss": 316000000,
        "othercomprehensiveincomelossavailableforsalesecuritiesincludingotherthantemporaryimpairmentlossesadjustmentnetoftax": 63000000,
        "othercomprehensiveincomelossforeigncurrencytransactionandtranslationadjustmentnetoftax": 13000000,
        "othercomprehensiveincomelosspensionandotherpostretirementbenefitplansadjustmentnetoftax": -684000000,
        "othercomprehensiveincomelossnetoftaxportionattributabletoparent": 760000000,
        "comprehensiveincomenetoftax": 1076000000,
        "premiumsearnednetpropertyandcasualty": 6972000000,
        "lifeandannuitypremiumsandcontractchargesnetofreinsuranceceded": 584000000,
        "netinvestmentincome": 8000000,
        "impairmentofinvestments": 6000000,
        "otherthantemporaryimpairmentlossesinvestmentsportioninothercomprehensiveincomelossbeforetaxportionattributabletoparent": -8000000,
        "otherthantemporaryimpairmentlossesinvestmentsportionrecognizedinearningsnet": 6000000,
        "otherrealizedcapitalgainsandlosses": 47000000,
        "realizedinvestmentgainslosses": 1000000,
        "revenues": 8465000000,
        "incurredclaimspropertycasualtyandliability": 4427000000,
        "lifeandannuitycontractbenefitsnetofreinsurancerecoveries": 498000000,
        "interestcreditedtopolicyholdersaccountbalances": 317000000,
        "deferredpolicyacquisitioncostamortizationexpense": 1026000000,
        "othercostandexpenseoperating": 937000000,
        "restructuringcharges": 4000000,
        "gainslossesonextinguishmentofdebt": -9000000,
        "interestexpense": 83000000,
        "benefitslossesandexpenses": 7310000000,
        "disposalgroupnotdiscontinuedoperationgainlossondisposal": -646000000,
        "incomelossfromoperationsbeforeincometaxexpensebenefit": 509000000,
        "incometaxexpensebenefit": 193000000,
        "preferredstockdividendsincomestatementimpact": 6000000,
        "netincomelossavailabletocommonstockholdersbasic": 14000000,
        "earningspersharebasic": 0.67,
        "weightedaveragenumberofsharesoutstandingbasic": 461100000,
        "earningspersharediluted": 0.66,
        "weightedaveragenumberofdilutedsharesoutstanding": 467100000,
        "commonstockdividendspersharedeclared": 0.25
    },
    {
        "date": "2012-09-29",
        "symbol": "ALL",
        "period": "Q3",
        "premiumsearnednetpropertyandcasualty": 6697000000,
        "lifeandannuitypremiumsandcontractchargesnetofreinsuranceceded": 563000000,
        "netinvestmentincome": 9000000,
        "impairmentofinvestments": 2000000,
        "otherthantemporaryimpairmentlossesinvestmentsportioninothercomprehensiveincomelossnetoftaxportionattributabletoparent": 7000000,
        "otherthantemporaryimpairmentlossesinvestmentsportionrecognizedinearningsnet": 2000000,
        "otherrealizedcapitalgainsandlosses": -26000000,
        "realizedinvestmentgainslosses": -56000000,
        "revenues": 9000000,
        "incurredclaimspropertycasualtyandliability": 4293000000,
        "lifeandannuitycontractbenefitsnetofreinsurancerecoveries": 453000000,
        "interestcreditedtopolicyholdersaccountbalances": 215000000,
        "deferredpolicyacquisitioncostamortizationexpense": 1016000000,
        "othercostandexpenseoperating": 1010000000,
        "restructuringcharges": 9000000,
        "interestexpense": 93000000,
        "benefitslossesandexpenses": 7089000000,
        "disposalgroupnotdiscontinuedoperationgainlossondisposal": 9000000,
        "incomelossfromoperationsbeforeincometaxexpensebenefit": 1048000000,
        "incometaxexpensebenefit": 325000000,
        "netincomeloss": -47000000,
        "earningspersharebasic": 1.49,
        "weightedaveragenumberofsharesoutstandingbasic": 485900000,
        "earningspersharediluted": 1.48,
        "weightedaveragenumberofdilutedsharesoutstanding": 489900000,
        "commonstockdividendspersharedeclared": 0.22,
        "othercomprehensiveincomelossavailableforsalesecuritiesincludingotherthantemporaryimpairmentlossesadjustmentnetoftax": 810000000,
        "othercomprehensiveincomelossforeigncurrencytransactionandtranslationadjustmentnetoftax": 12000000,
        "othercomprehensiveincomelosspensionandotherpostretirementbenefitplansadjustmentnetoftax": -20000000,
        "othercomprehensiveincomelossnetoftaxportionattributabletoparent": 842000000,
        "comprehensiveincomenetoftax": 1565000000
    },
    {
        "date": "2012-06-29",
        "symbol": "ALL",
        "period": "Q2",
        "premiumsearnednetpropertyandcasualty": 6666000000,
        "lifeandannuitypremiumsandcontractchargesnetofreinsuranceceded": 559000000,
        "netinvestmentincome": 1026000000,
        "impairmentofinvestments": 69000000,
        "otherthantemporaryimpairmentlossesinvestmentsportioninothercomprehensiveincomelossbeforetaxincludingportionattributabletononcontrollinginterest": -19000000,
        "otherthantemporaryimpairmentlossesinvestmentsportionrecognizedinearningsnet": 50000000,
        "otherrealizedcapitalgainsandlosses": 77000000,
        "realizedinvestmentgainslosses": 27000000,
        "revenues": 8278000000,
        "incurredclaimspropertycasualtyandliability": 4810000000,
        "lifeandannuitycontractbenefitsnetofreinsurancerecoveries": 462000000,
        "interestcreditedtopolicyholdersaccountbalances": 366000000,
        "deferredpolicyacquisitioncostamortizationexpense": 942000000,
        "othercostandexpenseoperating": 996000000,
        "restructuringcharges": 10000000,
        "interestexpense": 93000000,
        "benefitslossesandexpenses": 7679000000,
        "disposalgroupnotdiscontinuedoperationgainlossondisposal": 3000000,
        "incomefromoperationsbeforeincometaxexpensebenefit": 602000000,
        "incometaxexpensebenefit": 179000000,
        "netincomeloss": 423000000,
        "earningspersharebasic": 0.86,
        "weightedaveragenumberofsharesoutstandingbasic": 490600000,
        "earningspersharediluted": 0.86,
        "weightedaveragenumberofdilutedsharesoutstanding": 493800000,
        "commonstockdividendspersharedeclared": 0.22,
        "othercomprehensiveincomelossavailableforsalesecuritiesincludingotherthantemporaryimpairmentlossesadjustmentnetoftax": 196000000,
        "othercomprehensiveincomelossforeigncurrencytransactionandtranslationadjustmentnetoftax": -7000000,
        "othercomprehensiveincomelosspensionandotherpostretirementbenefitplansadjustmentnetoftax": -24000000,
        "othercomprehensiveincomelossnetoftax": 213000000,
        "comprehensiveincomenetoftax": 636000000
    },
    {
        "date": "2011-06-29",
        "symbol": "ALL",
        "period": "Q2",
        "premiumsearnednetpropertyandcasualty": 6457000000,
        "lifeandannuitypremiumsandcontractchargesnetofreinsuranceceded": 547000000,
        "netinvestmentincome": 16000000,
        "impairmentofinvestmentsaddendum": 82000000,
        "otherthantemporaryimpairmentlossesinvestmentsportioninothercomprehensiveincomelossbeforetaxincludingportionattributabletononcontrollinginterest": 4000000,
        "otherthantemporaryimpairmentlossesinvestmentsportionrecognizedinearningsnet": 1000000,
        "otherrealizedcapitalgainsandlosses": 143000000,
        "realizedinvestmentgainslosses": 3000000,
        "revenues": 19000000,
        "incurredclaimspropertycasualtyandliability": 6355000000,
        "lifeandannuitycontractbenefitsnetofreinsurancerecoveries": 422000000,
        "interestcreditedtopolicyholdersaccountbalances": 417000000,
        "deferredpolicyacquisitioncostamortizationexpense": 1018000000,
        "othercostandexpenseoperating": 802000000,
        "restructuringcharges": 11000000,
        "interestexpense": 91000000,
        "benefitslossesandexpenses": 9116000000,
        "disposalgroupnotdiscontinuedoperationgainlossondisposal": 6000000,
        "incomefromoperationsbeforeincometaxexpense": -1029000000,
        "incometaxexpensebenefit": -409000000,
        "profitloss": -48000000,
        "earningspersharebasic": -1.19,
        "weightedaveragenumberofsharesoutstandingbasic": 523100000,
        "earningspersharediluted": -1.19,
        "weightedaveragenumberofdilutedsharesoutstanding": 523100000,
        "commonstockdividendspersharedeclared": 0.21
    },
    {
        "date": "2010-09-29",
        "symbol": "ALL",
        "period": "Q3",
        "premiumsearnednetpropertyandcasualty": 1000000,
        "lifeandannuitypremiumsandcontractchargesnetofreinsuranceceded": 548000000,
        "netinvestmentincome": 14000000,
        "impairmentofinvestmentsaddendum": 99000000,
        "otherthantemporaryimpairmentlossesinvestmentsportioninothercomprehensiveincomelossbeforetaxincludingportionattributabletononcontrollinginterest": 68000000,
        "otherthantemporaryimpairmentlossesinvestmentsportionrecognizedinearningsnet": 10000000,
        "otherrealizedcapitalgainsandlosses": 23000000,
        "realizedinvestmentgainslosses": 1000000,
        "revenues": 15000000,
        "incurredclaimspropertycasualtyandliability": 4603000000,
        "lifeandannuitycontractbenefitsnetofreinsurancerecoveries": 445000000,
        "interestcreditedtopolicyholdersaccountbalances": 445000000,
        "deferredpolicyacquisitioncostamortizationexpense": 1006000000,
        "othercostandexpenseoperating": 828000000,
        "restructuringcharges": 9000000,
        "interestexpense": 91000000,
        "benefitslossesandexpenses": 7427000000,
        "disposalgroupnotdiscontinuedoperationgainlossondisposal": 9000000,
        "incomefromoperationsbeforeincometaxexpense": 490000000,
        "incometaxexpensebenefit": 123000000,
        "profitloss": -49000000,
        "earningspersharebasic": 0.68,
        "weightedaveragenumberofsharesoutstandingbasic": 540900000,
        "earningspersharediluted": 0.68,
        "weightedaveragenumberofdilutedsharesoutstanding": 543000000,
        "commonstockdividendspersharedeclared": 0.2
    },
    {
        "date": "2009-09-29",
        "symbol": "ALL",
        "period": "Q3",
        "premiumsearnednetpropertyandcasualty": 6535000000,
        "lifeandannuitypremiumsandcontractchargesnetofreinsuranceceded": 482000000,
        "netinvestmentincome": 1084000000,
        "impairmentofinvestmentsaddendum": 539000000,
        "otherthantemporaryimpairmentlossesinvestmentsportioninothercomprehensiveincomelossbeforetaxincludingportionattributabletononcontrollinginterest": -147000000,
        "otherthantemporaryimpairmentlossesinvestmentsportionrecognizedinearningsnet": 392000000,
        "otherrealizedcapitalgainsandlosses": -127000000,
        "realizedinvestmentgainslosses": -519000000,
        "revenues": 7582000000,
        "incurredclaimspropertycasualtyandliability": 4573000000,
        "lifeandannuitycontractbenefitsnetofreinsurancerecoveries": 382000000,
        "interestcreditedtopolicyholdersaccountbalances": 496000000,
        "deferredpolicyacquisitioncostamortizationexpense": 1023000000,
        "othercostandexpenseoperating": 744000000,
        "restructuringcharges": 35000000,
        "interestexpense": 106000000,
        "benefitslossesandexpenses": 7359000000,
        "disposalgroupnotdiscontinuedoperationgainlossondisposal": 2000000,
        "incomefromoperationsbeforeincometaxexpense": 225000000,
        "incometaxexpensebenefit": 4000000,
        "profitloss": 221000000,
        "earningspersharebasic": 0.41,
        "weightedaveragenumberofsharesoutstandingbasic": 539900000,
        "earningspersharediluted": 0.41,
        "weightedaveragenumberofdilutedsharesoutstanding": 541500000,
        "commonstockdividendspersharedeclared": 0.2
    }
]