[
    {
        "date": "2024-09-29",
        "symbol": "CMG",
        "period": "Q3",
        "revenues": 2793576000,
        "costdirectmaterial": 855515000,
        "costdirectlabor": 696847000,
        "occupancynet": 142570000,
        "othercostandexpenseoperating": 386463000,
        "generalandadministrativeexpense": 126614000,
        "depreciationdepletionandamortization": 84349000,
        "preopeningcosts": 12786000,
        "gainlossonsalesofassetsandassetimpairmentcharges": -15176000,
        "costsandexpenses": 2320320000,
        "operatingincomeloss": 473256000,
        "othernonoperatingincomeexpense": 29307000,
        "incomelossfromcontinuingoperationsbeforeincometaxesextraordinaryitemsnoncontrollinginterest": 502563000,
        "incometaxexpensebenefit": 115175000,
        "netincomeloss": 387388000,
        "earningspersharebasic": 0.28,
        "earningspersharediluted": 0.28,
        "weightedaveragenumberofsharesoutstandingbasic": 1367038000,
        "weightedaveragenumberofdilutedsharesoutstanding": 1374605000,
        "othercomprehensiveincomeforeigncurrencytransactionandtranslationadjustmentnetoftaxportionattributabletoparent": 1074000,
        "comprehensiveincomenetoftax": 388462000
    },
    {
        "date": "2024-06-29",
        "symbol": "CMG",
        "period": "Q2",
        "revenues": 2954913000,
        "costdirectmaterial": 873673000,
        "costdirectlabor": 716627000,
        "occupancynet": 138663000,
        "othercostandexpenseoperating": 384754000,
        "generalandadministrativeexpense": 175028000,
        "depreciationdepletionandamortization": 83562000,
        "preopeningcosts": 8995000,
        "gainlossonsalesofassetsandassetimpairmentcharges": -5762000,
        "costsandexpenses": 2387064000,
        "operatingincomeloss": 586053000,
        "othernonoperatingincomeexpense": 21861000,
        "incomelossfromcontinuingoperationsbeforeincometaxesextraordinaryitemsnoncontrollinginterest": 607914000,
        "incometaxexpensebenefit": 152243000,
        "netincomeloss": 455671000,
        "earningspersharebasic": 0.33,
        "earningspersharediluted": 0.33,
        "weightedaveragenumberofsharesoutstandingbasic": 1372800000,
        "weightedaveragenumberofdilutedsharesoutstanding": 1381518000,
        "othercomprehensiveincomeforeigncurrencytransactionandtranslationadjustmentnetoftaxportionattributabletoparent": -564000,
        "comprehensiveincomenetoftax": 455107000
    },
    {
        "date": "2023-12-30",
        "symbol": "CMG",
        "period": "Q4",
        "revenues": 2499567000,
        "costdirectmaterial": 747155000,
        "costdirectlabor": 629228000,
        "occupancynet": 131167000,
        "othercostandexpenseoperating": 370466000,
        "generalandadministrativeexpense": 169247000,
        "depreciationdepletionandamortization": 85492000,
        "preopeningcosts": 13590000,
        "gainlossonsalesofassetsandassetimpairmentcharges": -6528000,
        "costsandexpenses": 2152873000,
        "operatingincomeloss": 363447000,
        "othernonoperatingincomeexpense": 18906000,
        "incomelossfromcontinuingoperationsbeforeincometaxesextraordinaryitemsnoncontrollinginterest": 382353000,
        "incometaxexpensebenefit": 100267000,
        "netincomeloss": 282086000,
        "earningspersharebasic": 10.280000000000003,
        "earningspersharediluted": 10.200000000000003,
        "weightedaveragenumberofsharesoutstandingbasic": 27555000,
        "weightedaveragenumberofdilutedsharesoutstanding": 27710000,
        "othercomprehensiveincomeforeigncurrencytransactionandtranslationadjustmentnetoftaxportionattributabletoparent": 1423000,
        "comprehensiveincomenetoftax": 283509000
    },
    {
        "date": "2023-09-29",
        "symbol": "CMG",
        "period": "Q3",
        "revenues": 2456039000,
        "costdirectmaterial": 734186000,
        "costdirectlabor": 616282000,
        "occupancynet": 126269000,
        "othercostandexpenseoperating": 345368000,
        "generalandadministrativeexpense": 159501000,
        "depreciationdepletionandamortization": 78546000,
        "preopeningcosts": 9605000,
        "gainlossonsalesofassetsandassetimpairmentcharges": -7241000,
        "costsandexpenses": 2076998000,
        "operatingincomeloss": 394950000,
        "othernonoperatingincomeexpense": 18392000,
        "incomelossfromcontinuingoperationsbeforeincometaxesextraordinaryitemsnoncontrollinginterest": 413342000,
        "incometaxexpensebenefit": 100125000,
        "netincomeloss": 313217000,
        "earningspersharebasic": 11.37,
        "earningspersharediluted": 11.32,
        "weightedaveragenumberofsharesoutstandingbasic": 27550000,
        "weightedaveragenumberofdilutedsharesoutstanding": 27681000,
        "othercomprehensiveincomeforeigncurrencytransactionandtranslationadjustmentnetoftaxportionattributabletoparent": -1128000,
        "comprehensiveincomenetoftax": 312089000
    },
    {
        "date": "2023-06-29",
        "symbol": "CMG",
        "period": "Q2",
        "revenues": 2497509000,
        "costdirectmaterial": 738664000,
        "costdirectlabor": 611678000,
        "occupancynet": 123897000,
        "othercostandexpenseoperating": 349707000,
        "generalandadministrativeexpense": 156496000,
        "depreciationdepletionandamortization": 78771000,
        "preopeningcosts": 7538000,
        "gainlossonsalesofassetsandassetimpairmentcharges": -16240000,
        "costsandexpenses": 2082991000,
        "operatingincomeloss": 431810000,
        "othernonoperatingincomeexpense": 16446000,
        "incomelossfromcontinuingoperationsbeforeincometaxesextraordinaryitemsnoncontrollinginterest": 448256000,
        "incometaxexpensebenefit": 106466000,
        "netincomeloss": 341790000,
        "earningspersharebasic": 12.38,
        "earningspersharediluted": 12.32,
        "weightedaveragenumberofsharesoutstandingbasic": 27604000,
        "weightedaveragenumberofdilutedsharesoutstanding": 27747000,
        "othercomprehensiveincomeforeigncurrencytransactionandtranslationadjustmentnetoftaxportionattributabletoparent": 479000,
        "comprehensiveincomenetoftax": 342269000
    },
    {
        "date": "2023-03-30",
        "symbol": "CMG",
        "period": "Q1",
        "revenues": 2351009000,
        "costdirectmaterial": 692559000,
        "costdirectlabor": 583794000,
        "occupancynet": 121931000,
        "othercostandexpenseoperating": 363206000,
        "generalandadministrativeexpense": 148340000,
        "depreciationdepletionandamortization": 76585000,
        "preopeningcosts": 6198000,
        "gainlossonsalesofassetsandassetimpairmentcharges": -8361000,
        "costsandexpenses": 2000974000,
        "operatingincomeloss": 367606000,
        "othernonoperatingincomeexpense": 8949000,
        "incomelossfromcontinuingoperationsbeforeincometaxesextraordinaryitemsnoncontrollinginterest": 376555000,
        "incometaxexpensebenefit": 84911000,
        "netincomeloss": 291644000,
        "earningspersharebasic": 10.56,
        "earningspersharediluted": 10.5,
        "weightedaveragenumberofsharesoutstandingbasic": 27624000,
        "weightedaveragenumberofdilutedsharesoutstanding": 27788000,
        "othercomprehensiveincomeforeigncurrencytransactionandtranslationadjustmentnetoftaxportionattributabletoparent": 457000,
        "comprehensiveincomenetoftax": 292101000
    },
    {
        "date": "2022-12-30",
        "symbol": "CMG",
        "period": "Q4",
        "revenues": 2163907000,
        "costdirectmaterial": 638851000,
        "costdirectlabor": 558914000,
        "occupancynet": 118648000,
        "othercostandexpenseoperating": 341644000,
        "generalandadministrativeexpense": 135073000,
        "depreciationdepletionandamortization": 74012000,
        "preopeningcosts": 11341000,
        "gainlossonsalesofassetsandassetimpairmentcharges": -5785000,
        "costsandexpenses": 1884268000,
        "operatingincomeloss": 296331000,
        "othernonoperatingincomeexpense": 7057000,
        "incomelossfromcontinuingoperationsbeforeincometaxesextraordinaryitemsnoncontrollinginterest": 303388000,
        "incometaxexpensebenefit": 79661000,
        "netincomeloss": 223727000,
        "earningspersharebasic": 8.060000000000002,
        "earningspersharediluted": 8,
        "weightedaveragenumberofsharesoutstandingbasic": -55870000,
        "weightedaveragenumberofdilutedsharesoutstanding": -56287000,
        "othercomprehensiveincomeforeigncurrencytransactionandtranslationadjustmentnetoftaxportionattributabletoparent": 1008000,
        "comprehensiveincomenetoftax": 224735000
    },
    {
        "date": "2022-09-29",
        "symbol": "CMG",
        "period": "Q3",
        "revenues": 2202336000,
        "costdirectmaterial": 662540000,
        "costdirectlabor": 557178000,
        "occupancynet": 115826000,
        "othercostandexpenseoperating": 322085000,
        "generalandadministrativeexpense": 140896000,
        "depreciationdepletionandamortization": 71416000,
        "preopeningcosts": 7618000,
        "gainlossonsalesofassetsandassetimpairmentcharges": -6363000,
        "costsandexpenses": 1883922000,
        "operatingincomeloss": 336253000,
        "othernonoperatingincomeexpense": 3712000,
        "incomelossfromcontinuingoperationsbeforeincometaxesextraordinaryitemsnoncontrollinginterest": 339965000,
        "incometaxexpensebenefit": 82827000,
        "netincomeloss": 257138000,
        "earningspersharebasic": 9.26,
        "earningspersharediluted": 9.2,
        "weightedaveragenumberofsharesoutstandingbasic": 27773000,
        "weightedaveragenumberofdilutedsharesoutstanding": 27956000,
        "othercomprehensiveincomeforeigncurrencytransactionandtranslationadjustmentnetoftaxportionattributabletoparent": -2257000,
        "comprehensiveincomenetoftax": 254881000
    },
    {
        "date": "2022-06-29",
        "symbol": "CMG",
        "period": "Q2",
        "revenues": 2192802000,
        "costdirectmaterial": 673928000,
        "costdirectlabor": 549926000,
        "occupancynet": 113919000,
        "othercostandexpenseoperating": 317481000,
        "generalandadministrativeexpense": 140820000,
        "depreciationdepletionandamortization": 69733000,
        "preopeningcosts": 5253000,
        "gainlossonsalesofassetsandassetimpairmentcharges": -4681000,
        "costsandexpenses": 1875741000,
        "operatingincomeloss": 337598000,
        "othernonoperatingincomeexpense": 10572000,
        "incomelossfromcontinuingoperationsbeforeincometaxesextraordinaryitemsnoncontrollinginterest": 348170000,
        "incometaxexpensebenefit": 88228000,
        "netincomeloss": 259942000,
        "earningspersharebasic": 9.32,
        "earningspersharediluted": 9.25,
        "weightedaveragenumberofsharesoutstandingbasic": 27905000,
        "weightedaveragenumberofdilutedsharesoutstanding": 28092000,
        "othercomprehensiveincomeforeigncurrencytransactionandtranslationadjustmentnetoftaxportionattributabletoparent": -1480000,
        "comprehensiveincomenetoftax": 258462000
    },
    {
        "date": "2022-03-30",
        "symbol": "CMG",
        "period": "Q1",
        "revenues": 1998956000,
        "costdirectmaterial": 626926000,
        "costdirectlabor": 531940000,
        "occupancynet": 112032000,
        "othercostandexpenseoperating": 330695000,
        "generalandadministrativeexpense": 147402000,
        "depreciationdepletionandamortization": 71665000,
        "preopeningcosts": 5348000,
        "gainlossonsalesofassetsandassetimpairmentcharges": -4310000,
        "costsandexpenses": 1830318000,
        "operatingincomeloss": 190221000,
        "othernonoperatingincomeexpense": -213000,
        "incomelossfromcontinuingoperationsbeforeincometaxesextraordinaryitemsnoncontrollinginterest": 190008000,
        "incometaxexpensebenefit": 31714000,
        "netincomeloss": 158294000,
        "earningspersharebasic": 5.64,
        "earningspersharediluted": 5.59,
        "weightedaveragenumberofsharesoutstandingbasic": 28043000,
        "weightedaveragenumberofdilutedsharesoutstanding": 28301000,
        "othercomprehensiveincomeforeigncurrencytransactionandtranslationadjustmentnetoftaxportionattributabletoparent": 195000,
        "comprehensiveincomenetoftax": 158489000
    },
    {
        "date": "2021-12-30",
        "symbol": "CMG",
        "period": "Q4",
        "revenues": 1939405000,
        "costdirectmaterial": 620150000,
        "costdirectlabor": 516829000,
        "occupancynet": 107184000,
        "othercostandexpenseoperating": 320452000,
        "generalandadministrativeexpense": 159777000,
        "depreciationdepletionandamortization": 66262000,
        "preopeningcosts": 6984000,
        "gainlossonsalesofassetsandassetimpairmentcharges": -4699000,
        "costsandexpenses": 1802337000,
        "operatingincomeloss": 158296000,
        "othernonoperatingincomeexpense": 9263000,
        "incomelossfromcontinuingoperationsbeforeincometaxesextraordinaryitemsnoncontrollinginterest": 167559000,
        "incometaxexpensebenefit": 34084000,
        "netincomeloss": 133475000,
        "earningspersharebasic": 4.750000000000002,
        "earningspersharediluted": 4.669999999999999,
        "weightedaveragenumberofsharesoutstandingbasic": -56277000,
        "weightedaveragenumberofdilutedsharesoutstanding": -57047000,
        "othercomprehensiveincomeforeigncurrencytransactionandtranslationadjustmentnetoftaxportionattributabletoparent": -211000,
        "comprehensiveincomenetoftax": 133264000
    },
    {
        "date": "2021-09-29",
        "symbol": "CMG",
        "period": "Q3",
        "revenues": 1932409000,
        "costdirectmaterial": 591332000,
        "costdirectlabor": 502757000,
        "occupancynet": 104223000,
        "othercostandexpenseoperating": 294650000,
        "generalandadministrativeexpense": 145930000,
        "depreciationdepletionandamortization": 63191000,
        "preopeningcosts": 5894000,
        "gainlossonsalesofassetsandassetimpairmentcharges": -4658000,
        "costsandexpenses": 1712635000,
        "operatingincomeloss": 239680000,
        "othernonoperatingincomeexpense": -126000,
        "incomelossfromcontinuingoperationsbeforeincometaxesextraordinaryitemsnoncontrollinginterest": 239554000,
        "incometaxexpensebenefit": 35120000,
        "netincomeloss": 204434000,
        "earningspersharebasic": 7.26,
        "earningspersharediluted": 7.18,
        "weightedaveragenumberofsharesoutstandingbasic": 28150000,
        "weightedaveragenumberofdilutedsharesoutstanding": 28475000,
        "othercomprehensiveincomeforeigncurrencytransactionandtranslationadjustmentnetoftaxportionattributabletoparent": -956000,
        "comprehensiveincomenetoftax": 203478000
    },
    {
        "date": "2021-06-29",
        "symbol": "CMG",
        "period": "Q2",
        "revenues": 1869365000,
        "costdirectmaterial": 574478000,
        "costdirectlabor": 464506000,
        "occupancynet": 103430000,
        "othercostandexpenseoperating": 287242000,
        "generalandadministrativeexpense": 146044000,
        "depreciationdepletionandamortization": 62082000,
        "preopeningcosts": 4965000,
        "gainlossonsalesofassetsandassetimpairmentcharges": -4266000,
        "costsandexpenses": 1647013000,
        "operatingincomeloss": 245525000,
        "othernonoperatingincomeexpense": 851000,
        "incomelossfromcontinuingoperationsbeforeincometaxesextraordinaryitemsnoncontrollinginterest": 246376000,
        "incometaxexpensebenefit": 58402000,
        "netincomeloss": 187974000,
        "earningspersharebasic": 6.68,
        "earningspersharediluted": 6.6,
        "weightedaveragenumberofsharesoutstandingbasic": 28134000,
        "weightedaveragenumberofdilutedsharesoutstanding": 28501000,
        "othercomprehensiveincomeforeigncurrencytransactionandtranslationadjustmentnetoftaxportionattributabletoparent": 305000,
        "comprehensiveincomenetoftax": 188279000
    },
    {
        "date": "2021-03-30",
        "symbol": "CMG",
        "period": "Q1",
        "revenues": 1715990000,
        "costdirectmaterial": 522671000,
        "costdirectlabor": 433669000,
        "occupancynet": 101769000,
        "othercostandexpenseoperating": 294710000,
        "generalandadministrativeexpense": 155103000,
        "depreciationdepletionandamortization": 63122000,
        "preopeningcosts": 3421000,
        "gainlossonsalesofassetsandassetimpairmentcharges": -5668000,
        "costsandexpenses": 1580133000,
        "operatingincomeloss": 161442000,
        "othernonoperatingincomeexpense": -2168000,
        "incomelossfromcontinuingoperationsbeforeincometaxesextraordinaryitemsnoncontrollinginterest": 159274000,
        "incometaxexpensebenefit": 32173000,
        "netincomeloss": 127101000,
        "earningspersharebasic": 4.52,
        "earningspersharediluted": 4.45,
        "weightedaveragenumberofsharesoutstandingbasic": 28125000,
        "weightedaveragenumberofdilutedsharesoutstanding": 28582000,
        "othercomprehensiveincomeforeigncurrencytransactionandtranslationadjustmentnetoftaxportionattributabletoparent": -263000,
        "comprehensiveincomenetoftax": 126838000
    },
    {
        "date": "2020-12-30",
        "symbol": "CMG",
        "period": "Q4",
        "revenues": 1563700000,
        "costdirectmaterial": 498450000,
        "costdirectlabor": 408364000,
        "occupancynet": 99213000,
        "othercostandexpenseoperating": 288456000,
        "generalandadministrativeexpense": 124024000,
        "depreciationdepletionandamortization": 59956000,
        "preopeningcosts": 4497000,
        "gainlossonsalesofassetsandassetimpairmentcharges": -7864000,
        "costsandexpenses": 1490824000,
        "operatingincomeloss": 116886000,
        "othernonoperatingincomeexpense": 846000,
        "incomelossfromcontinuingoperationsbeforeincometaxesextraordinaryitemsnoncontrollinginterest": 117732000,
        "incometaxexpensebenefit": 50743000,
        "netincomeloss": 190959000,
        "earningspersharebasic": 6.830000000000002,
        "earningspersharediluted": 6.71,
        "weightedaveragenumberofsharesoutstandingbasic": -55759000,
        "weightedaveragenumberofdilutedsharesoutstanding": -56694000,
        "othercomprehensiveincomeforeigncurrencytransactionandtranslationadjustmentnetoftaxportionattributabletoparent": 1215000,
        "othercomprehensiveincomelossnetoftaxportionattributabletoparent": 1215000,
        "comprehensiveincomenetoftax": 192174000
    },
    {
        "date": "2020-09-29",
        "symbol": "CMG",
        "period": "Q3",
        "revenues": 1581335000,
        "costdirectmaterial": 517261000,
        "costdirectlabor": 405818000,
        "occupancynet": 97694000,
        "othercostandexpenseoperating": 268416000,
        "generalandadministrativeexpense": 133150000,
        "depreciationdepletionandamortization": 60180000,
        "preopeningcosts": 3808000,
        "gainlossonsalesofassetsandassetimpairmentcharges": -7991000,
        "costsandexpenses": 1494318000,
        "operatingincomeloss": 107096000,
        "othernonoperatingincomeexpense": -595000,
        "incomelossfromcontinuingoperationsbeforeincometaxesextraordinaryitemsnoncontrollinginterest": 106501000,
        "incometaxexpensebenefit": 26257000,
        "netincomeloss": 80244000,
        "earningspersharebasic": 2.87,
        "earningspersharediluted": 2.82,
        "weightedaveragenumberofsharesoutstandingbasic": 27973000,
        "weightedaveragenumberofdilutedsharesoutstanding": 28454000,
        "othercomprehensiveincomeforeigncurrencytransactionandtranslationadjustmentnetoftaxportionattributabletoparent": 705000,
        "othercomprehensiveincomelossnetoftaxportionattributabletoparent": 705000,
        "comprehensiveincomenetoftax": 80949000
    },
    {
        "date": "2020-06-29",
        "symbol": "CMG",
        "period": "Q2",
        "revenues": 1364738000,
        "costdirectmaterial": 454756000,
        "costdirectlabor": 385266000,
        "occupancynet": 95576000,
        "othercostandexpenseoperating": 262378000,
        "generalandadministrativeexpense": 102647000,
        "depreciationdepletionandamortization": 60024000,
        "preopeningcosts": 3644000,
        "gainlossonsalesofassetsandassetimpairmentcharges": -5386000,
        "costsandexpenses": 1369677000,
        "operatingincomeloss": -4939000,
        "othernonoperatingincomeexpense": 623000,
        "incomelossfromcontinuingoperationsbeforeincometaxesextraordinaryitemsnoncontrollinginterest": -4316000,
        "incometaxexpensebenefit": -12491000,
        "netincomeloss": 8175000,
        "earningspersharebasic": 0.29,
        "earningspersharediluted": 0.29,
        "weightedaveragenumberofsharesoutstandingbasic": 27911000,
        "weightedaveragenumberofdilutedsharesoutstanding": 28333000,
        "othercomprehensiveincomeforeigncurrencytransactionandtranslationadjustmentnetoftaxportionattributabletoparent": 1055000,
        "othercomprehensiveincomelossnetoftaxportionattributabletoparent": 1055000,
        "comprehensiveincomenetoftax": 9230000
    },
    {
        "date": "2020-03-30",
        "symbol": "CMG",
        "period": "Q1",
        "revenues": 1410772000,
        "costdirectmaterial": 462299000,
        "costdirectlabor": 393565000,
        "occupancynet": 95279000,
        "othercostandexpenseoperating": 210762000,
        "generalandadministrativeexpense": 106470000,
        "depreciationdepletionandamortization": 58374000,
        "preopeningcosts": 3566000,
        "gainlossonsalesofassetsandassetimpairmentcharges": -9336000,
        "costsandexpenses": 1339651000,
        "operatingincomeloss": 71121000,
        "othernonoperatingincomeexpense": 2743000,
        "incomelossfromcontinuingoperationsbeforeincometaxesextraordinaryitemsnoncontrollinginterest": 73864000,
        "incometaxexpensebenefit": -2524000,
        "netincomeloss": 76388000,
        "earningspersharebasic": 2.75,
        "earningspersharediluted": 2.7,
        "weightedaveragenumberofsharesoutstandingbasic": 27792000,
        "weightedaveragenumberofdilutedsharesoutstanding": 28323000,
        "othercomprehensiveincomeforeigncurrencytransactionandtranslationadjustmentnetoftaxportionattributabletoparent": -1841000,
        "othercomprehensiveincomelossnetoftaxportionattributabletoparent": -1841000,
        "comprehensiveincomenetoftax": 74547000
    },
    {
        "date": "2019-12-30",
        "symbol": "CMG",
        "period": "Q4",
        "revenues": 1440224000,
        "costdirectmaterial": 476769000,
        "costdirectlabor": 381520000,
        "occupancynet": 92970000,
        "othercostandexpenseoperating": 212520000,
        "generalandadministrativeexpense": 112416000,
        "depreciationdepletionandamortization": 55149000,
        "preopeningcosts": 4986000,
        "gainlossonsalesofassetsandassetimpairmentcharges": -5738000,
        "costsandexpenses": 1342068000,
        "operatingincomeloss": 98156000,
        "othernonoperatingincomeexpense": 2840000,
        "incomelossfromcontinuingoperationsbeforeincometaxesextraordinaryitemsnoncontrollinginterest": 100996000,
        "incometaxexpensebenefit": 28580000,
        "netincomeloss": 72416000,
        "earningspersharebasic": 2.6100000000000008,
        "earningspersharediluted": 2.5599999999999996,
        "weightedaveragenumberofsharesoutstandingbasic": -55451000,
        "weightedaveragenumberofdilutedsharesoutstanding": -56511000,
        "othercomprehensiveincomeforeigncurrencytransactionandtranslationadjustmentnetoftaxportionattributabletoparent": 524000,
        "othercomprehensiveincomeunrealizedholdinggainlossonsecuritiesarisingduringperiodbeforetax": 0,
        "othercomprehensiveincomelossnetoftaxportionattributabletoparent": 624000,
        "comprehensiveincomenetoftax": 72940000
    },
    {
        "date": "2019-09-29",
        "symbol": "CMG",
        "period": "Q3",
        "revenues": 1403697000,
        "costdirectmaterial": 466496000,
        "costdirectlabor": 373645000,
        "occupancynet": 91409000,
        "othercostandexpenseoperating": 180259000,
        "generalandadministrativeexpense": 115070000,
        "depreciationdepletionandamortization": 52206000,
        "preopeningcosts": 3064000,
        "gainlossonsalesofassetsandassetimpairmentcharges": -5927000,
        "costsandexpenses": 1288076000,
        "operatingincomeloss": 115621000,
        "othernonoperatingincomeexpense": 4411000,
        "incomelossfromcontinuingoperationsbeforeincometaxesextraordinaryitemsnoncontrollinginterest": 120032000,
        "incometaxexpensebenefit": 21450000,
        "netincomeloss": 98582000,
        "earningspersharebasic": 3.55,
        "earningspersharediluted": 3.47,
        "weightedaveragenumberofsharesoutstandingbasic": 27775000,
        "weightedaveragenumberofdilutedsharesoutstanding": 28388000,
        "othercomprehensiveincomeforeigncurrencytransactionandtranslationadjustmentnetoftaxportionattributabletoparent": -631000,
        "othercomprehensiveincomeunrealizedholdinggainlossonsecuritiesarisingduringperiodbeforetax": 5000,
        "othercomprehensiveincomelossnetoftaxportionattributabletoparent": -626000,
        "comprehensiveincomenetoftax": 97956000
    },
    {
        "date": "2019-06-29",
        "symbol": "CMG",
        "period": "Q2",
        "revenues": 1434231000,
        "costdirectmaterial": 483284000,
        "costdirectlabor": 368053000,
        "occupancynet": 89923000,
        "othercostandexpenseoperating": 193309000,
        "generalandadministrativeexpense": 121395000,
        "depreciationdepletionandamortization": 51642000,
        "preopeningcosts": 2118000,
        "gainlossonsalesofassetsandassetimpairmentcharges": -4487000,
        "costsandexpenses": 1314211000,
        "operatingincomeloss": 120020000,
        "othernonoperatingincomeexpense": 3947000,
        "incomelossfromcontinuingoperationsbeforeincometaxesextraordinaryitemsnoncontrollinginterest": 123967000,
        "incometaxexpensebenefit": 32939000,
        "netincomeloss": 91028000,
        "earningspersharebasic": 3.28,
        "earningspersharediluted": 3.22,
        "weightedaveragenumberofsharesoutstandingbasic": 27720000,
        "weightedaveragenumberofdilutedsharesoutstanding": 28300000,
        "othercomprehensiveincomeforeigncurrencytransactionandtranslationadjustmentnetoftaxportionattributabletoparent": 555000,
        "othercomprehensiveincomeunrealizedholdinggainlossonsecuritiesarisingduringperiodbeforetax": 42000,
        "othercomprehensiveincomelossnetoftaxportionattributabletoparent": 597000,
        "comprehensiveincomenetoftax": 91625000
    },
    {
        "date": "2019-03-30",
        "symbol": "CMG",
        "period": "Q1",
        "revenues": 1308217000,
        "costdirectmaterial": 421367000,
        "costdirectlabor": 348842000,
        "occupancynet": 88770000,
        "othercostandexpenseoperating": 174743000,
        "generalandadministrativeexpense": 102671000,
        "depreciationdepletionandamortization": 53781000,
        "preopeningcosts": 940000,
        "gainlossonsalesofassetsandassetimpairmentcharges": -6942000,
        "costsandexpenses": 1198056000,
        "operatingincomeloss": 110161000,
        "othernonoperatingincomeexpense": 3129000,
        "incomelossfromcontinuingoperationsbeforeincometaxesextraordinaryitemsnoncontrollinginterest": 113290000,
        "incometaxexpensebenefit": 25158000,
        "netincomeloss": 88132000,
        "earningspersharebasic": 3.18,
        "earningspersharediluted": 3.13,
        "weightedaveragenumberofsharesoutstandingbasic": 27696000,
        "weightedaveragenumberofdilutedsharesoutstanding": 28118000,
        "othercomprehensiveincomeforeigncurrencytransactionandtranslationadjustmentnetoftaxportionattributabletoparent": 278000,
        "othercomprehensiveincomeunrealizedholdinggainlossonsecuritiesarisingduringperiodbeforetax": 100000,
        "othercomprehensiveincomelossnetoftaxportionattributabletoparent": 278000,
        "comprehensiveincomenetoftax": 88510000
    },
    {
        "date": "2018-09-29",
        "symbol": "CMG",
        "period": "Q3",
        "revenues": 1225007000,
        "costdirectmaterial": 409213000,
        "costdirectlabor": 332865000,
        "occupancynet": 86691000,
        "othercostandexpenseoperating": 167488000,
        "generalandadministrativeexpense": 109524000,
        "depreciationdepletionandamortization": 52654000,
        "preopeningcosts": 2127000,
        "gainlossonsalesofassetsandassetimpairmentcharges": -6454000,
        "costsandexpenses": 1167016000,
        "operatingincomeloss": 57991000,
        "othernonoperatingincomeexpense": 2493000,
        "incomelossfromcontinuingoperationsbeforeincometaxesextraordinaryitemsnoncontrollinginterest": 60484000,
        "incometaxexpensebenefit": 22280000,
        "netincomeloss": 38204000,
        "earningspersharebasic": 1.37,
        "earningspersharediluted": 1.36,
        "weightedaveragenumberofsharesoutstandingbasic": 27802000,
        "weightedaveragenumberofdilutedsharesoutstanding": 28017000,
        "othercomprehensiveincomeforeigncurrencytransactionandtranslationadjustmentnetoftaxportionattributabletoparent": 249000,
        "othercomprehensiveincomeunrealizedholdinggainlossonsecuritiesarisingduringperiodbeforetax": 29000,
        "othercomprehensiveincomeunrealizedholdinggainlossonsecuritiesarisingduringperiodtax": 7000,
        "othercomprehensiveincomelossnetoftaxportionattributabletoparent": 271000,
        "comprehensiveincomenetoftax": 38475000
    },
    {
        "date": "2018-06-29",
        "symbol": "CMG",
        "period": "Q2",
        "foodandbeveragerevenue": 1266520000,
        "foodandbeveragecostofsales": 413096000,
        "costofgoodssolddirectlabor": 341842000,
        "occupancynet": 86772000,
        "othercostandexpenseoperating": 175171000,
        "generalandadministrativeexpense": 85153000,
        "depreciationdepletionandamortization": 49193000,
        "preopeningcosts": 2014000,
        "gainlossonsalesofassetsandassetimpairmentcharges": -45322000,
        "costsandexpenses": 1198563000,
        "operatingincomeloss": 67957000,
        "othernonoperatingincomeexpense": 2323000,
        "incomelossfromcontinuingoperationsbeforeincometaxesextraordinaryitemsnoncontrollinginterest": 70280000,
        "incometaxexpensebenefit": 23396000,
        "netincomeloss": 46884000,
        "earningspersharebasic": 1.69,
        "earningspersharediluted": 1.68,
        "weightedaveragenumberofsharesoutstandingbasic": 27819000,
        "weightedaveragenumberofdilutedsharesoutstanding": 27935000,
        "othercomprehensiveincomeforeigncurrencytransactionandtranslationadjustmentnetoftaxportionattributabletoparent": -1580000,
        "othercomprehensiveincomeunrealizedholdinggainlossonsecuritiesarisingduringperiodbeforetax": 108000,
        "othercomprehensiveincomeunrealizedholdinggainlossonsecuritiesarisingduringperiodtax": 26000,
        "othercomprehensiveincomelossnetoftaxportionattributabletoparent": -1498000,
        "comprehensiveincomenetoftax": 45386000
    },
    {
        "date": "2018-03-30",
        "symbol": "CMG",
        "period": "Q1",
        "foodandbeveragerevenue": 1148397000,
        "foodandbeveragecostofsales": 371915000,
        "costofgoodssolddirectlabor": 318863000,
        "occupancynet": 85256000,
        "othercostandexpenseoperating": 148069000,
        "generalandadministrativeexpense": 77063000,
        "depreciationdepletionandamortization": 46915000,
        "preopeningcosts": 2649000,
        "gainlossonsalesofassetsandassetimpairmentcharges": -4859000,
        "costsandexpenses": 1055589000,
        "operatingincomeloss": 92808000,
        "othernonoperatingincomeexpense": 1394000,
        "incomelossfromcontinuingoperationsbeforeincometaxesextraordinaryitemsnoncontrollinginterest": 94202000,
        "incometaxexpensebenefit": 34756000,
        "netincomeloss": 59446000,
        "earningspersharebasic": 2.13,
        "earningspersharediluted": 2.13,
        "weightedaveragenumberofsharesoutstandingbasic": 27911000,
        "weightedaveragenumberofdilutedsharesoutstanding": 27950000,
        "othercomprehensiveincomeforeigncurrencytransactionandtranslationadjustmentnetoftaxportionattributabletoparent": 132000,
        "othercomprehensiveincomeunrealizedholdinggainlossonsecuritiesarisingduringperiodbeforetax": -144000,
        "othercomprehensiveincomeunrealizedholdinggainlossonsecuritiesarisingduringperiodtax": -43000,
        "othercomprehensiveincomelossnetoftaxportionattributabletoparent": 31000,
        "comprehensiveincomenetoftax": 59477000
    },
    {
        "date": "2017-09-29",
        "symbol": "CMG",
        "period": "Q3",
        "foodandbeveragerevenue": 1128074000,
        "foodandbeveragecostofsales": 394567000,
        "costofgoodssolddirectlabor": 306862000,
        "occupancynet": 83199000,
        "othercostandexpenseoperating": 162312000,
        "generalandadministrativeexpense": 99182000,
        "depreciationdepletionandamortization": 41546000,
        "preopeningcosts": 2792000,
        "gainlossonsalesofassetsandassetimpairmentcharges": -6747000,
        "costsandexpenses": 1097207000,
        "operatingincomeloss": 30867000,
        "othernonoperatingincomeexpense": 1275000,
        "incomelossfromcontinuingoperationsbeforeincometaxesextraordinaryitemsnoncontrollinginterest": 32142000,
        "incometaxexpensebenefit": 12532000,
        "netincomeloss": 19610000,
        "earningspersharebasic": 0.69,
        "earningspersharediluted": 0.69,
        "weightedaveragenumberofsharesoutstandingbasic": 28415000,
        "weightedaveragenumberofdilutedsharesoutstanding": 28439000,
        "othercomprehensiveincomeforeigncurrencytransactionandtranslationadjustmentnetoftaxportionattributabletoparent": 1778000,
        "othercomprehensiveincomeunrealizedholdinggainlossonsecuritiesarisingduringperiodbeforetax": 272000,
        "othercomprehensiveincomeunrealizedholdinggainlossonsecuritiesarisingduringperiodtax": 104000,
        "othercomprehensiveincomelossnetoftaxportionattributabletoparent": 1946000,
        "comprehensiveincomenetoftax": 21556000
    },
    {
        "date": "2017-06-29",
        "symbol": "CMG",
        "period": "Q2",
        "foodandbeveragerevenue": 1169409000,
        "foodandbeveragecostofsales": 399152000,
        "costofgoodssolddirectlabor": 305851000,
        "occupancynet": 80321000,
        "othercostandexpenseoperating": 163685000,
        "generalandadministrativeexpense": 70075000,
        "depreciationdepletionandamortization": 41081000,
        "preopeningcosts": 2903000,
        "gainlossonsalesofassetsandassetimpairmentcharges": 384000,
        "costsandexpenses": 1062684000,
        "operatingincomeloss": 106725000,
        "othernonoperatingincomeexpense": 1049000,
        "incomelossfromcontinuingoperationsbeforeincometaxesextraordinaryitemsnoncontrollinginterest": 107774000,
        "incometaxexpensebenefit": 41044000,
        "netincomeloss": 66730000,
        "othercomprehensiveincomeforeigncurrencytransactionandtranslationadjustmentnetoftaxportionattributabletoparent": 2136000,
        "othercomprehensiveincomeavailableforsalesecuritiesadjustmentnetoftaxportionattributabletoparent": -58000,
        "othercomprehensiveincomelossnetoftaxportionattributabletoparent": 2078000,
        "comprehensiveincomenetoftax": 68808000,
        "earningspersharebasic": 2.33,
        "earningspersharediluted": 2.32,
        "weightedaveragenumberofsharesoutstandingbasic": 28649000,
        "weightedaveragenumberofdilutedsharesoutstanding": 28800000,
        "othercomprehensiveincomeavailableforsalesecuritiestaxportionattributabletoparent": -37000
    },
    {
        "date": "2017-03-30",
        "symbol": "CMG",
        "period": "Q1",
        "foodandbeveragerevenue": 1068829000,
        "foodandbeveragecostofsales": 361795000,
        "costofgoodssolddirectlabor": 287851000,
        "occupancynet": 78962000,
        "othercostandexpenseoperating": 150609000,
        "generalandadministrativeexpense": 69441000,
        "depreciationdepletionandamortization": 39279000,
        "preopeningcosts": 4069000,
        "gainlossonsalesofassetsandassetimpairmentcharges": -3650000,
        "costsandexpenses": 995656000,
        "operatingincomeloss": 73173000,
        "othernonoperatingincomeexpense": 1188000,
        "incomelossfromcontinuingoperationsbeforeincometaxesextraordinaryitemsnoncontrollinginterest": 74361000,
        "incometaxexpensebenefit": 28241000,
        "netincomeloss": 46120000,
        "othercomprehensiveincomeforeigncurrencytransactionandtranslationadjustmentnetoftaxportionattributabletoparent": 675000,
        "othercomprehensiveincomeavailableforsalesecuritiesadjustmentnetoftaxportionattributabletoparent": -182000,
        "othercomprehensiveincomelossnetoftaxportionattributabletoparent": 493000,
        "comprehensiveincomenetoftax": 46613000,
        "earningspersharebasic": 1.6,
        "earningspersharediluted": 1.6,
        "weightedaveragenumberofsharesoutstandingbasic": 28750000,
        "weightedaveragenumberofdilutedsharesoutstanding": 28850000,
        "othercomprehensiveincomeavailableforsalesecuritiestaxportionattributabletoparent": -94000
    },
    {
        "date": "2016-09-29",
        "symbol": "CMG",
        "period": "Q3",
        "foodandbeveragerevenue": 1036982000,
        "foodandbeveragecostofsales": 363900000,
        "costofgoodssolddirectlabor": 286144000,
        "occupancynet": 74201000,
        "othercostandexpenseoperating": 166045000,
        "generalandadministrativeexpense": 78405000,
        "depreciationdepletionandamortization": 37434000,
        "preopeningcosts": 4490000,
        "gainlossonsalesofassetsandassetimpairmentcharges": -16637000,
        "costsandexpenses": 1027256000,
        "operatingincomeloss": 9726000,
        "othernonoperatingincomeexpense": 672000,
        "incomelossfromcontinuingoperationsbeforeincometaxesextraordinaryitemsnoncontrollinginterest": 10398000,
        "incometaxexpensebenefit": 2599000,
        "netincomeloss": 7799000,
        "othercomprehensiveincomeforeigncurrencytransactionandtranslationadjustmentnetoftaxportionattributabletoparent": -203000,
        "othercomprehensiveincomeavailableforsalesecuritiesadjustmentnetoftaxportionattributabletoparent": -536000,
        "othercomprehensiveincomelossnetoftaxportionattributabletoparent": -739000,
        "comprehensiveincomenetoftax": 7060000,
        "earningspersharebasic": 0.27,
        "earningspersharediluted": 0.27,
        "weightedaveragenumberofsharesoutstandingbasic": 29063000,
        "weightedaveragenumberofdilutedsharesoutstanding": 29171000,
        "othercomprehensiveincomeavailableforsalesecuritiestaxportionattributabletoparent": -346000
    },
    {
        "date": "2016-06-29",
        "symbol": "CMG",
        "period": "Q2",
        "foodandbeveragerevenue": 998383000,
        "foodandbeveragecostofsales": 341902000,
        "costofgoodssolddirectlabor": 276926000,
        "occupancynet": 72354000,
        "othercostandexpenseoperating": 152156000,
        "generalandadministrativeexpense": 70756000,
        "depreciationdepletionandamortization": 36074000,
        "preopeningcosts": 4133000,
        "gainlossonsalesofassetsandassetimpairmentcharges": -3187000,
        "costsandexpenses": 957488000,
        "operatingincomeloss": 40895000,
        "othernonoperatingincomeexpense": 786000,
        "incomelossfromcontinuingoperationsbeforeincometaxesextraordinaryitemsnoncontrollinginterest": 41681000,
        "incometaxexpensebenefit": 16085000,
        "netincomeloss": 25596000,
        "othercomprehensiveincomeforeigncurrencytransactionandtranslationadjustmentnetoftaxportionattributabletoparent": -765000,
        "othercomprehensiveincomeavailableforsalesecuritiesadjustmentnetoftaxportionattributabletoparent": 509000,
        "othercomprehensiveincomelossnetoftaxportionattributabletoparent": -256000,
        "comprehensiveincomenetoftax": 25340000,
        "earningspersharebasic": 0.88,
        "earningspersharediluted": 0.87,
        "weightedaveragenumberofsharesoutstandingbasic": 29207000,
        "weightedaveragenumberofdilutedsharesoutstanding": 29340000,
        "othercomprehensiveincomeavailableforsalesecuritiestaxportionattributabletoparent": 348000
    },
    {
        "date": "2016-03-30",
        "symbol": "CMG",
        "period": "Q1",
        "foodandbeveragerevenue": 834459000,
        "foodandbeveragecostofsales": 294166000,
        "costofgoodssolddirectlabor": 257681000,
        "occupancynet": 70592000,
        "othercostandexpenseoperating": 155189000,
        "generalandadministrativeexpense": 62010000,
        "depreciationdepletionandamortization": 34788000,
        "preopeningcosts": 4421000,
        "gainlossonsalesofassetsandassetimpairmentcharges": -2216000,
        "costsandexpenses": 881063000,
        "operatingincomeloss": -46604000,
        "othernonoperatingincomeexpense": 2126000,
        "incomelossfromcontinuingoperationsbeforeincometaxesextraordinaryitemsnoncontrollinginterest": -44478000,
        "incometaxexpensebenefit": -18046000,
        "netincomeloss": -26432000,
        "othercomprehensiveincomeforeigncurrencytransactionandtranslationadjustmentnetoftaxportionattributabletoparent": 1929000,
        "othercomprehensiveincomeavailableforsalesecuritiesadjustmentnetoftaxportionattributabletoparent": 1893000,
        "othercomprehensiveincomelossnetoftaxportionattributabletoparent": 3822000,
        "comprehensiveincomenetoftax": -22610000,
        "earningspersharebasic": -0.88,
        "earningspersharediluted": -0.88,
        "weightedaveragenumberofsharesoutstandingbasic": 29893000,
        "weightedaveragenumberofdilutedsharesoutstanding": 29893000,
        "othercomprehensiveincomeavailableforsalesecuritiestaxportionattributabletoparent": 1182000
    },
    {
        "date": "2015-09-29",
        "symbol": "CMG",
        "period": "Q3",
        "foodandbeveragerevenue": 1216890000,
        "foodandbeveragecostofsales": 401051000,
        "costofgoodssolddirectlabor": 270076000,
        "occupancynet": 66391000,
        "othercostandexpenseoperating": 134879000,
        "generalandadministrativeexpense": 70066000,
        "depreciationdepletionandamortization": 33145000,
        "preopeningcosts": 4367000,
        "gainlossonsalesofassetsandassetimpairmentcharges": -2156000,
        "costsandexpenses": 982131000,
        "operatingincomeloss": 234759000,
        "othernonoperatingincomeexpense": 1518000,
        "incomelossfromcontinuingoperationsbeforeincometaxesextraordinaryitemsnoncontrollinginterest": 236277000,
        "incometaxexpensebenefit": 91394000,
        "netincomeloss": 144883000,
        "earningspersharebasic": 4.65,
        "earningspersharediluted": 4.59,
        "weightedaveragenumberofsharesoutstandingbasic": 31187000,
        "weightedaveragenumberofdilutedsharesoutstanding": 31548000,
        "comprehensiveincomenetoftax": 143165000
    },
    {
        "date": "2015-06-29",
        "symbol": "CMG",
        "period": "Q2",
        "foodandbeveragerevenue": 1197783000,
        "foodandbeveragecostofsales": 396693000,
        "costofgoodssolddirectlabor": 270914000,
        "occupancynet": 64693000,
        "othercostandexpenseoperating": 130359000,
        "generalandadministrativeexpense": 70212000,
        "depreciationdepletionandamortization": 32440000,
        "preopeningcosts": 3668000,
        "gainlossonsalesofassetsandassetimpairmentcharges": -1388000,
        "costsandexpenses": 970367000,
        "operatingincomeloss": 227416000,
        "othernonoperatingincomeexpense": 1742000,
        "incomelossfromcontinuingoperationsbeforeincometaxesextraordinaryitemsnoncontrollinginterest": 229158000,
        "incometaxexpensebenefit": 88954000,
        "netincomeloss": 140204000,
        "earningspersharebasic": 4.51,
        "earningspersharediluted": 4.45,
        "weightedaveragenumberofsharesoutstandingbasic": 31120000,
        "weightedaveragenumberofdilutedsharesoutstanding": 31526000,
        "comprehensiveincomenetoftax": 141935000
    },
    {
        "date": "2015-03-30",
        "symbol": "CMG",
        "period": "Q1",
        "foodandbeveragerevenue": 1089043000,
        "foodandbeveragecostofsales": 369026000,
        "costofgoodssolddirectlabor": 244151000,
        "occupancynet": 63185000,
        "othercostandexpenseoperating": 113541000,
        "generalandadministrativeexpense": 63061000,
        "depreciationdepletionandamortization": 30643000,
        "preopeningcosts": 3435000,
        "gainlossonsalesofassetsandassetimpairmentcharges": -4200000,
        "costsandexpenses": 891242000,
        "operatingincomeloss": 197801000,
        "othernonoperatingincomeexpense": 1223000,
        "incomelossfromcontinuingoperationsbeforeincometaxesextraordinaryitemsnoncontrollinginterest": 199024000,
        "incometaxexpensebenefit": 76383000,
        "netincomeloss": 122641000,
        "earningspersharebasic": 3.95,
        "earningspersharediluted": 3.88,
        "weightedaveragenumberofsharesoutstandingbasic": 31036000,
        "weightedaveragenumberofdilutedsharesoutstanding": 31592000,
        "comprehensiveincomenetoftax": 117929000
    },
    {
        "date": "2014-09-29",
        "symbol": "CMG",
        "period": "Q3",
        "foodandbeveragerevenue": 1084222000,
        "foodandbeveragecostofsales": 372063000,
        "costofgoodssolddirectlabor": 230360000,
        "occupancynet": 58838000,
        "othercostandexpenseoperating": 110957000,
        "generalandadministrativeexpense": 71172000,
        "depreciationdepletionandamortization": 27961000,
        "preopeningcosts": 3829000,
        "gainlossonsalesofassetsandassetimpairmentcharges": -1606000,
        "costsandexpenses": 876786000,
        "operatingincomeloss": 207436000,
        "othernonoperatingincomeexpense": 785000,
        "incomelossfromcontinuingoperationsbeforeincometaxesextraordinaryitemsnoncontrollinginterest": 208221000,
        "incometaxexpensebenefit": 77420000,
        "netincomeloss": 130801000,
        "earningspersharebasic": 4.22,
        "earningspersharediluted": 4.15,
        "weightedaveragenumberofsharesoutstandingbasic": 31020000,
        "weightedaveragenumberofdilutedsharesoutstanding": 31547000,
        "comprehensiveincomenetoftax": 129412000
    },
    {
        "date": "2014-06-29",
        "symbol": "CMG",
        "period": "Q2",
        "foodandbeveragerevenue": 1050073000,
        "foodandbeveragecostofsales": 363148000,
        "costofgoodssolddirectlabor": 228529000,
        "occupancynet": 56254000,
        "othercostandexpenseoperating": 115418000,
        "generalandadministrativeexpense": 74879000,
        "depreciationdepletionandamortization": 27009000,
        "preopeningcosts": 3392000,
        "gainlossonsalesofassetsandassetimpairmentcharges": -1602000,
        "costsandexpenses": 870231000,
        "operatingincomeloss": 179842000,
        "othernonoperatingincomeexpense": 1144000,
        "incomelossfromcontinuingoperationsbeforeincometaxesextraordinaryitemsnoncontrollinginterest": 180986000,
        "incometaxexpensebenefit": 70716000,
        "netincomeloss": 110270000,
        "earningspersharebasic": -0.03,
        "earningspersharediluted": -0.03,
        "weightedaveragenumberofsharesoutstandingbasic": 31049000,
        "weightedaveragenumberofdilutedsharesoutstanding": 31474000,
        "comprehensiveincomenetoftax": 110139000
    },
    {
        "date": "2014-03-30",
        "symbol": "CMG",
        "period": "Q1",
        "foodandbeveragerevenue": 904163000,
        "foodandbeveragecostofsales": 311792000,
        "costofgoodssolddirectlabor": 208208000,
        "occupancynet": 54846000,
        "othercostandexpenseoperating": 95137000,
        "generalandadministrativeexpense": 66917000,
        "depreciationdepletionandamortization": 25754000,
        "preopeningcosts": 4300000,
        "gainlossonsalesofassetsandassetimpairmentcharges": -1559000,
        "costsandexpenses": 768513000,
        "operatingincomeloss": 135650000,
        "othernonoperatingincomeexpense": 689000,
        "incomelossfromcontinuingoperationsbeforeincometaxesextraordinaryitemsnoncontrollinginterest": 136339000,
        "incometaxexpensebenefit": 53270000,
        "netincomeloss": 83069000,
        "earningspersharebasic": 2.67,
        "earningspersharediluted": 2.64,
        "weightedaveragenumberofsharesoutstandingbasic": 31061000,
        "weightedaveragenumberofdilutedsharesoutstanding": 31486000,
        "comprehensiveincomenetoftax": 82938000
    },
    {
        "date": "2013-12-30",
        "symbol": "CMG",
        "period": "Q4",
        "foodandbeveragerevenue": 844147000,
        "foodandbeveragecostofsales": 285912000,
        "costofgoodssolddirectlabor": 193818000,
        "occupancynet": 52795000,
        "othercostandexpenseoperating": 95389000,
        "generalandadministrativeexpense": 55844000,
        "depreciationdepletionandamortization": 24903000,
        "preopeningcosts": 4775000,
        "gainlossonsalesofassetsandassetimpairmentcharges": -1607000,
        "costsandexpenses": 715043000,
        "operatingincomeloss": 129104000,
        "othernonoperatingincomeexpense": 390000,
        "incomelossfromcontinuingoperationsbeforeincometaxesextraordinaryitemsnoncontrollinginterest": 129494000,
        "incometaxexpensebenefit": 49872000,
        "netincomeloss": 79622000,
        "comprehensiveincomenetoftax": 79844000,
        "earningspersharebasic": 2.57,
        "earningspersharediluted": 2.54,
        "weightedaveragenumberofsharesoutstandingbasic": -61853000,
        "weightedaveragenumberofdilutedsharesoutstanding": -62420000
    },
    {
        "date": "2013-09-29",
        "symbol": "CMG",
        "period": "Q3",
        "foodandbeveragerevenue": 826907000,
        "foodandbeveragecostofsales": 277503000,
        "costofgoodssolddirectlabor": 188709000,
        "occupancynet": 50128000,
        "othercostandexpenseoperating": 89060000,
        "generalandadministrativeexpense": 52726000,
        "depreciationdepletionandamortization": 24618000,
        "preopeningcosts": 4604000,
        "gainlossonsalesofassetsandassetimpairmentcharges": -2405000,
        "costsandexpenses": 689753000,
        "operatingincomeloss": 137154000,
        "othernonoperatingincomeexpense": 765000,
        "incomelossfromcontinuingoperationsbeforeincometaxesextraordinaryitemsnoncontrollinginterest": 137919000,
        "incometaxexpensebenefit": 54540000,
        "netincomeloss": 83379000,
        "earningspersharebasic": 2.7,
        "earningspersharediluted": 2.66,
        "weightedaveragenumberofsharesoutstandingbasic": 30897000,
        "weightedaveragenumberofdilutedsharesoutstanding": 31296000,
        "comprehensiveincomenetoftax": 84890000
    },
    {
        "date": "2013-06-29",
        "symbol": "CMG",
        "period": "Q2",
        "foodandbeveragerevenue": 816786000,
        "foodandbeveragecostofsales": 270510000,
        "costofgoodssolddirectlabor": 185804000,
        "occupancynet": 48564000,
        "othercostandexpenseoperating": 86296000,
        "generalandadministrativeexpense": 50952000,
        "depreciationdepletionandamortization": 23597000,
        "preopeningcosts": 3246000,
        "gainlossonsalesofassetsandassetimpairmentcharges": -1399000,
        "costsandexpenses": 670368000,
        "operatingincomeloss": 146418000,
        "othernonoperatingincomeexpense": 330000,
        "incomelossfromcontinuingoperationsbeforeincometaxesextraordinaryitemsnoncontrollinginterest": 146748000,
        "incometaxexpensebenefit": 58895000,
        "netincomeloss": 87853000,
        "earningspersharebasic": 2.84,
        "earningspersharediluted": 2.82,
        "weightedaveragenumberofsharesoutstandingbasic": 30901000,
        "weightedaveragenumberofdilutedsharesoutstanding": 31176000,
        "comprehensiveincomenetoftax": 87820000
    },
    {
        "date": "2013-03-30",
        "symbol": "CMG",
        "period": "Q1",
        "foodandbeveragerevenue": 726751000,
        "foodandbeveragecostofsales": 239589000,
        "costofgoodssolddirectlabor": 171469000,
        "occupancynet": 47620000,
        "othercostandexpenseoperating": 76656000,
        "generalandadministrativeexpense": 44211000,
        "depreciationdepletionandamortization": 22936000,
        "preopeningcosts": 2886000,
        "gainlossonsalesofassetsandassetimpairmentcharges": -1340000,
        "costsandexpenses": 606707000,
        "operatingincomeloss": 120044000,
        "othernonoperatingincomeexpense": 266000,
        "incomelossfromcontinuingoperationsbeforeincometaxesextraordinaryitemsnoncontrollinginterest": 120310000,
        "incometaxexpensebenefit": 43726000,
        "netincomeloss": 76584000,
        "earningspersharebasic": 2.47,
        "earningspersharediluted": 2.45,
        "weightedaveragenumberofsharesoutstandingbasic": 31012000,
        "weightedaveragenumberofdilutedsharesoutstanding": 31229000,
        "comprehensiveincomenetoftax": 75480000
    },
    {
        "date": "2012-09-29",
        "symbol": "CMG",
        "period": "Q3",
        "foodandbeveragerevenue": 700528000,
        "foodandbeveragecostofsales": 228566000,
        "costofgoodssolddirectlabor": 162655000,
        "occupancynet": 43777000,
        "othercostandexpenseoperating": 73728000,
        "generalandadministrativeexpense": 48606000,
        "depreciationdepletionandamortization": 21362000,
        "preopeningcosts": 2772000,
        "gainlossonsalesofassetsandassetimpairmentcharges": -1399000,
        "costsandexpenses": 582865000,
        "operatingincomeloss": 117663000,
        "othernonoperatingincomeexpense": 547000,
        "incomelossfromcontinuingoperationsbeforeincometaxesextraordinaryitemsnoncontrollinginterest": 118210000,
        "incometaxexpensebenefit": 45910000,
        "netincomeloss": 72300000,
        "earningspersharebasic": 2.28,
        "earningspersharediluted": 2.27,
        "weightedaveragenumberofsharesoutstandingbasic": 31643000,
        "weightedaveragenumberofdilutedsharesoutstanding": 31846000,
        "comprehensiveincomenetoftax": 73260000
    },
    {
        "date": "2012-06-29",
        "symbol": "CMG",
        "period": "Q2",
        "foodandbeveragerevenue": 690932000,
        "foodandbeveragecostofsales": 221517000,
        "costofgoodssolddirectlabor": 159895000,
        "occupancynet": 41758000,
        "othercostandexpenseoperating": 66353000,
        "generalandadministrativeexpense": 42295000,
        "depreciationdepletionandamortization": 20543000,
        "preopeningcosts": 3306000,
        "gainlossonsalesofassetsandassetimpairmentcharges": -1475000,
        "costsandexpenses": 557142000,
        "operatingincomeloss": 133790000,
        "othernonoperatingincomeexpense": 377000,
        "incomelossfromcontinuingoperationsbeforeincometaxesextraordinaryitemsnoncontrollinginterest": 134167000,
        "incometaxexpensebenefit": 52484000,
        "netincomeloss": 81683000,
        "earningspersharebasic": 2.58,
        "earningspersharediluted": 2.56,
        "weightedaveragenumberofsharesoutstandingbasic": 31696000,
        "weightedaveragenumberofdilutedsharesoutstanding": 31951000,
        "comprehensiveincomenetoftax": 80625000
    },
    {
        "date": "2012-03-30",
        "symbol": "CMG",
        "period": "Q1",
        "foodandbeveragerevenue": 640603000,
        "foodandbeveragecostofsales": 206590000,
        "costofgoodssolddirectlabor": 151985000,
        "occupancynet": 40509000,
        "othercostandexpenseoperating": 66179000,
        "generalandadministrativeexpense": 49334000,
        "depreciationdepletionandamortization": 20084000,
        "preopeningcosts": 2448000,
        "lossesgainsonsalesofassetsandassetimpairmentcharges": 1250000,
        "costsandexpenses": 538379000,
        "operatingincomeloss": 102224000,
        "othernonoperatingincomeexpense": 434000,
        "incomelossfromcontinuingoperationsbeforeincometaxesextraordinaryitemsnoncontrollinginterest": 102658000,
        "incometaxexpensebenefit": 39994000,
        "netincomeloss": 62664000,
        "earningspersharebasic": 2,
        "earningspersharediluted": 1.97,
        "weightedaveragenumberofsharesoutstandingbasic": 31410000,
        "weightedaveragenumberofdilutedsharesoutstanding": 31846000,
        "comprehensiveincomenetoftax": 63347000
    },
    {
        "date": "2011-09-29",
        "symbol": "CMG",
        "period": "Q3",
        "foodandbeveragerevenue": 591854000,
        "foodandbeveragecostofsales": 195793000,
        "costofgoodssolddirectlabor": 138046000,
        "occupancynet": 37117000,
        "othercostandexpenseoperating": 63167000,
        "generalandadministrativeexpense": 37254000,
        "depreciationdepletionandamortization": 18741000,
        "preopeningcosts": 2448000,
        "lossesgainsonsalesofassetsandassetimpairmentcharges": 1278000,
        "costsandexpenses": 493844000,
        "operatingincomeloss": 98010000,
        "othernonoperatingincome": 567000,
        "othernonoperatingexpense": 119000,
        "incomelossfromcontinuingoperationsbeforeincometaxesminorityinterestandincomelossfromequitymethodinvestments": 98458000,
        "incometaxexpensebenefit": 38025000,
        "netincomeloss": 60433000,
        "earningspersharebasic": 1.93,
        "earningspersharediluted": 1.9,
        "weightedaveragenumberofsharesoutstandingbasic": 31331000,
        "weightedaveragenumberofdilutedsharesoutstanding": 31832000
    },
    {
        "date": "2011-06-29",
        "symbol": "CMG",
        "period": "Q2",
        "foodandbeveragerevenue": 571561000,
        "foodandbeveragecostofsales": 188121000,
        "costofgoodssolddirectlabor": 137705000,
        "occupancynet": 36195000,
        "othercostandexpenseoperating": 62221000,
        "generalandadministrativeexpense": 41968000,
        "depreciationdepletionandamortization": 18505000,
        "preopeningcosts": 1606000,
        "lossesgainsonsalesofassetsandassetimpairmentcharges": 1377000,
        "costsandexpenses": 487698000,
        "operatingincomeloss": 83863000,
        "othernonoperatingincome": 475000,
        "othernonoperatingexpense": 2481000,
        "incomelossfromcontinuingoperationsbeforeincometaxesminorityinterestandincomelossfromequitymethodinvestments": 81857000,
        "incometaxexpensebenefit": 31200000,
        "netincomeloss": 50657000,
        "earningspersharebasic": 1.63,
        "earningspersharediluted": 1.59,
        "weightedaveragenumberofsharesoutstandingbasic": 31167000,
        "weightedaveragenumberofdilutedsharesoutstanding": 31761000
    },
    {
        "date": "2011-03-30",
        "symbol": "CMG",
        "period": "Q1",
        "foodandbeveragerevenue": 509384000,
        "foodandbeveragecostofsales": 162908000,
        "costofgoodssolddirectlabor": 125288000,
        "occupancynet": 35315000,
        "othercostandexpenseoperating": 57385000,
        "generalandadministrativeexpense": 32216000,
        "depreciationdepletionandamortization": 18494000,
        "preopeningcosts": 1296000,
        "gainlossonsaleofpropertyplantequipment": -1661000,
        "costsandexpenses": 434563000,
        "operatingincomeloss": 74821000,
        "othernonoperatingincome": 475000,
        "othernonoperatingexpense": 188000,
        "incomelossfromcontinuingoperationsbeforeincometaxesminorityinterestandincomelossfromequitymethodinvestments": 75108000,
        "incometaxexpensebenefit": 28726000,
        "netincomeloss": 46382000,
        "earningspersharebasic": 1.49,
        "earningspersharediluted": 1.46,
        "weightedaveragenumberofsharesoutstandingbasic": 31082000,
        "weightedaveragenumberofdilutedsharesoutstanding": 31717000
    },
    {
        "date": "2010-09-29",
        "symbol": "CMG",
        "period": "Q3",
        "foodandbeveragerevenue": 476874000,
        "foodandbeveragecostofsales": 145688000,
        "costofgoodssolddirectlabor": 115234000,
        "occupancynet": 32096000,
        "othercostandexpenseoperating": 51977000,
        "generalandadministrativeexpense": 33522000,
        "depreciationdepletionandamortization": 17319000,
        "preopeningcosts": 1943000,
        "gainlossonsaleofpropertyplantequipment": -1511000,
        "costsandexpenses": 399290000,
        "operatingincomeloss": 77584000,
        "othernonoperatingincome": 395000,
        "othernonoperatingexpense": 14000,
        "incomelossfromcontinuingoperationsbeforeincometaxesminorityinterestandincomelossfromequitymethodinvestments": 77965000,
        "incometaxexpensebenefit": 29737000,
        "netincomeloss": 48228000,
        "earningspersharebasic": 1.55,
        "earningspersharediluted": 1.52,
        "weightedaveragenumberofsharesoutstandingbasic": 31031000,
        "weightedaveragenumberofdilutedsharesoutstanding": 31629000
    },
    {
        "date": "2010-06-29",
        "symbol": "CMG",
        "period": "Q2",
        "foodandbeveragerevenue": 466841000,
        "foodandbeveragecostofsales": 141922000,
        "costofgoodssolddirectlabor": 114790000,
        "occupancynet": 31772000,
        "othercostandexpenseoperating": 52968000,
        "generalandadministrativeexpense": 30141000,
        "depreciationdepletionandamortization": 17053000,
        "preopeningcosts": 1724000,
        "gainlossonsaleofpropertyplantequipment": -1512000,
        "costsandexpenses": 391882000,
        "operatingincomeloss": 74959000,
        "othernonoperatingincome": 427000,
        "othernonoperatingexpense": 85000,
        "incomelossfromcontinuingoperationsbeforeincometaxesminorityinterestandincomelossfromequitymethodinvestments": 75301000,
        "incometaxexpensebenefit": 28840000,
        "netincomeloss": 46461000,
        "earningspersharebasic": 1.48,
        "earningspersharediluted": 1.46,
        "weightedaveragenumberofsharesoutstandingbasic": 31373000,
        "weightedaveragenumberofdilutedsharesoutstanding": 31802000
    }
]