[
    {
        "date": "2024-09-29",
        "symbol": "FIX",
        "period": "Q3",
        "revenues": 1812366000,
        "costofrevenue": 1430652000,
        "grossprofit": 381714000,
        "sellinggeneralandadministrativeexpense": 180177000,
        "gainlossondispositionofassets": 1347000,
        "operatingincomeloss": 202884000,
        "investmentincomeinterest": 3825000,
        "interestexpensenonoperating": 1730000,
        "businesscombinationcontingentconsiderationarrangementschangeinamountofcontingentconsiderationliability1": 17254000,
        "othernonoperatingincomeexpense": 87000,
        "nonoperatingincomeexpense": -15072000,
        "incomelossfromcontinuingoperationsbeforeincometaxesextraordinaryitemsnoncontrollinginterest": 187812000,
        "incometaxexpensebenefit": 41577000,
        "netincomeloss": 146235000,
        "earningspersharebasic": 4.1,
        "earningspersharediluted": 4.09,
        "weightedaveragenumberofsharesoutstandingbasic": 35669000,
        "weightedaveragenumberofdilutedsharesoutstanding": 35755000
    },
    {
        "date": "2024-06-29",
        "symbol": "FIX",
        "period": "Q2",
        "revenues": 1810290000,
        "costofrevenue": 1446694000,
        "grossprofit": 363596000,
        "sellinggeneralandadministrativeexpense": 179537000,
        "gainlossondispositionofassets": 611000,
        "operatingincomeloss": 184670000,
        "investmentincomeinterest": 1264000,
        "interestexpense": 1709000,
        "businesscombinationcontingentconsiderationarrangementschangeinamountofcontingentconsiderationliability1": 14689000,
        "othernonoperatingincomeexpense": 119000,
        "nonoperatingincomeexpense": -15015000,
        "incomelossfromcontinuingoperationsbeforeincometaxesextraordinaryitemsnoncontrollinginterest": 169655000,
        "incometaxexpensebenefit": 35646000,
        "netincomeloss": 134009000,
        "earningspersharebasic": 3.75,
        "earningspersharediluted": 3.74,
        "weightedaveragenumberofsharesoutstandingbasic": 35746000,
        "weightedaveragenumberofdilutedsharesoutstanding": 35828000
    },
    {
        "date": "2014-06-29",
        "symbol": "FIX",
        "period": "Q2",
        "salesrevenuenet": 362801000,
        "costofgoodsandservicessold": 300942000,
        "grossprofit": 61859000,
        "sellinggeneralandadministrativeexpense": 50573000,
        "gainlossondispositionofassets": 89000,
        "operatingincomeloss": 10648000,
        "investmentincomeinterest": 2000,
        "interestexpense": 462000,
        "othernonoperatingincome": 24000,
        "nonoperatingincomeexpense": -566000,
        "incomelossfromcontinuingoperationsbeforeincometaxesminorityinterestandincomelossfromequitymethodinvestments": 10082000,
        "incometaxexpensebenefit": 3746000,
        "incomelossfromcontinuingoperationsincludingportionattributabletononcontrollinginterest": 6336000,
        "discontinuedoperationincomelossfromdiscontinuedoperationduringphaseoutperiodnetoftax": 0,
        "profitloss": 1935000,
        "netincomelossattributabletononcontrollinginterest": 1935000,
        "netincomelossavailabletocommonstockholdersbasic": 4401000,
        "incomelossfromcontinuingoperationsperbasicshare": 0.12000000000000001,
        "earningspersharebasic": 0.12000000000000001,
        "incomelossfromcontinuingoperationsperdilutedshare": 0.12000000000000001,
        "earningspersharediluted": 0.12000000000000001,
        "weightedaveragenumberofsharesoutstandingbasic": 62000,
        "weightedaveragenumberofdilutedsharesoutstanding": 24000,
        "commonstockdividendspersharedeclared": 0.055,
        "discontinuedoperationtaxeffectofincomelossfromdiscontinuedoperationduringphaseoutperiod": 20000
    },
    {
        "date": "2014-03-30",
        "symbol": "FIX",
        "period": "Q1",
        "salesrevenuenet": 321381000,
        "costofgoodsandservicessold": 269232000,
        "grossprofit": 52149000,
        "sellinggeneralandadministrativeexpense": 50385000,
        "gainlossondispositionofassets": 133000,
        "operatingincomeloss": 1897000,
        "investmentincomeinterest": 11000,
        "interestexpense": 336000,
        "businesscombinationcontingentconsiderationarrangementschangeinamountofcontingentconsiderationliability1": -130000,
        "othernonoperatingincome": 68000,
        "nonoperatingincomeexpense": -127000,
        "incomelossfromcontinuingoperationsbeforeincometaxesminorityinterestandincomelossfromequitymethodinvestments": 1770000,
        "incometaxexpensebenefit": 692000,
        "incomelossfromcontinuingoperationsincludingportionattributabletononcontrollinginterest": 1078000,
        "discontinuedoperationincomelossfromdiscontinuedoperationduringphaseoutperiodnetoftax": -15000,
        "profitloss": 688000,
        "netincomelossattributabletononcontrollinginterest": 688000,
        "netincomelossavailabletocommonstockholdersbasic": 375000,
        "incomelossfromcontinuingoperationsperbasicshare": 0.01,
        "earningspersharebasic": 0.01,
        "incomelossfromcontinuingoperationsperdilutedshare": 0.01,
        "earningspersharediluted": 0.01,
        "weightedaveragenumberofsharesoutstandingbasic": 37582000,
        "weightedaveragenumberofdilutedsharesoutstanding": 37890000,
        "commonstockdividendspersharedeclared": 0.055,
        "discontinuedoperationtaxeffectofincomelossfromdiscontinuedoperationduringphaseoutperiod": -10000
    },
    {
        "date": "2013-09-29",
        "symbol": "FIX",
        "period": "Q3",
        "salesrevenuenet": 349989000,
        "costofgoodsandservicessold": 282968000,
        "grossprofit": 67021000,
        "sellinggeneralandadministrativeexpense": 49404000,
        "gainlossondispositionofassets": 117000,
        "operatingincomeloss": 17734000,
        "investmentincomeinterest": 5000,
        "interestexpense": 347000,
        "businesscombinationcontingentconsiderationarrangementschangeinamountofcontingentconsiderationliability1": -750000,
        "othernonoperatingincome": 83000,
        "nonoperatingincomeexpense": 491000,
        "incomelossfromcontinuingoperationsbeforeincometaxesminorityinterestandincomelossfromequitymethodinvestments": 18225000,
        "incometaxexpensebenefit": 6588000,
        "incomelossfromcontinuingoperationsincludingportionattributabletononcontrollinginterest": 11637000,
        "incomelossfromdiscontinuedoperationsnetoftax": -25000,
        "profitloss": 11612000,
        "netincomelossattributabletononcontrollinginterest": 233000,
        "netincomelossavailabletocommonstockholdersbasic": 11379000,
        "incomelossfromcontinuingoperationsperbasicshare": 0.31,
        "earningspersharebasic": 0.31,
        "incomelossfromcontinuingoperationsperdilutedshare": 0.3,
        "earningspersharediluted": 0.3,
        "weightedaveragenumberofsharesoutstandingbasic": 37293000,
        "weightedaveragenumberofdilutedsharesoutstanding": 37631000,
        "commonstockdividendspersharedeclared": 0.055,
        "discontinuedoperationtaxeffectofdiscontinuedoperation": -18000
    },
    {
        "date": "2013-06-29",
        "symbol": "FIX",
        "period": "Q2",
        "salesrevenuenet": 351053000,
        "costofgoodsandservicessold": 291086000,
        "grossprofit": 59967000,
        "sellinggeneralandadministrativeexpense": 45699000,
        "gainlossondispositionofproperty": 111000,
        "operatingincomeloss": 14379000,
        "investmentincomeinterest": 7000,
        "interestexpense": 347000,
        "businesscombinationcontingentconsiderationarrangementschangeinamountofcontingentconsiderationliability": -27000,
        "othernonoperatingincome": 37000,
        "nonoperatingincomeexpense": -330000,
        "incomelossfromcontinuingoperationsbeforeincometaxesminorityinterestandincomelossfromequitymethodinvestments": 14049000,
        "incometaxexpensebenefit": 5735000,
        "incomelossfromcontinuingoperationsincludingportionattributabletononcontrollinginterest": 8314000,
        "incomelossfromdiscontinuedoperationsnetoftax": 0,
        "profitloss": 552000,
        "netincomelossattributabletononcontrollinginterest": 552000,
        "netincomelossavailabletocommonstockholdersbasic": 7762000,
        "incomelossfromcontinuingoperationsperbasicshare": 0.21000000000000002,
        "earningspersharebasic": 0.21000000000000002,
        "incomelossfromcontinuingoperationsperdilutedshare": 0.21000000000000002,
        "earningspersharediluted": 0.21000000000000002,
        "weightedaveragenumberofsharesoutstandingbasic": 61000,
        "weightedaveragenumberofdilutedsharesoutstanding": 16000,
        "commonstockdividendspersharedeclared": 0.05,
        "discontinuedoperationtaxeffectofdiscontinuedoperation": -78000
    },
    {
        "date": "2013-03-30",
        "symbol": "FIX",
        "period": "Q1",
        "salesrevenuenet": 325890000,
        "costofgoodsandservicessold": 274423000,
        "grossprofit": 51467000,
        "sellinggeneralandadministrativeexpense": 46520000,
        "gainlossondispositionofproperty": 139000,
        "operatingincomeloss": 5086000,
        "investmentincomeinterest": 7000,
        "interestexpense": 338000,
        "businesscombinationcontingentconsiderationarrangementschangeinamountofcontingentconsiderationliability": -27000,
        "othernonoperatingincome": 64000,
        "nonoperatingincomeexpense": -294000,
        "incomelossfromcontinuingoperationsbeforeincometaxesminorityinterestandincomelossfromequitymethodinvestments": 4792000,
        "incometaxexpensebenefit": 2043000,
        "incomelossfromcontinuingoperationsincludingportionattributabletononcontrollinginterest": 2749000,
        "incomelossfromdiscontinuedoperationsnetoftax": -54000,
        "profitloss": 163000,
        "netincomelossattributabletononcontrollinginterest": 163000,
        "netincomelossavailabletocommonstockholdersbasic": 2532000,
        "incomelossfromcontinuingoperationsperbasicshare": 0.07,
        "earningspersharebasic": 0.07,
        "incomelossfromcontinuingoperationsperdilutedshare": 0.07,
        "earningspersharediluted": 0.07,
        "weightedaveragenumberofsharesoutstandingbasic": 37067000,
        "weightedaveragenumberofdilutedsharesoutstanding": 37333000,
        "commonstockdividendspersharedeclared": 0.05,
        "discontinuedoperationtaxeffectofdiscontinuedoperation": 39000
    },
    {
        "date": "2012-09-29",
        "symbol": "FIX",
        "period": "Q3",
        "salesrevenuenet": 335540000,
        "costofgoodsandservicessold": 279889000,
        "grossprofit": 55651000,
        "sellinggeneralandadministrativeexpense": 46004000,
        "gainlossondispositionofproperty": 99000,
        "operatingincomeloss": 9746000,
        "investmentincomeinterest": 13000,
        "interestexpense": 406000,
        "businesscombinationcontingentconsiderationarrangementschangeinamountofcontingentconsiderationliability": -38000,
        "othernonoperatingincome": 13000,
        "nonoperatingincomeexpense": -418000,
        "incomelossfromcontinuingoperationsbeforeincometaxesminorityinterestandincomelossfromequitymethodinvestments": 9328000,
        "incometaxexpensebenefit": 4003000,
        "profitloss": 5325000,
        "netincomelossattributabletononcontrollinginterest": -348000,
        "netincomelossavailabletocommonstockholdersbasic": 5673000,
        "earningspersharebasic": 0.15,
        "earningspersharediluted": 0.15,
        "weightedaveragenumberofsharesoutstandingbasic": 37155000,
        "weightedaveragenumberofdilutedsharesoutstanding": 37332000,
        "commonstockdividendspersharedeclared": 0.05
    },
    {
        "date": "2012-06-29",
        "symbol": "FIX",
        "period": "Q2",
        "salesrevenuenet": 354750000,
        "costofgoodsandservicessold": 300238000,
        "grossprofit": 54512000,
        "sellinggeneralandadministrativeexpense": 47090000,
        "gainlossondispositionofproperty": 239000,
        "operatingincomeloss": 7661000,
        "investmentincomeinterest": 4000,
        "interestexpense": 428000,
        "businesscombinationcontingentconsiderationarrangementschangeinamountofcontingentconsiderationliability": -37000,
        "othernonoperatingincome": 18000,
        "nonoperatingincomeexpense": -443000,
        "incomelossfromcontinuingoperationsbeforeincometaxesminorityinterestandincomelossfromequitymethodinvestments": 7218000,
        "incometaxexpensebenefit": 3171000,
        "profitloss": 4047000,
        "netincomelossattributabletononcontrollinginterest": -421000,
        "netincomelossavailabletocommonstockholdersbasic": 4468000,
        "earningspersharebasic": 0.12,
        "earningspersharediluted": 0.12,
        "weightedaveragenumberofsharesoutstandingbasic": 37166000,
        "weightedaveragenumberofdilutedsharesoutstanding": 37247000,
        "commonstockdividendspersharedeclared": 0.05
    },
    {
        "date": "2012-03-30",
        "symbol": "FIX",
        "period": "Q1",
        "salesrevenuenet": 329410000,
        "costofgoodsandservicessold": 286666000,
        "grossprofit": 42744000,
        "sellinggeneralandadministrativeexpense": 46363000,
        "gainlossondispositionofproperty": 216000,
        "operatingincomeloss": -3403000,
        "investmentincomeinterest": 4000,
        "interestexpense": 397000,
        "businesscombinationcontingentconsiderationarrangementschangeinamountofcontingentconsiderationliability": -30000,
        "othernonoperatingincome": 52000,
        "nonoperatingincomeexpense": -371000,
        "incomelossfromcontinuingoperationsbeforeincometaxesminorityinterestandincomelossfromequitymethodinvestments": -3774000,
        "incometaxexpensebenefit": -1106000,
        "profitloss": -2668000,
        "netincomelossattributabletononcontrollinginterest": -1639000,
        "netincomelossavailabletocommonstockholdersbasic": -1029000,
        "earningspersharebasic": -0.03,
        "earningspersharediluted": -0.03,
        "weightedaveragenumberofsharesoutstandingbasic": 37056000,
        "weightedaveragenumberofdilutedsharesoutstanding": 37056000,
        "commonstockdividendspersharedeclared": 0.05
    },
    {
        "date": "2011-09-29",
        "symbol": "FIX",
        "period": "Q3",
        "salesrevenuenet": 328113000,
        "costofgoodsandservicessold": 279005000,
        "grossprofit": 49108000,
        "sellinggeneralandadministrativeexpense": 41493000,
        "goodwillimpairmentloss": 55134000,
        "gainlossondispositionofproperty": 58000,
        "operatingincomeloss": -47461000,
        "investmentincomeinterest": 16000,
        "interestexpense": 478000,
        "businesscombinationcontingentconsiderationarrangementschangeinamountofcontingentconsiderationliability": 5077000,
        "othernonoperatingincome": -16000,
        "nonoperatingincomeexpense": 4599000,
        "incomelossfromcontinuingoperationsbeforeincometaxesminorityinterestandincomelossfromequitymethodinvestments": -42862000,
        "incometaxexpensebenefit": -6293000,
        "incomelossfromcontinuingoperationsincludingportionattributabletononcontrollinginterest": -36569000,
        "netincomelossavailabletocommonstockholdersbasic": -36569000,
        "incomelossfromcontinuingoperationsperbasicshare": -0.98,
        "earningspersharebasic": -0.98,
        "incomelossfromcontinuingoperationsperdilutedshare": -0.98,
        "earningspersharediluted": -0.98,
        "weightedaveragenumberofsharesoutstandingbasic": 37325000,
        "weightedaveragenumberofdilutedsharesoutstanding": 37325000,
        "commonstockdividendspersharedeclared": 0.05
    },
    {
        "date": "2011-06-29",
        "symbol": "FIX",
        "period": "Q2",
        "salesrevenuenet": 312148000,
        "costofgoodsandservicessold": 264638000,
        "grossprofit": 47510000,
        "sellinggeneralandadministrativeexpense": 41928000,
        "gainlossondispositionofproperty": 19000,
        "operatingincomeloss": 5601000,
        "investmentincomeinterest": 23000,
        "interestexpense": 466000,
        "othernonoperatingincome": 517000,
        "nonoperatingincomeexpense": 74000,
        "incomelossfromcontinuingoperationsbeforeincometaxesminorityinterestandincomelossfromequitymethodinvestments": 5675000,
        "incometaxexpensebenefit": 2513000,
        "incomelossfromcontinuingoperationsincludingportionattributabletononcontrollinginterest": 3162000,
        "profitloss": 3162000,
        "incomelossfromcontinuingoperationsperbasicshare": 0.08,
        "earningspersharebasic": 0.08,
        "incomelossfromcontinuingoperationsperdilutedshare": 0.08,
        "earningspersharediluted": 0.08,
        "weightedaveragenumberofsharesoutstandingbasic": 37630000,
        "weightedaveragenumberofdilutedsharesoutstanding": 37742000,
        "commonstockdividendspersharedeclared": 0.05
    }
]