[
    {
        "date": "2024-09-29",
        "symbol": "AIG",
        "period": "Q3",
        "premiumsearnednet": 5945000000,
        "netinvestmentincome": -1774000000,
        "realizedinvestmentgainslosses": -108000000,
        "otherincome": 0,
        "revenues": 6751000000,
        "policyholderbenefitsandclaimsincurrednet": 3773000000,
        "deferredpolicyacquisitioncostsandpresentvalueoffutureprofitsamortization1": 863000000,
        "sellinggeneralandadministrativeexpense": 1346000000,
        "interestexpense": 112000000,
        "disposalgroupnotdiscontinuedoperationgainlossondisposal": -8000000,
        "benefitslossesandexpenses": 6102000000,
        "incomelossfromcontinuingoperationsbeforeincometaxesextraordinaryitemsnoncontrollinginterest": -1748000000,
        "incometaxexpensebenefit": -418000000,
        "incomelossfromcontinuingoperationsincludingportionattributabletononcontrollinginterest": 481000000,
        "profitloss": 2226000000,
        "netincomeloss": -4830000000,
        "netincomelossavailabletocommonstockholdersbasic": 459000000,
        "incomelossfromcontinuingoperationsperbasicshare": 0.7599999999999998,
        "earningspersharebasic": 0.6299999999999999,
        "incomelossfromcontinuingoperationsperdilutedshare": 0.7399999999999995,
        "earningspersharediluted": 0.6300000000000006,
        "weightedaveragenumberofsharesoutstandingbasic": 661691554,
        "weightedaveragenumberofdilutedsharesoutstanding": 667355069,
        "ocidebtsecuritiesavailableforsalewithallowanceforcreditlossunrealizedholdinggainlossbeforeadjustmentaftertax": 37000000,
        "ocidebtsecuritiesavailableforsalewithoutallowanceforcreditlossunrealizedholdinggainlossbeforeadjustmentaftertax": 1349000000,
        "ociliabilityforfuturepolicybenefitgainlossafterreclassificationadjustmentandtax": 46000000,
        "othercomprehensiveincomelossforeigncurrencytransactionandtranslationadjustmentnetoftax": 414000000,
        "othercomprehensiveincomelosspensionandotherpostretirementbenefitplansadjustmentnetoftax": -1000000,
        "othercomprehensiveincomelossnetoftax": 1847000000,
        "comprehensiveincomenetoftaxincludingportionattributabletononcontrollinginterest": -3386000000,
        "comprehensiveincomenetoftaxattributabletononcontrollinginterest": 2000000,
        "comprehensiveincomenetoftax": 2302000000
    },
    {
        "date": "2024-06-29",
        "symbol": "AIG",
        "period": "Q2",
        "premiumsearnednet": 3452000000,
        "netinvestmentincome": -1638000000,
        "realizedinvestmentgainslosses": 12000000,
        "otherincome": -215000000,
        "revenues": 745000000,
        "policyholderbenefitsandclaimsincurrednet": 660000000,
        "deferredpolicyacquisitioncostsandpresentvalueoffutureprofitsamortization1": 576000000,
        "sellinggeneralandadministrativeexpense": 834000000,
        "interestexpense": -19000000,
        "disposalgroupnotdiscontinuedoperationgainlossondisposal": 96000000,
        "benefitslossesandexpenses": 1121000000,
        "incomelossfromcontinuingoperationsbeforeincometaxesextraordinaryitemsnoncontrollinginterest": -376000000,
        "incometaxexpensebenefit": -48000000,
        "incomelossfromcontinuingoperationsincludingportionattributabletononcontrollinginterest": -328000000,
        "profitloss": -3884000000,
        "netincomeloss": -3977000000,
        "preferredstockdividendsandotheradjustments": 0,
        "netincomelossavailabletocommonstockholdersbasic": -3977000000,
        "incomelossfromcontinuingoperationsperbasicshare": 0.1100000000000001,
        "earningspersharebasic": -5.89,
        "incomelossfromcontinuingoperationsperdilutedshare": 0.1100000000000001,
        "earningspersharediluted": -5.8500000000000005,
        "weightedaveragenumberofsharesoutstandingbasic": 671834907,
        "weightedaveragenumberofdilutedsharesoutstanding": 677458343,
        "ocidebtsecuritiesavailableforsalewithallowanceforcreditlossunrealizedholdinggainlossbeforeadjustmentaftertax": -31000000,
        "ocidebtsecuritiesavailableforsalewithoutallowanceforcreditlossunrealizedholdinggainlossbeforeadjustmentaftertax": 1015000000,
        "ociliabilityforfuturepolicybenefitgainlossafterreclassificationadjustmentandtax": -635000000,
        "othercomprehensiveincomelossforeigncurrencytransactionandtranslationadjustmentnetoftax": 43000000,
        "othercomprehensiveincomelosspensionandotherpostretirementbenefitplansadjustmentnetoftax": -10000000,
        "othercomprehensiveincomelossnetoftax": 6694000000,
        "comprehensiveincomenetoftaxincludingportionattributabletononcontrollinginterest": 2810000000,
        "comprehensiveincomenetoftaxattributabletononcontrollinginterest": 93000000,
        "comprehensiveincomenetoftax": 2717000000
    },
    {
        "date": "2024-03-30",
        "symbol": "AIG",
        "period": "Q1",
        "premiumsearnednet": 8167000000,
        "insurancecommissionsandfees": 714000000,
        "netinvestmentincome": 3535000000,
        "realizedinvestmentgainslosses": -258000000,
        "otherincome": 217000000,
        "revenues": 12578000000,
        "policyholderbenefitsandclaimsincurrednet": 6320000000,
        "marketriskbenefitchangeinfairvaluegainloss": 369000000,
        "interestcreditedtopolicyholdersaccountbalances": 1204000000,
        "deferredpolicyacquisitioncostsandpresentvalueoffutureprofitsamortization1": 1104000000,
        "sellinggeneralandadministrativeexpense": 2014000000,
        "interestexpense": 260000000,
        "disposalgroupnotdiscontinuedoperationgainlossondisposal": 6000000,
        "benefitslossesandexpenses": 10527000000,
        "incomelossfromcontinuingoperationsbeforeincometaxesextraordinaryitemsnoncontrollinginterest": 2051000000,
        "incometaxexpensebenefit": 451000000,
        "incomelossfromcontinuingoperationsincludingportionattributabletononcontrollinginterest": 1600000000,
        "profitloss": 1600000000,
        "incomelossfromcontinuingoperationsattributabletononcontrollingentity": 384000000,
        "netincomeloss": 1216000000,
        "preferredstockdividendsandotheradjustments": 22000000,
        "netincomelossavailabletocommonstockholdersbasic": 1194000000,
        "incomelossfromcontinuingoperationsperbasicshare": 1.75,
        "earningspersharebasic": 1.75,
        "incomelossfromcontinuingoperationsperdilutedshare": 1.74,
        "earningspersharediluted": 1.74,
        "weightedaveragenumberofsharesoutstandingbasic": 682576848,
        "weightedaveragenumberofdilutedsharesoutstanding": 687961518,
        "liabilityforfuturepolicybenefitremeasurementgainloss": 100000000,
        "ocidebtsecuritiesavailableforsalewithallowanceforcreditlossunrealizedholdinggainlossbeforeadjustmentaftertax": 57000000,
        "ocidebtsecuritiesavailableforsalewithoutallowanceforcreditlossunrealizedholdinggainlossbeforeadjustmentaftertax": -1290000000,
        "ocimarketriskbenefitinstrumentspecificcreditriskgainlossafteradjustmentsandtax": -23000000,
        "ociliabilityforfuturepolicybenefitgainlossafterreclassificationadjustmentandtax": 545000000,
        "othercomprehensiveincomelossforeigncurrencytransactionandtranslationadjustmentnetoftax": -353000000,
        "othercomprehensiveincomelosspensionandotherpostretirementbenefitplansadjustmentnetoftax": -7000000,
        "othercomprehensiveincomelossnetoftax": -1057000000,
        "comprehensiveincomenetoftaxincludingportionattributabletononcontrollinginterest": 543000000,
        "comprehensiveincomenetoftaxattributabletononcontrollinginterest": 86000000,
        "comprehensiveincomenetoftax": 457000000
    },
    {
        "date": "2023-12-30",
        "symbol": "AIG",
        "period": "Q4",
        "premiumsearnednet": 8472000000,
        "insurancecommissionsandfees": 703000000,
        "netinvestmentincome": 6030000000,
        "realizedinvestmentgainslosses": -2129000000,
        "otherincome": 202000000,
        "revenues": 8366000000,
        "policyholderbenefitsandclaimsincurrednet": 6518000000,
        "marketriskbenefitchangeinfairvaluegainloss": -486000000,
        "interestcreditedtopolicyholdersaccountbalances": 1187000000,
        "deferredpolicyacquisitioncostsandpresentvalueoffutureprofitsamortization1": 1135000000,
        "sellinggeneralandadministrativeexpense": 2134000000,
        "interestexpense": 271000000,
        "disposalgroupnotdiscontinuedoperationgainlossondisposal": 501000000,
        "benefitslossesandexpenses": 11172000000,
        "incomelossfromcontinuingoperationsbeforeincometaxesextraordinaryitemsnoncontrollinginterest": -827000000,
        "incometaxexpensebenefit": -859000000,
        "incomelossfromcontinuingoperationsincludingportionattributabletononcontrollinginterest": -473000000,
        "profitloss": 32000000,
        "incomelossfromcontinuingoperationsattributabletononcontrollingentity": -566000000,
        "netincomeloss": 584000000,
        "preferredstockdividendsincomestatementimpact": 7000000,
        "netincomelossavailabletocommonstockholdersbasic": 86000000,
        "incomelossfromcontinuingoperationsperbasicshare": 0.10999999999999968,
        "earningspersharebasic": 0.10999999999999968,
        "incomelossfromcontinuingoperationsperdilutedshare": 0.11000000000000057,
        "earningspersharediluted": 0.11000000000000057,
        "weightedaveragenumberofsharesoutstandingbasic": 719506291,
        "weightedaveragenumberofdilutedsharesoutstanding": 725233068,
        "liabilityforfuturepolicybenefitremeasurementgainloss": 150000000,
        "ocimarketriskbenefitinstrumentspecificcreditriskgainlossafteradjustmentsandtax": -348000000,
        "othercomprehensiveincomelossforeigncurrencytransactionandtranslationadjustmentnetoftax": 458000000,
        "othercomprehensiveincomelosspensionandotherpostretirementbenefitplansadjustmentnetoftax": 20000000,
        "othercomprehensiveincomelossnetoftax": 13016000000,
        "comprehensiveincomenetoftaxincludingportionattributabletononcontrollinginterest": 12072000000,
        "comprehensiveincomenetoftaxattributabletononcontrollinginterest": 1797000000,
        "comprehensiveincomenetoftax": 6413000000
    },
    {
        "date": "2023-09-29",
        "symbol": "AIG",
        "period": "Q3",
        "premiumsearnednet": 7244000000,
        "insurancecommissionsandfees": 702000000,
        "netinvestmentincome": 3292000000,
        "realizedinvestmentgainslosses": 171000000,
        "otherincome": 191000000,
        "revenues": 12774000000,
        "policyholderbenefitsandclaimsincurrednet": 4982000000,
        "marketriskbenefitchangeinfairvaluegainloss": 418000000,
        "interestcreditedtopolicyholdersaccountbalances": 1135000000,
        "deferredpolicyacquisitioncostsandpresentvalueoffutureprofitsamortization1": 1190000000,
        "sellinggeneralandadministrativeexpense": 2117000000,
        "interestexpense": 280000000,
        "gainslossesonextinguishmentofdebt": -21000000,
        "disposalgroupnotdiscontinuedoperationgainlossondisposal": 101000000,
        "benefitslossesandexpenses": 9206000000,
        "incomelossfromcontinuingoperationsbeforeincometaxesextraordinaryitemsnoncontrollinginterest": 3568000000,
        "incometaxexpensebenefit": 821000000,
        "incomelossfromcontinuingoperationsincludingportionattributabletononcontrollinginterest": 2747000000,
        "profitloss": 2747000000,
        "incomelossfromcontinuingoperationsattributabletononcontrollingentity": 720000000,
        "netincomeloss": 2027000000,
        "preferredstockdividendsincomestatementimpact": 7000000,
        "netincomelossavailabletocommonstockholdersbasic": 2020000000,
        "incomelossfromcontinuingoperationsperbasicshare": 2.83,
        "earningspersharebasic": 2.83,
        "incomelossfromcontinuingoperationsperdilutedshare": 2.81,
        "earningspersharediluted": 2.81,
        "weightedaveragenumberofsharesoutstandingbasic": 712598496,
        "weightedaveragenumberofdilutedsharesoutstanding": 718727312,
        "liabilityforfuturepolicybenefitremeasurementgainloss": 35000000,
        "changeinunrealizedappreciationdepreciationoffixedmaturitysecuritiesonwhichallowanceforcreditlosseswastakenaftertax": -66000000,
        "othercomprehensiveincomeunrealizedholdinggainlossonallinvestmentsotherthaninvestmentsonwhichallowanceforcreditlosseswastakenaftertax": -5694000000,
        "ocimarketriskbenefitinstrumentspecificcreditriskgainlossafteradjustmentsandtax": -81000000,
        "othercomprehensiveincomechangeindiscountratesusedtomeasuretraditionalandlimitedpaymentlongdurationinsurancecontractsaftertax": 1147000000,
        "othercomprehensiveincomelossforeigncurrencytransactionandtranslationadjustmentnetoftax": -269000000,
        "othercomprehensiveincomelosspensionandotherpostretirementbenefitplansadjustmentnetoftax": -45000000,
        "othercomprehensiveincomelossnetoftax": -4918000000,
        "comprehensiveincomenetoftaxincludingportionattributabletononcontrollinginterest": -2171000000,
        "comprehensiveincomenetoftaxattributabletononcontrollinginterest": -712000000,
        "comprehensiveincomenetoftax": -1459000000
    },
    {
        "date": "2023-06-29",
        "symbol": "AIG",
        "period": "Q2",
        "premiumsearnednet": 9057000000,
        "insurancecommissionsandfees": 694000000,
        "netinvestmentincome": 3280000000,
        "realizedinvestmentgainslosses": -339000000,
        "otherincome": 193000000,
        "revenues": 13218000000,
        "policyholderbenefitsandclaimsincurrednet": 6858000000,
        "marketriskbenefitchangeinfairvaluegainloss": 262000000,
        "interestcreditedtopolicyholdersaccountbalances": 1062000000,
        "deferredpolicyacquisitioncostsandpresentvalueoffutureprofitsamortization1": 1190000000,
        "sellinggeneralandadministrativeexpense": 2268000000,
        "interestexpense": 278000000,
        "disposalgroupnotdiscontinuedoperationgainlossondisposal": 43000000,
        "benefitslossesandexpenses": 11351000000,
        "incomelossfromcontinuingoperationsbeforeincometaxesextraordinaryitemsnoncontrollinginterest": 1867000000,
        "incometaxexpensebenefit": 176000000,
        "incomelossfromcontinuingoperationsincludingportionattributabletononcontrollinginterest": 1691000000,
        "profitloss": 1691000000,
        "incomelossfromcontinuingoperationsattributabletononcontrollingentity": 198000000,
        "netincomeloss": 1493000000,
        "preferredstockdividendsincomestatementimpact": 8000000,
        "netincomelossavailabletocommonstockholdersbasic": 1485000000,
        "incomelossfromcontinuingoperationsperbasicshare": 2.05,
        "earningspersharebasic": 2.05,
        "incomelossfromcontinuingoperationsperdilutedshare": 2.03,
        "earningspersharediluted": 2.03,
        "weightedaveragenumberofsharesoutstandingbasic": 725754549,
        "weightedaveragenumberofdilutedsharesoutstanding": 730547112,
        "liabilityforfuturepolicybenefitremeasurementgainloss": 93000000,
        "changeinunrealizedappreciationdepreciationoffixedmaturitysecuritiesonwhichallowanceforcreditlosseswastakenaftertax": 84000000,
        "othercomprehensiveincomeunrealizedholdinggainlossonallinvestmentsotherthaninvestmentsonwhichallowanceforcreditlosseswastakenaftertax": -1998000000,
        "ocimarketriskbenefitinstrumentspecificcreditriskgainlossafteradjustmentsandtax": -190000000,
        "othercomprehensiveincomechangeindiscountratesusedtomeasuretraditionalandlimitedpaymentlongdurationinsurancecontractsaftertax": 373000000,
        "othercomprehensiveincomelossforeigncurrencytransactionandtranslationadjustmentnetoftax": -59000000,
        "othercomprehensiveincomelosspensionandotherpostretirementbenefitplansadjustmentnetoftax": -52000000,
        "othercomprehensiveincomelossnetoftax": -1738000000,
        "comprehensiveincomenetoftaxincludingportionattributabletononcontrollinginterest": -47000000,
        "comprehensiveincomenetoftaxattributabletononcontrollinginterest": -60000000,
        "comprehensiveincomenetoftax": 13000000
    },
    {
        "date": "2023-03-30",
        "symbol": "AIG",
        "period": "Q1",
        "premiumsearnednet": 8481000000,
        "insurancecommissionsandfees": 698000000,
        "netinvestmentincome": 446000000,
        "realizedinvestmentgainslosses": -9000000,
        "otherincome": 181000000,
        "revenues": 12444000000,
        "policyholderbenefitsandclaimsincurrednet": 6397000000,
        "marketriskbenefitchangeinfairvaluegainloss": -196000000,
        "interestcreditedtopolicyholdersaccountbalances": 1040000000,
        "deferredpolicyacquisitioncostsandpresentvalueoffutureprofitsamortization1": 1293000000,
        "sellinggeneralandadministrativeexpense": 1980000000,
        "interestexpense": 307000000,
        "disposalgroupnotdiscontinuedoperationgainlossondisposal": -2000000,
        "benefitslossesandexpenses": 11215000000,
        "incomelossfromcontinuingoperationsbeforeincometaxesextraordinaryitemsnoncontrollinginterest": -750000000,
        "incometaxexpensebenefit": -158000000,
        "incomelossfromcontinuingoperationsincludingportionattributabletononcontrollinginterest": -87000000,
        "profitloss": -592000000,
        "incomelossfromcontinuingoperationsattributabletononcontrollingentity": -117000000,
        "netincomeloss": -461000000,
        "preferredstockdividendsincomestatementimpact": 7000000,
        "netincomelossavailabletocommonstockholdersbasic": 23000000,
        "incomelossfromcontinuingoperationsperbasicshare": 0.03,
        "earningspersharebasic": 0.03,
        "incomelossfromcontinuingoperationsperdilutedshare": 0.03,
        "earningspersharediluted": 0.03,
        "weightedaveragenumberofsharesoutstandingbasic": 738661428,
        "weightedaveragenumberofdilutedsharesoutstanding": 744099186,
        "liabilityforfuturepolicybenefitremeasurementgainloss": 64000000,
        "changeinunrealizedappreciationdepreciationoffixedmaturitysecuritiesonwhichallowanceforcreditlosseswastakenaftertax": 6000000,
        "othercomprehensiveincomeunrealizedholdinggainlossonallinvestmentsotherthaninvestmentsonwhichallowanceforcreditlosseswastakenaftertax": 4252000000,
        "ocimarketriskbenefitinstrumentspecificcreditriskgainlossafteradjustmentsandtax": 75000000,
        "othercomprehensiveincomechangeindiscountratesusedtomeasuretraditionalandlimitedpaymentlongdurationinsurancecontractsaftertax": -420000000,
        "othercomprehensiveincomelossforeigncurrencytransactionandtranslationadjustmentnetoftax": -28000000,
        "othercomprehensiveincomelosspensionandotherpostretirementbenefitplansadjustmentnetoftax": -28000000,
        "othercomprehensiveincomelossnetoftax": -420000000,
        "comprehensiveincomenetoftaxincludingportionattributabletononcontrollinginterest": -36000000,
        "comprehensiveincomenetoftaxattributabletononcontrollinginterest": 509000000,
        "comprehensiveincomenetoftax": 3317000000
    },
    {
        "date": "2022-06-29",
        "symbol": "AIG",
        "period": "Q2",
        "premiumsearnednet": 7516000000,
        "insurancecommissionsandfees": 742000000,
        "netinvestmentincome": 2416000000,
        "realizedinvestmentgainslosses": 702000000,
        "otherincome": 187000000,
        "revenues": 14441000000,
        "policyholderbenefitsandclaimsincurrednet": 5123000000,
        "interestcreditedtopolicyholdersaccountbalances": 910000000,
        "deferredpolicyacquisitioncostsandpresentvalueoffutureprofitsamortization1": 1298000000,
        "sellinggeneralandadministrativeexpense": 2223000000,
        "interestexpense": 266000000,
        "gainslossesonextinguishmentofdebt": -299000000,
        "disposalgroupnotdiscontinuedoperationgainlossondisposal": -1000000,
        "benefitslossesandexpenses": 10120000000,
        "incomelossfromcontinuingoperationsbeforeincometaxesextraordinaryitemsnoncontrollinginterest": 4321000000,
        "incometaxexpensebenefit": 928000000,
        "incomelossfromcontinuingoperationsincludingportionattributabletononcontrollinginterest": 3393000000,
        "incomelossfromdiscontinuedoperationsnetoftax": -1000000,
        "profitloss": 3392000000,
        "incomelossfromcontinuingoperationsattributabletononcontrollingentity": 356000000,
        "netincomeloss": 3036000000,
        "preferredstockdividendsincomestatementimpact": 8000000,
        "netincomelossavailabletocommonstockholdersbasic": 3028000000,
        "incomelossfromcontinuingoperationsperbasicshare": 3.83,
        "earningspersharebasic": 3.83,
        "incomelossfromcontinuingoperationsperdilutedshare": 3.78,
        "earningspersharediluted": 3.78,
        "weightedaveragenumberofsharesoutstandingbasic": 790897301,
        "weightedaveragenumberofdilutedsharesoutstanding": 800730746,
        "changeinunrealizedappreciationdepreciationoffixedmaturitysecuritiesonwhichallowanceforcreditlosseswastakenaftertax": 40000000,
        "othercomprehensiveincomeunrealizedholdinggainlossonallinvestmentsotherthaninvestmentsonwhichallowanceforcreditlosseswastakenaftertax": -12538000000,
        "othercomprehensiveincomelossforeigncurrencytransactionandtranslationadjustmentnetoftax": -281000000,
        "othercomprehensiveincomelosspensionandotherpostretirementbenefitplansadjustmentnetoftax": -16000000,
        "othercomprehensiveincomelossfinancialliabilityfairvalueoptionaftertaxandreclassificationadjustment": -4000000,
        "othercomprehensiveincomelossnetoftax": -12767000000,
        "comprehensiveincomenetoftaxincludingportionattributabletononcontrollinginterest": -9375000000,
        "comprehensiveincomenetoftaxattributabletononcontrollinginterest": -655000000,
        "comprehensiveincomenetoftax": -8720000000
    },
    {
        "date": "2020-09-29",
        "symbol": "AIG",
        "period": "Q3",
        "premiumsearnednet": 6677000000,
        "insurancecommissionsandfees": 648000000,
        "netinvestmentincome": 3342000000,
        "gainlossoninvestments": -498000000,
        "otherincome": 218000000,
        "revenues": 10221000000,
        "policyholderbenefitsandclaimsincurrednet": 5872000000,
        "interestcreditedtopolicyholdersaccountbalances": 882000000,
        "deferredpolicyacquisitioncostamortizationexpense": 707000000,
        "sellinggeneralandadministrativeexpense": 1991000000,
        "interestexpense": 379000000,
        "gainslossesonextinguishmentofdebt": 2000000,
        "disposalgroupnotdiscontinuedoperationgainlossondisposal": -24000000,
        "benefitslossesandexpenses": 9853000000,
        "incomelossfromcontinuingoperationsbeforeincometaxesextraordinaryitemsnoncontrollinginterest": 368000000,
        "incometaxexpensebenefit": 74000000,
        "incomelossfromcontinuingoperationsincludingportionattributabletononcontrollinginterest": 294000000,
        "incomelossfromdiscontinuedoperationsnetoftax": 5000000,
        "profitloss": 299000000,
        "incomelossfromcontinuingoperationsattributabletononcontrollingentity": 11000000,
        "netincomeloss": 288000000,
        "preferredstockdividendsincomestatementimpact": 7000000,
        "netincomelossavailabletocommonstockholdersbasic": 281000000,
        "incomelossfromcontinuingoperationsperbasicshare": 0.31,
        "incomelossfromdiscontinuedoperationsnetoftaxperbasicshare": 0.01,
        "earningspersharebasic": 0.32,
        "incomelossfromcontinuingoperationsperdilutedshare": 0.31,
        "incomelossfromdiscontinuedoperationsnetoftaxperdilutedshare": 0.01,
        "earningspersharediluted": 0.32,
        "weightedaveragenumberofsharesoutstandingbasic": 867713308,
        "weightedaveragenumberofdilutedsharesoutstanding": 873130950,
        "othercomprehensiveincomeunrealizedholdinggainlossonfixedmaturityinvestmentsonwhichallowanceforcreditlossesweretakenaftertaxes": 79000000,
        "othercomprehensiveincomeunrealizedholdinggainlossonallinvestmentsotherthaninvestmentsonwhichotherthantemporaryimpairmentsweretakenaftertaxes": 1385000000,
        "othercomprehensiveincomelossforeigncurrencytransactionandtranslationadjustmentnetoftax": 352000000,
        "othercomprehensiveincomelosspensionandotherpostretirementbenefitplansadjustmentnetoftax": 1000000,
        "othercomprehensiveincomelossfinancialliabilityfairvalueoptionaftertaxandreclassificationadjustment": 1000000,
        "othercomprehensiveincomelossnetoftax": 1816000000,
        "comprehensiveincomenetoftaxincludingportionattributabletononcontrollinginterest": 2115000000,
        "comprehensiveincomenetoftaxattributabletononcontrollinginterest": 18000000,
        "comprehensiveincomenetoftax": 2097000000
    },
    {
        "date": "2020-06-29",
        "symbol": "AIG",
        "period": "Q2",
        "premiumsearnednet": 7407000000,
        "insurancecommissionsandfees": 749000000,
        "netinvestmentincome": -2392000000,
        "gainlossoninvestments": -1591000000,
        "otherincome": 206000000,
        "revenues": 12719000000,
        "policyholderbenefitsandclaimsincurrednet": 6521000000,
        "interestcreditedtopolicyholdersaccountbalances": 918000000,
        "deferredpolicyacquisitioncostamortizationexpense": 754000000,
        "sellinggeneralandadministrativeexpense": 2087000000,
        "interestexpense": 365000000,
        "gainslossesonextinguishmentofdebt": 0,
        "disposalgroupnotdiscontinuedoperationgainlossondisposal": -8412000000,
        "benefitslossesandexpenses": 19057000000,
        "incomelossfromcontinuingoperationsbeforeincometaxesextraordinaryitemsnoncontrollinginterest": -7307000000,
        "incometaxexpensebenefit": -1896000000,
        "incomelossfromcontinuingoperationsincludingportionattributabletononcontrollinginterest": -7765000000,
        "profitloss": -6017000000,
        "incomelossfromcontinuingoperationsattributabletononcontrollingentity": 162000000,
        "netincomeloss": -7928000000,
        "preferredstockdividendsincomestatementimpact": 8000000,
        "netincomelossavailabletocommonstockholdersbasic": -7936000000,
        "incomelossfromcontinuingoperationsperbasicshare": -9.1,
        "earningspersharebasic": -9.1,
        "incomelossfromcontinuingoperationsperdilutedshare": -9.09,
        "earningspersharediluted": -9.09,
        "weightedaveragenumberofsharesoutstandingbasic": 870590968,
        "weightedaveragenumberofdilutedsharesoutstanding": 870590968,
        "othercomprehensiveincomeunrealizedholdinggainlossonfixedmaturityinvestmentsonwhichallowanceforcreditlossesweretakenaftertaxes": 126000000,
        "othercomprehensiveincomeunrealizedholdinggainlossonallinvestmentsotherthaninvestmentsonwhichotherthantemporaryimpairmentsweretakenaftertaxes": 10082000000,
        "othercomprehensiveincomelossforeigncurrencytransactionandtranslationadjustmentnetoftax": -61000000,
        "othercomprehensiveincomelosspensionandotherpostretirementbenefitplansadjustmentnetoftax": -9000000,
        "othercomprehensiveincomelossfinancialliabilityfairvalueoptionaftertaxandreclassificationadjustment": -2000000,
        "othercomprehensiveincomelossnetoftax": 4161000000,
        "comprehensiveincomenetoftaxincludingportionattributabletononcontrollinginterest": 2388000000,
        "comprehensiveincomenetoftaxattributabletononcontrollinginterest": 153000000,
        "comprehensiveincomenetoftax": 2235000000
    },
    {
        "date": "2020-03-30",
        "symbol": "AIG",
        "period": "Q1",
        "incomelossfromcontinuingoperationsperbasicshare": 1.99,
        "earningspersharebasic": 1.99,
        "incomelossfromcontinuingoperationsperdilutedshare": 1.98,
        "earningspersharediluted": 1.98,
        "premiumsearnednet": 7443000000,
        "insurancecommissionsandfees": 755000000,
        "netinvestmentincome": 2508000000,
        "gainlossoninvestments": 3519000000,
        "otherincome": 218000000,
        "revenues": 11120000000,
        "policyholderbenefitsandclaimsincurrednet": 6325000000,
        "interestcreditedtopolicyholdersaccountbalances": 957000000,
        "deferredpolicyacquisitioncostamortizationexpense": 1862000000,
        "sellinggeneralandadministrativeexpense": 2153000000,
        "interestexpense": 355000000,
        "gainslossesonextinguishmentofdebt": -17000000,
        "disposalgroupnotdiscontinuedoperationgainlossondisposal": -216000000,
        "benefitslossesandexpenses": 11885000000,
        "incomelossfromcontinuingoperationsbeforeincometaxesextraordinaryitemsnoncontrollinginterest": 204000000,
        "incometaxexpensebenefit": 904000000,
        "incomelossfromcontinuingoperationsincludingportionattributabletononcontrollinginterest": 1654000000,
        "profitloss": -95000000,
        "incomelossfromcontinuingoperationsattributabletononcontrollingentity": -95000000,
        "netincomeloss": 1749000000,
        "preferredstockdividendsincomestatementimpact": 7000000,
        "netincomelossavailabletocommonstockholdersbasic": 1742000000,
        "weightedaveragenumberofsharesoutstandingbasic": "null",
        "weightedaveragenumberofdilutedsharesoutstanding": "null",
        "othercomprehensiveincomeunrealizedholdinggainlossonfixedmaturityinvestmentsonwhichallowanceforcreditlossesweretakenaftertaxes": -359000000,
        "othercomprehensiveincomeunrealizedholdinggainlossonallinvestmentsotherthaninvestmentsonwhichotherthantemporaryimpairmentsweretakenaftertaxes": -5542000000,
        "othercomprehensiveincomelossforeigncurrencytransactionandtranslationadjustmentnetoftax": -85000000,
        "othercomprehensiveincomelosspensionandotherpostretirementbenefitplansadjustmentnetoftax": 7000000,
        "othercomprehensiveincomelossfinancialliabilityfairvalueoptionaftertaxandreclassificationadjustment": 3000000,
        "othercomprehensiveincomelossnetoftax": 3000000,
        "comprehensiveincomenetoftaxincludingportionattributabletononcontrollinginterest": -4336000000,
        "comprehensiveincomenetoftaxattributabletononcontrollinginterest": -109000000,
        "comprehensiveincomenetoftax": -4227000000
    },
    {
        "date": "2019-09-29",
        "symbol": "AIG",
        "period": "Q3",
        "incomelossfromcontinuingoperationsperbasicshare": 0.74,
        "earningspersharebasic": 0.74,
        "incomelossfromcontinuingoperationsperdilutedshare": 0.72,
        "earningspersharediluted": 0.72,
        "premiumsearnednet": 7617000000,
        "insurancecommissionsandfees": 733000000,
        "netinvestmentincome": 3408000000,
        "otherthantemporaryimpairmentlossesinvestmentsavailableforsalesecurities": 15000000,
        "otherthantemporaryimpairmentlossesinvestmentsportioninothercomprehensiveincomelossbeforetaxincludingportionattributabletononcontrollinginterestavailableforsalesecurities": 9000000,
        "otherthantemporaryimpairmentlossesinvestmentsportionrecognizedinearningsnetavailableforsalesecurities": 24000000,
        "gainlossoninvestmentsexcludingotherthantemporaryimpairments": 953000000,
        "gainlossoninvestments": 929000000,
        "otherincome": 227000000,
        "revenues": 12914000000,
        "policyholderbenefitsandclaimsincurrednet": 6892000000,
        "interestcreditedtopolicyholdersaccountbalances": 966000000,
        "deferredpolicyacquisitioncostamortizationexpense": 1252000000,
        "sellinggeneralandadministrativeexpense": 2187000000,
        "interestexpense": 348000000,
        "gainslossesonextinguishmentofdebt": 9000000,
        "disposalgroupnotdiscontinuedoperationgainlossondisposal": -9000000,
        "benefitslossesandexpenses": 11654000000,
        "incomelossfromcontinuingoperationsbeforeincometaxesextraordinaryitemsnoncontrollinginterest": 1260000000,
        "incometaxexpensebenefit": 287000000,
        "incomelossfromcontinuingoperationsincludingportionattributabletononcontrollinginterest": 973000000,
        "incomelossfromdiscontinuedoperationsnetoftax": -1000000,
        "profitloss": 973000000,
        "incomelossfromcontinuingoperationsattributabletononcontrollingentity": 317000000,
        "netincomeloss": 656000000,
        "preferredstockdividendsincomestatementimpact": 8000000,
        "netincomelossavailabletocommonstockholdersbasic": 648000000,
        "weightedaveragenumberofsharesoutstandingbasic": 877009495,
        "weightedaveragenumberofdilutedsharesoutstanding": 895814410,
        "othercomprehensiveincomeunrealizedholdinggainlossonfixedmaturityinvestmentsonwhichotherthantemporaryimpairmentsweretakenaftertaxes": -2000000,
        "othercomprehensiveincomeunrealizedholdinggainlossonallinvestmentsotherthaninvestmentsonwhichotherthantemporaryimpairmentsweretakenaftertaxes": 656000000,
        "othercomprehensiveincomelossforeigncurrencytransactionandtranslationadjustmentnetoftax": -34000000,
        "othercomprehensiveincomelosspensionandotherpostretirementbenefitplansadjustmentnetoftax": -7000000,
        "othercomprehensiveincomelossfinancialliabilityfairvalueoptionaftertaxandreclassificationadjustment": 1000000,
        "othercomprehensiveincomelossnetoftax": 628000000,
        "comprehensiveincomenetoftaxincludingportionattributabletononcontrollinginterest": 1601000000,
        "comprehensiveincomenetoftaxattributabletononcontrollinginterest": 321000000,
        "comprehensiveincomenetoftax": 1280000000
    },
    {
        "date": "2019-06-29",
        "symbol": "AIG",
        "period": "Q2",
        "incomelossfromcontinuingoperationsperbasicshare": 1.26,
        "earningspersharebasic": 1.26,
        "incomelossfromcontinuingoperationsperdilutedshare": 1.24,
        "earningspersharediluted": 1.24,
        "premiumsearnednet": 7430000000,
        "insurancecommissionsandfees": 769000000,
        "netinvestmentincome": 3745000000,
        "otherthantemporaryimpairmentlossesinvestmentsavailableforsalesecurities": 24000000,
        "otherthantemporaryimpairmentlossesinvestmentsportioninothercomprehensiveincomelossbeforetaxincludingportionattributabletononcontrollinginterestavailableforsalesecurities": 6000000,
        "otherthantemporaryimpairmentlossesinvestmentsportionrecognizedinearningsnetavailableforsalesecurities": 30000000,
        "gainlossoninvestmentsexcludingotherthantemporaryimpairments": 434000000,
        "gainlossoninvestments": 404000000,
        "otherincome": 213000000,
        "revenues": 12561000000,
        "policyholderbenefitsandclaimsincurrednet": 5802000000,
        "interestcreditedtopolicyholdersaccountbalances": 967000000,
        "deferredpolicyacquisitioncostamortizationexpense": 1439000000,
        "sellinggeneralandadministrativeexpense": 2140000000,
        "interestexpense": 360000000,
        "gainslossesonextinguishmentofdebt": -15000000,
        "disposalgroupnotdiscontinuedoperationgainlossondisposal": -1000000,
        "benefitslossesandexpenses": 10724000000,
        "incomelossfromcontinuingoperationsbeforeincometaxesextraordinaryitemsnoncontrollinginterest": 1837000000,
        "incometaxexpensebenefit": 446000000,
        "incomelossfromcontinuingoperationsincludingportionattributabletononcontrollinginterest": 1391000000,
        "incomelossfromdiscontinuedoperationsnetoftax": -1000000,
        "profitloss": 1390000000,
        "incomelossfromcontinuingoperationsattributabletononcontrollingentity": 281000000,
        "netincomeloss": 1109000000,
        "preferredstockdividendsincomestatementimpact": 7000000,
        "netincomelossavailabletocommonstockholdersbasic": 1102000000,
        "weightedaveragenumberofsharesoutstandingbasic": 876382884,
        "weightedaveragenumberofdilutedsharesoutstanding": 888325042,
        "othercomprehensiveincomeunrealizedholdinggainlossonfixedmaturityinvestmentsonwhichotherthantemporaryimpairmentsweretakenaftertaxes": 82000000,
        "othercomprehensiveincomeunrealizedholdinggainlossonallinvestmentsotherthaninvestmentsonwhichotherthantemporaryimpairmentsweretakenaftertaxes": 2914000000,
        "othercomprehensiveincomelossforeigncurrencytransactionandtranslationadjustmentnetoftax": -129000000,
        "othercomprehensiveincomelosspensionandotherpostretirementbenefitplansadjustmentnetoftax": -8000000,
        "othercomprehensiveincomelossfinancialliabilityfairvalueoptionaftertaxandreclassificationadjustment": -2000000,
        "othercomprehensiveincomelossnetoftax": 2873000000,
        "comprehensiveincomenetoftaxincludingportionattributabletononcontrollinginterest": 4263000000,
        "comprehensiveincomenetoftaxattributabletononcontrollinginterest": 291000000,
        "comprehensiveincomenetoftax": 3972000000
    },
    {
        "date": "2019-03-30",
        "symbol": "AIG",
        "period": "Q1",
        "incomelossfromcontinuingoperationsperbasicshare": 0.75,
        "earningspersharebasic": 0.75,
        "incomelossfromcontinuingoperationsperdilutedshare": 0.75,
        "earningspersharediluted": 0.75,
        "premiumsearnednet": 8070000000,
        "insurancecommissionsandfees": 735000000,
        "netinvestmentincome": 3879000000,
        "otherthantemporaryimpairmentlossesinvestmentsavailableforsalesecurities": 80000000,
        "otherthantemporaryimpairmentlossesinvestmentsportioninothercomprehensiveincomelossbeforetaxincludingportionattributabletononcontrollinginterestavailableforsalesecurities": 3000000,
        "otherthantemporaryimpairmentlossesinvestmentsportionrecognizedinearningsnetavailableforsalesecurities": 83000000,
        "gainlossoninvestmentsexcludingotherthantemporaryimpairments": -31000000,
        "gainlossoninvestments": -446000000,
        "otherincome": 218000000,
        "revenues": 12754000000,
        "policyholderbenefitsandclaimsincurrednet": 6679000000,
        "interestcreditedtopolicyholdersaccountbalances": 940000000,
        "deferredpolicyacquisitioncostamortizationexpense": 1289000000,
        "sellinggeneralandadministrativeexpense": 2053000000,
        "interestexpense": 94000000,
        "gainslossesonextinguishmentofdebt": 6000000,
        "disposalgroupnotdiscontinuedoperationgainlossondisposal": 6000000,
        "benefitslossesandexpenses": 10892000000,
        "incomelossfromcontinuingoperationsbeforeincometaxesextraordinaryitemsnoncontrollinginterest": 1847000000,
        "incometaxexpensebenefit": 312000000,
        "incomelossfromcontinuingoperationsincludingportionattributabletononcontrollinginterest": 1004000000,
        "incomelossfromdiscontinuedoperationsnetoftax": 1000000,
        "profitloss": 283000000,
        "incomelossfromcontinuingoperationsattributabletononcontrollingentity": 283000000,
        "netincomeloss": 722000000,
        "weightedaveragenumberofsharesoutstandingbasic": 875383084,
        "weightedaveragenumberofdilutedsharesoutstanding": 877512244,
        "othercomprehensiveincomeunrealizedholdinggainlossonfixedmaturityinvestmentsonwhichotherthantemporaryimpairmentsweretakenaftertaxes": 676000000,
        "othercomprehensiveincomeunrealizedholdinggainlossonallinvestmentsotherthaninvestmentsonwhichotherthantemporaryimpairmentsweretakenaftertaxes": 2708000000,
        "othercomprehensiveincomelossforeigncurrencytransactionandtranslationadjustmentnetoftax": 164000000,
        "othercomprehensiveincomelosspensionandotherpostretirementbenefitplansadjustmentnetoftax": 1000000,
        "othercomprehensiveincomelossnetoftax": 6000000,
        "comprehensiveincomenetoftaxincludingportionattributabletononcontrollinginterest": 10180000000,
        "comprehensiveincomenetoftaxattributabletononcontrollinginterest": 289000000,
        "comprehensiveincomenetoftax": 9891000000
    },
    {
        "date": "2018-09-29",
        "symbol": "AIG",
        "period": "Q3",
        "incomelossfromcontinuingoperationsperbasicshare": -1.35,
        "earningspersharebasic": -1.3900000000000001,
        "incomelossfromcontinuingoperationsperdilutedshare": -1.32,
        "earningspersharediluted": -1.3599999999999999,
        "premiumsearnednet": 7668000000,
        "insurancecommissionsandfees": 530000000,
        "netinvestmentincome": 3396000000,
        "otherthantemporaryimpairmentlossesinvestmentsavailableforsalesecurities": 13000000,
        "otherthantemporaryimpairmentlossesinvestmentsportioninothercomprehensiveincomelossbeforetaxincludingportionattributabletononcontrollinginterestavailableforsalesecurities": 22000000,
        "otherthantemporaryimpairmentlossesinvestmentsportionrecognizedinearningsnetavailableforsalesecurities": 35000000,
        "gainlossoninvestmentsexcludingotherthantemporaryimpairments": -51000000,
        "gainlossoninvestments": -511000000,
        "otherincome": 403000000,
        "revenues": -2981000000,
        "policyholderbenefitsandclaimsincurrednet": 8312000000,
        "interestcreditedtopolicyholdersaccountbalances": 933000000,
        "deferredpolicyacquisitioncostamortizationexpense": 3843000000,
        "sellinggeneralandadministrativeexpense": 2325000000,
        "interestexpense": -301000000,
        "gainslossesonextinguishmentofdebt": -1000000,
        "disposalgroupnotdiscontinuedoperationgainlossondisposal": 2000000,
        "benefitslossesandexpenses": 57000000,
        "incomelossfromcontinuingoperationsbeforeincometaxesextraordinaryitemsnoncontrollinginterest": -1042000000,
        "incometaxexpensebenefit": 385000000,
        "incomelossfromcontinuingoperationsincludingportionattributabletononcontrollinginterest": 735000000,
        "incomelossfromdiscontinuedoperationsnetoftax": -40000000,
        "profitloss": -1980000000,
        "incomelossfromcontinuingoperationsattributabletononcontrollingentity": 0,
        "netincomeloss": -1159000000,
        "weightedaveragenumberofsharesoutstandingbasic": -909085530,
        "weightedaveragenumberofdilutedsharesoutstanding": -925020789,
        "commonstockdividendspersharedeclared": 0.3199999999999999,
        "othercomprehensiveincomeunrealizedholdinggainlossonfixedmaturityinvestmentsonwhichotherthantemporaryimpairmentsweretakenaftertaxes": 107000000,
        "othercomprehensiveincomeunrealizedholdinggainlossonallinvestmentsotherthaninvestmentsonwhichotherthantemporaryimpairmentsweretakenaftertaxes": -758000000,
        "othercomprehensiveincomelossforeigncurrencytransactionandtranslationadjustmentnetoftax": -129000000,
        "othercomprehensiveincomelosspensionandotherpostretirementbenefitplansadjustmentnetoftax": -14000000,
        "othercomprehensiveincomelossfinancialliabilityfairvalueoptionaftertaxandreclassificationadjustment": 0,
        "othercomprehensiveincomelossnetoftax": -5426000000,
        "comprehensiveincomenetoftaxincludingportionattributabletononcontrollinginterest": 2701000000,
        "comprehensiveincomenetoftaxattributabletononcontrollinginterest": 0,
        "comprehensiveincomenetoftax": 2702000000
    },
    {
        "date": "2018-06-29",
        "symbol": "AIG",
        "period": "Q2",
        "incomelossfromcontinuingoperationsperbasicshare": 1.04,
        "earningspersharebasic": 1.04,
        "incomelossfromcontinuingoperationsperdilutedshare": 1.02,
        "earningspersharediluted": 1.02,
        "premiumsearnednet": 7207000000,
        "insurancecommissionsandfees": 763000000,
        "netinvestmentincome": 3065000000,
        "otherthantemporaryimpairmentlossesinvestmentsavailableforsalesecurities": 28000000,
        "otherthantemporaryimpairmentlossesinvestmentsportioninothercomprehensiveincomelossbeforetaxincludingportionattributabletononcontrollinginterestavailableforsalesecurities": 8000000,
        "otherthantemporaryimpairmentlossesinvestmentsportionrecognizedinearningsnetavailableforsalesecurities": 36000000,
        "gainlossoninvestmentsexcludingotherthantemporaryimpairments": 2000000,
        "gainlossoninvestments": 165000000,
        "otherincome": 431000000,
        "revenues": 277000000,
        "policyholderbenefitsandclaimsincurrednet": 5505000000,
        "interestcreditedtopolicyholdersaccountbalances": 935000000,
        "deferredpolicyacquisitioncostamortizationexpense": 1000000,
        "sellinggeneralandadministrativeexpense": 2323000000,
        "interestexpense": 299000000,
        "gainslossesonextinguishmentofdebt": -5000000,
        "disposalgroupnotdiscontinuedoperationgainlossondisposal": 25000000,
        "benefitslossesandexpenses": 13000000,
        "incomelossfromcontinuingoperationsbeforeincometaxesextraordinaryitemsnoncontrollinginterest": 148000000,
        "incometaxexpensebenefit": -1000000,
        "incomelossfromcontinuingoperationsincludingportionattributabletononcontrollinginterest": 938000000,
        "incomelossfromdiscontinuedoperationsnetoftax": 1000000,
        "profitloss": 937000000,
        "incomelossfromcontinuingoperationsattributabletononcontrollingentity": -6000000,
        "netincomeloss": 116000000,
        "weightedaveragenumberofsharesoutstandingbasic": 903215488,
        "weightedaveragenumberofdilutedsharesoutstanding": 916572481,
        "commonstockdividendspersharedeclared": 0.32,
        "othercomprehensiveincomeunrealizedholdinggainlossonfixedmaturityinvestmentsonwhichotherthantemporaryimpairmentsweretakenaftertaxes": -1046000000,
        "othercomprehensiveincomeunrealizedholdinggainlossonallinvestmentsotherthaninvestmentsonwhichotherthantemporaryimpairmentsweretakenaftertaxes": -756000000,
        "othercomprehensiveincomelossforeigncurrencytransactionandtranslationadjustmentnetoftax": -210000000,
        "othercomprehensiveincomelosspensionandotherpostretirementbenefitplansadjustmentnetoftax": -23000000,
        "othercomprehensiveincomelossfinancialliabilityfairvalueoptionaftertaxandreclassificationadjustment": -1000000,
        "othercomprehensiveincomelossnetoftax": -1000000,
        "comprehensiveincomenetoftaxincludingportionattributabletononcontrollinginterest": -1063000000,
        "comprehensiveincomenetoftaxattributabletononcontrollinginterest": -6000000,
        "comprehensiveincomenetoftax": -1053000000
    },
    {
        "date": "2018-03-30",
        "symbol": "AIG",
        "period": "Q1",
        "incomelossfromcontinuingoperationsperbasicshare": 1.03,
        "earningspersharebasic": 1.03,
        "incomelossfromcontinuingoperationsperdilutedshare": 1.01,
        "earningspersharediluted": 1.01,
        "premiumsearnednet": 7275000000,
        "insurancecommissionsandfees": 764000000,
        "netinvestmentincome": 3261000000,
        "otherthantemporaryimpairmentlossesinvestmentsavailableforsalesecurities": 75000000,
        "otherthantemporaryimpairmentlossesinvestmentsportioninothercomprehensiveincomelossbeforetaxincludingportionattributabletononcontrollinginterestavailableforsalesecurities": 12000000,
        "otherthantemporaryimpairmentlossesinvestmentsportionrecognizedinearningsnetavailableforsalesecurities": 87000000,
        "gainlossoninvestmentsexcludingotherthantemporaryimpairments": 68000000,
        "gainlossoninvestments": -19000000,
        "otherincome": 431000000,
        "revenues": 3460000000,
        "policyholderbenefitsandclaimsincurrednet": 5667000000,
        "interestcreditedtopolicyholdersaccountbalances": 916000000,
        "deferredpolicyacquisitioncostamortizationexpense": -31000000,
        "sellinggeneralandadministrativeexpense": 2271000000,
        "interestexpense": 12000000,
        "gainslossesonextinguishmentofdebt": -4000000,
        "disposalgroupnotdiscontinuedoperationgainlossondisposal": 8000000,
        "benefitslossesandexpenses": -58000000,
        "incomelossfromcontinuingoperationsbeforeincometaxesextraordinaryitemsnoncontrollinginterest": 892000000,
        "incometaxexpensebenefit": 277000000,
        "incomelossfromcontinuingoperationsincludingportionattributabletononcontrollinginterest": -1755000000,
        "incomelossfromdiscontinuedoperationsnetoftax": -1000000,
        "profitloss": 938000000,
        "incomelossfromcontinuingoperationsattributabletononcontrollingentity": 11000000,
        "netincomeloss": 938000000,
        "weightedaveragenumberofsharesoutstandingbasic": 907951597,
        "weightedaveragenumberofdilutedsharesoutstanding": 925266577,
        "commonstockdividendspersharedeclared": 0.32,
        "othercomprehensiveincomeunrealizedholdinggainlossonfixedmaturityinvestmentsonwhichotherthantemporaryimpairmentsweretakenaftertaxes": -150000000,
        "othercomprehensiveincomeunrealizedholdinggainlossonallinvestmentsotherthaninvestmentsonwhichotherthantemporaryimpairmentsweretakenaftertaxes": -2708000000,
        "othercomprehensiveincomelossforeigncurrencytransactionandtranslationadjustmentnetoftax": 158000000,
        "othercomprehensiveincomelosspensionandotherpostretirementbenefitplansadjustmentnetoftax": -29000000,
        "othercomprehensiveincomelossfinancialliabilityfairvalueoptionaftertaxandreclassificationadjustment": 2000000,
        "othercomprehensiveincomelossnetoftax": 2000000,
        "comprehensiveincomenetoftaxincludingportionattributabletononcontrollinginterest": -1720000000,
        "comprehensiveincomenetoftaxattributabletononcontrollinginterest": 11000000,
        "comprehensiveincomenetoftax": -1731000000
    },
    {
        "date": "2017-09-29",
        "symbol": "AIG",
        "period": "Q3",
        "premiumsearnednet": 8063000000,
        "insurancecommissionsandfees": 728000000,
        "netinvestmentincome": 3416000000,
        "otherthantemporaryimpairmentlossesinvestmentsavailableforsalesecurities": 66000000,
        "otherthantemporaryimpairmentlossesinvestmentsportioninothercomprehensiveincomelossbeforetaxincludingportionattributabletononcontrollinginterestavailableforsalesecurities": 8000000,
        "otherthantemporaryimpairmentlossesinvestmentsportionrecognizedinearningsnetavailableforsalesecurities": 74000000,
        "gainlossoninvestmentsexcludingotherthantemporaryimpairments": 283000000,
        "gainlossoninvestments": -922000000,
        "otherincome": 466000000,
        "revenues": -5888000000,
        "policyholderbenefitsandclaimsincurrednet": 10322000000,
        "interestcreditedtopolicyholdersaccountbalances": 867000000,
        "deferredpolicyacquisitioncostamortizationexpense": 1967000000,
        "sellinggeneralandadministrativeexpense": 2149000000,
        "interestexpense": 429000000,
        "gainslossesonextinguishmentofdebt": -7000000,
        "disposalgroupnotdiscontinuedoperationgainlossondisposal": -13000000,
        "benefitslossesandexpenses": -1146000000,
        "incomelossfromcontinuingoperationsbeforeincometaxesextraordinaryitemsnoncontrollinginterest": -1522000000,
        "incometaxexpensebenefit": -1097000000,
        "incomelossfromcontinuingoperationsincludingportionattributabletononcontrollinginterest": 825000000,
        "profitloss": -1415000000,
        "incomelossfromcontinuingoperationsattributabletononcontrollingentity": 26000000,
        "netincomeloss": 34000000,
        "incomelossfromcontinuingoperationsperbasicshare": -1.8199999999999998,
        "earningspersharebasic": -1.8199999999999998,
        "incomelossfromcontinuingoperationsperdilutedshare": -1.77,
        "earningspersharediluted": -1.77,
        "weightedaveragenumberofsharesoutstandingbasic": -968397495,
        "weightedaveragenumberofdilutedsharesoutstanding": -992267855,
        "commonstockdividendspersharedeclared": 0.3199999999999999,
        "othercomprehensiveincomeunrealizedholdinggainlossonfixedmaturityinvestmentsonwhichotherthantemporaryimpairmentsweretakenaftertaxes": 97000000,
        "othercomprehensiveincomeunrealizedholdinggainlossonallinvestmentsotherthaninvestmentsonwhichotherthantemporaryimpairmentsweretakenaftertaxes": 492000000,
        "othercomprehensiveincomelossforeigncurrencytransactionandtranslationadjustmentnetoftax": 325000000,
        "othercomprehensiveincomelosspensionandotherpostretirementbenefitplansadjustmentnetoftax": -99000000,
        "othercomprehensiveincomelossnetoftax": -441000000,
        "comprehensiveincomenetoftaxincludingportionattributabletononcontrollinginterest": 58617000000,
        "comprehensiveincomenetoftaxattributabletononcontrollinginterest": 26000000,
        "comprehensiveincomenetoftax": 62711000000
    },
    {
        "date": "2017-06-29",
        "symbol": "AIG",
        "period": "Q2",
        "premiumsearnednet": 7614000000,
        "insurancecommissionsandfees": 725000000,
        "netinvestmentincome": 3613000000,
        "otherthantemporaryimpairmentlossesinvestmentsavailableforsalesecurities": 33000000,
        "otherthantemporaryimpairmentlossesinvestmentsportioninothercomprehensiveincomelossbeforetaxincludingportionattributabletononcontrollinginterestavailableforsalesecurities": 28000000,
        "otherthantemporaryimpairmentlossesinvestmentsportionrecognizedinearningsnetavailableforsalesecurities": 61000000,
        "gainlossoninvestmentsexcludingotherthantemporaryimpairments": -8000000,
        "gainlossoninvestments": -69000000,
        "otherincome": 619000000,
        "revenues": 1030000000,
        "policyholderbenefitsandclaimsincurrednet": 6284000000,
        "interestcreditedtopolicyholdersaccountbalances": 906000000,
        "deferredpolicyacquisitioncostamortizationexpense": 1115000000,
        "sellinggeneralandadministrativeexpense": 2182000000,
        "interestexpense": 292000000,
        "gainslossesonextinguishmentofdebt": 4000000,
        "disposalgroupnotdiscontinuedoperationgainlossondisposal": -60000000,
        "benefitslossesandexpenses": 422000000,
        "incomelossfromcontinuingoperationsbeforeincometaxesextraordinaryitemsnoncontrollinginterest": 266000000,
        "incometaxexpensebenefit": 557000000,
        "incomelossfromcontinuingoperationsincludingportionattributabletononcontrollinginterest": 1110000000,
        "incomelossfromdiscontinuedoperationsnetoftax": 8000000,
        "profitloss": 806000000,
        "incomelossfromcontinuingoperationsattributabletononcontrollingentity": -12000000,
        "netincomeloss": 1130000000,
        "incomelossfromcontinuingoperationsperbasicshare": 1.21,
        "incomelossfromdiscontinuedoperationsnetoftaxperbasicshare": 0.01,
        "earningspersharebasic": 1.22,
        "incomelossfromcontinuingoperationsperdilutedshare": 1.18,
        "incomelossfromdiscontinuedoperationsnetoftaxperdilutedshare": 0.01,
        "earningspersharediluted": 1.19,
        "weightedaveragenumberofsharesoutstandingbasic": 925751084,
        "weightedaveragenumberofdilutedsharesoutstanding": 948248771,
        "commonstockdividendspersharedeclared": 0.32,
        "othercomprehensiveincomeunrealizedholdinggainlossonfixedmaturityinvestmentsonwhichotherthantemporaryimpairmentsweretakenaftertaxes": 119000000,
        "othercomprehensiveincomeunrealizedholdinggainlossonallinvestmentsotherthaninvestmentsonwhichotherthantemporaryimpairmentsweretakenaftertaxes": 653000000,
        "othercomprehensiveincomelossforeigncurrencytransactionandtranslationadjustmentnetoftax": 398000000,
        "othercomprehensiveincomelosspensionandotherpostretirementbenefitplansadjustmentnetoftax": -11000000,
        "othercomprehensiveincomelossnetoftax": 419000000,
        "comprehensiveincomenetoftaxincludingportionattributabletononcontrollinginterest": 2311000000,
        "comprehensiveincomenetoftaxattributabletononcontrollinginterest": -12000000,
        "comprehensiveincomenetoftax": -1783000000
    },
    {
        "date": "2017-03-30",
        "symbol": "AIG",
        "period": "Q1",
        "premiumsearnednet": 7782000000,
        "insurancecommissionsandfees": 724000000,
        "netinvestmentincome": 3686000000,
        "otherthantemporaryimpairmentlossesinvestmentsavailableforsalesecurities": 39000000,
        "otherthantemporaryimpairmentlossesinvestmentsportioninothercomprehensiveincomelossbeforetaxincludingportionattributabletononcontrollinginterestavailableforsalesecurities": 21000000,
        "otherthantemporaryimpairmentlossesinvestmentsportionrecognizedinearningsnetavailableforsalesecurities": 60000000,
        "gainlossoninvestmentsexcludingotherthantemporaryimpairments": 140000000,
        "gainlossoninvestments": -115000000,
        "otherincome": 555000000,
        "revenues": 1658000000,
        "policyholderbenefitsandclaimsincurrednet": 6047000000,
        "interestcreditedtopolicyholdersaccountbalances": 910000000,
        "deferredpolicyacquisitioncostamortizationexpense": 53000000,
        "sellinggeneralandadministrativeexpense": 2443000000,
        "interestexpense": -2000000,
        "gainslossesonextinguishmentofdebt": 1000000,
        "disposalgroupnotdiscontinuedoperationgainlossondisposal": -100000000,
        "benefitslossesandexpenses": 577000000,
        "incomelossfromcontinuingoperationsbeforeincometaxesextraordinaryitemsnoncontrollinginterest": 1727000000,
        "incometaxexpensebenefit": -4000000,
        "incomelossfromcontinuingoperationsincludingportionattributabletononcontrollinginterest": 591000000,
        "profitloss": 1185000000,
        "incomelossfromcontinuingoperationsattributabletononcontrollingentity": 26000000,
        "netincomeloss": 1362000000,
        "incomelossfromcontinuingoperationsperbasicshare": 1.21,
        "earningspersharebasic": 1.21,
        "incomelossfromcontinuingoperationsperdilutedshare": 1.18,
        "earningspersharediluted": 1.18,
        "weightedaveragenumberofsharesoutstandingbasic": 980777243,
        "weightedaveragenumberofdilutedsharesoutstanding": 1005315030,
        "commonstockdividendspersharedeclared": 0.32,
        "othercomprehensiveincomeunrealizedholdinggainlossonfixedmaturityinvestmentsonwhichotherthantemporaryimpairmentsweretakenaftertaxes": 114000000,
        "othercomprehensiveincomeunrealizedholdinggainlossonallinvestmentsotherthaninvestmentsonwhichotherthantemporaryimpairmentsweretakenaftertaxes": 695000000,
        "othercomprehensiveincomelossforeigncurrencytransactionandtranslationadjustmentnetoftax": -276000000,
        "othercomprehensiveincomelosspensionandotherpostretirementbenefitplansadjustmentnetoftax": 18000000,
        "othercomprehensiveincomelossnetoftax": 114000000,
        "comprehensiveincomenetoftaxincludingportionattributabletononcontrollinginterest": -57643000000,
        "comprehensiveincomenetoftaxattributabletononcontrollinginterest": 26000000,
        "comprehensiveincomenetoftax": -57643000000
    },
    {
        "date": "2016-09-29",
        "symbol": "AIG",
        "period": "Q3",
        "premiumsearnednet": 8581000000,
        "insurancecommissionsandfees": 646000000,
        "netinvestmentincome": 3783000000,
        "otherthantemporaryimpairmentlossesinvestmentsavailableforsalesecurities": 58000000,
        "otherthantemporaryimpairmentlossesinvestmentsportioninothercomprehensiveincomelossbeforetaxincludingportionattributabletononcontrollinginterestavailableforsalesecurities": 14000000,
        "otherthantemporaryimpairmentlossesinvestmentsportionrecognizedinearningsnetavailableforsalesecurities": 72000000,
        "gainlossoninvestmentsexcludingotherthantemporaryimpairments": 743000000,
        "gainlossoninvestments": 171000000,
        "otherincome": 609000000,
        "revenues": 1343000000,
        "policyholderbenefitsandclaimsincurrednet": 7489000000,
        "interestcreditedtopolicyholdersaccountbalances": 887000000,
        "deferredpolicyacquisitioncostamortizationexpense": 3603000000,
        "sellinggeneralandadministrativeexpense": 2536000000,
        "interestexpense": -19000000,
        "gainslossesonextinguishmentofdebt": 8000000,
        "disposalgroupnotdiscontinuedoperationgainlossondisposal": 128000000,
        "benefitslossesandexpenses": 23476000000,
        "incomelossfromcontinuingoperationsbeforeincometaxesextraordinaryitemsnoncontrollinginterest": 27553000000,
        "incometaxexpensebenefit": 304000000,
        "incomelossfromcontinuingoperationsincludingportionattributabletononcontrollinginterest": 459000000,
        "incomelossfromdiscontinuedoperationsnetoftax": 5000000,
        "profitloss": -971000000,
        "incomelossfromcontinuingoperationsattributabletononcontrollingentity": -26000000,
        "netincomeloss": -2564000000,
        "netincomelossavailabletocommonstockholdersbasic": 462000000,
        "incomelossfromcontinuingoperationsperbasicshare": 0.41000000000000003,
        "incomelossfromdiscontinuedoperationsnetoftaxperbasicshare": 0,
        "earningspersharebasic": 0.41000000000000003,
        "incomelossfromcontinuingoperationsperdilutedshare": 0.4,
        "incomelossfromdiscontinuedoperationsnetoftaxperdilutedshare": 0,
        "earningspersharediluted": 0.4,
        "weightedaveragenumberofsharesoutstandingbasic": -1156485508,
        "weightedaveragenumberofdilutedsharesoutstanding": -1153894225,
        "commonstockdividendspersharedeclared": 0.3199999999999999,
        "othercomprehensiveincomeunrealizedholdinggainlossonfixedmaturityinvestmentsonwhichotherthantemporaryimpairmentsweretakenaftertaxes": 217000000,
        "othercomprehensiveincomeunrealizedholdinggainlossonallinvestmentsotherthaninvestmentsonwhichotherthantemporaryimpairmentsweretakenaftertaxes": 466000000,
        "othercomprehensiveincomelossforeigncurrencytransactionandtranslationadjustmentnetoftax": 111000000,
        "othercomprehensiveincomelosspensionandotherpostretirementbenefitplansadjustmentnetoftax": -4000000,
        "othercomprehensiveincomelossnetoftax": 7274000000,
        "comprehensiveincomenetoftaxincludingportionattributabletononcontrollinginterest": -55692000000,
        "comprehensiveincomenetoftaxattributabletononcontrollinginterest": -26000000,
        "comprehensiveincomenetoftax": -50709000000
    },
    {
        "date": "2016-06-29",
        "symbol": "AIG",
        "period": "Q2",
        "premiumsearnednet": 8751000000,
        "insurancecommissionsandfees": 696000000,
        "netinvestmentincome": 3683000000,
        "otherthantemporaryimpairmentlossesinvestmentsavailableforsalesecurities": 65000000,
        "otherthantemporaryimpairmentlossesinvestmentsportioninothercomprehensiveincomelossbeforetaxincludingportionattributabletononcontrollinginterestavailableforsalesecurities": 29000000,
        "otherthantemporaryimpairmentlossesinvestmentsportionrecognizedinearningsnetavailableforsalesecurities": 94000000,
        "gainlossoninvestmentsexcludingotherthantemporaryimpairments": 25000000,
        "gainlossoninvestments": 1042000000,
        "otherincome": 552000000,
        "revenues": -205000000,
        "policyholderbenefitsandclaimsincurrednet": 6872000000,
        "interestcreditedtopolicyholdersaccountbalances": 961000000,
        "deferredpolicyacquisitioncostamortizationexpense": -36000000,
        "sellinggeneralandadministrativeexpense": 2586000000,
        "interestexpense": 59000000,
        "gainslossesonextinguishmentofdebt": -7000000,
        "disposalgroupnotdiscontinuedoperationgainlossondisposal": 225000000,
        "benefitslossesandexpenses": 507000000,
        "incomelossfromcontinuingoperationsbeforeincometaxesextraordinaryitemsnoncontrollinginterest": 25000000,
        "incometaxexpensebenefit": 924000000,
        "incomelossfromcontinuingoperationsincludingportionattributabletononcontrollinginterest": 1934000000,
        "incomelossfromdiscontinuedoperationsnetoftax": -10000000,
        "profitloss": 875000000,
        "incomelossfromcontinuingoperationsattributabletononcontrollingentity": 11000000,
        "netincomeloss": 2180000000,
        "netincomelossavailabletocommonstockholdersbasic": 1913000000,
        "incomelossfromcontinuingoperationsperbasicshare": 1.73,
        "incomelossfromdiscontinuedoperationsnetoftaxperbasicshare": -0.01,
        "earningspersharebasic": 1.72,
        "incomelossfromcontinuingoperationsperdilutedshare": 1.69,
        "incomelossfromdiscontinuedoperationsnetoftaxperdilutedshare": -0.01,
        "earningspersharediluted": 1.68,
        "weightedaveragenumberofsharesoutstandingbasic": 1113587927,
        "weightedaveragenumberofdilutedsharesoutstanding": 1140045973,
        "commonstockdividendspersharedeclared": 0.32,
        "othercomprehensiveincomeunrealizedholdinggainlossonfixedmaturityinvestmentsonwhichotherthantemporaryimpairmentsweretakenaftertaxes": 22000000,
        "othercomprehensiveincomeunrealizedholdinggainlossonallinvestmentsotherthaninvestmentsonwhichotherthantemporaryimpairmentsweretakenaftertaxes": 2409000000,
        "othercomprehensiveincomelossforeigncurrencytransactionandtranslationadjustmentnetoftax": 313000000,
        "othercomprehensiveincomelosspensionandotherpostretirementbenefitplansadjustmentnetoftax": 10000000,
        "othercomprehensiveincomelossnetoftax": 22000000,
        "comprehensiveincomenetoftaxincludingportionattributabletononcontrollinginterest": -4815000000,
        "comprehensiveincomenetoftaxattributabletononcontrollinginterest": 11000000,
        "comprehensiveincomenetoftax": -4826000000
    },
    {
        "date": "2016-03-30",
        "symbol": "AIG",
        "period": "Q1",
        "premiumsearnednet": 8806000000,
        "insurancecommissionsandfees": 687000000,
        "netinvestmentincome": 3013000000,
        "otherthantemporaryimpairmentlossesinvestmentsavailableforsalesecurities": 209000000,
        "otherthantemporaryimpairmentlossesinvestmentsportioninothercomprehensiveincomelossbeforetaxincludingportionattributabletononcontrollinginterestavailableforsalesecurities": -7000000,
        "otherthantemporaryimpairmentlossesinvestmentsportionrecognizedinearningsnetavailableforsalesecurities": 202000000,
        "gainlossoninvestmentsexcludingotherthantemporaryimpairments": 75000000,
        "gainlossoninvestments": -1106000000,
        "otherincome": 379000000,
        "revenues": 2821000000,
        "policyholderbenefitsandclaimsincurrednet": 6387000000,
        "interestcreditedtopolicyholdersaccountbalances": 950000000,
        "deferredpolicyacquisitioncostamortizationexpense": 58000000,
        "sellinggeneralandadministrativeexpense": 3003000000,
        "interestexpense": -1000000,
        "gainslossesonextinguishmentofdebt": -77000000,
        "disposalgroupnotdiscontinuedoperationgainlossondisposal": -2000000,
        "benefitslossesandexpenses": 11993000000,
        "incomelossfromcontinuingoperationsbeforeincometaxesextraordinaryitemsnoncontrollinginterest": 11779000000,
        "incometaxexpensebenefit": -58000000,
        "incomelossfromcontinuingoperationsincludingportionattributabletononcontrollinginterest": -182000000,
        "incomelossfromdiscontinuedoperationsnetoftax": -47000000,
        "profitloss": -203000000,
        "incomelossfromcontinuingoperationsattributabletononcontrollingentity": -20000000,
        "netincomeloss": 2626000000,
        "netincomelossavailabletocommonstockholdersbasic": -183000000,
        "incomelossfromcontinuingoperationsperbasicshare": -0.12,
        "incomelossfromdiscontinuedoperationsnetoftaxperbasicshare": -0.04,
        "earningspersharebasic": -0.16,
        "incomelossfromcontinuingoperationsperdilutedshare": -0.12,
        "incomelossfromdiscontinuedoperationsnetoftaxperdilutedshare": -0.04,
        "earningspersharediluted": -0.16,
        "weightedaveragenumberofsharesoutstandingbasic": 1156548459,
        "weightedaveragenumberofdilutedsharesoutstanding": 1156548459,
        "commonstockdividendspersharedeclared": 0.32,
        "othercomprehensiveincomeunrealizedholdinggainlossonfixedmaturityinvestmentsonwhichotherthantemporaryimpairmentsweretakenaftertaxes": -349000000,
        "othercomprehensiveincomeunrealizedholdinggainlossonallinvestmentsotherthaninvestmentsonwhichotherthantemporaryimpairmentsweretakenaftertaxes": 3427000000,
        "othercomprehensiveincomelossforeigncurrencytransactionandtranslationadjustmentnetoftax": -92000000,
        "othercomprehensiveincomelosspensionandotherpostretirementbenefitplansadjustmentnetoftax": -2000000,
        "othercomprehensiveincomelossnetoftax": -92000000,
        "comprehensiveincomenetoftaxincludingportionattributabletononcontrollinginterest": 2805000000,
        "comprehensiveincomenetoftaxattributabletononcontrollinginterest": -20000000,
        "comprehensiveincomenetoftax": -2167000000
    },
    {
        "date": "2015-09-29",
        "symbol": "AIG",
        "period": "Q3",
        "premiumsearnednet": 8862000000,
        "insurancecommissionsandfees": 701000000,
        "netinvestmentincome": 3206000000,
        "otherthantemporaryimpairmentlossesinvestmentsavailableforsalesecurities": 225000000,
        "otherthantemporaryimpairmentlossesinvestmentsportioninothercomprehensiveincomelossbeforetaxincludingportionattributabletononcontrollinginterestavailableforsalesecurities": 17000000,
        "otherthantemporaryimpairmentlossesinvestmentsportionrecognizedinearningsnetavailableforsalesecurities": 242000000,
        "netgainlossexcludingavailableforsaleimpairments": 15000000,
        "realizedcapitalgainslossesnetimpairmentchargesandother": -342000000,
        "otherincome": 395000000,
        "revenues": 13179000000,
        "policyholderbenefitsandclaimsincurrednet": 6936000000,
        "interestcreditedtopolicyholdersaccountbalances": 881000000,
        "deferredpolicyacquisitioncostamortizationexpense": -2000000,
        "sellinggeneralandadministrativeexpense": 3175000000,
        "interestexpense": 14000000,
        "gainslossesonextinguishmentofdebt": -345000000,
        "disposalgroupnotdiscontinuedoperationgainlossondisposal": -3000000,
        "benefitslossesandexpenses": 951000000,
        "incomelossfromcontinuingoperationsbeforeincometaxesextraordinaryitemsnoncontrollinginterest": 84000000,
        "incometaxexpensebenefit": -6000000,
        "incomelossfromcontinuingoperationsincludingportionattributabletononcontrollinginterest": -940000000,
        "incomelossfromdiscontinuedoperationsnetoftax": -17000000,
        "profitloss": -231000000,
        "incomelossfromcontinuingoperationsattributabletononcontrollingentity": 34000000,
        "netincomeloss": -231000000,
        "incomelossfromcontinuingoperationsperbasicshare": -0.17,
        "incomelossfromdiscontinuedoperationsnetoftaxperbasicshare": -0.01,
        "earningspersharebasic": -0.18,
        "incomelossfromcontinuingoperationsperdilutedshare": -0.17,
        "incomelossfromdiscontinuedoperationsnetoftaxperdilutedshare": -0.01,
        "earningspersharediluted": -0.18,
        "weightedaveragenumberofsharesoutstandingbasic": 1279072748,
        "weightedaveragenumberofdilutedsharesoutstanding": 1279072748,
        "commonstockdividendspersharedeclared": 0.28,
        "othercomprehensiveincomeunrealizedholdinggainlossonfixedmaturityinvestmentsonwhichotherthantemporaryimpairmentsweretakenaftertaxes": -61000000,
        "othercomprehensiveincomeunrealizedholdinggainlossonallinvestmentsotherthaninvestmentsonwhichotherthantemporaryimpairmentsweretakenaftertaxes": -857000000,
        "othercomprehensiveincomelossforeigncurrencytransactionandtranslationadjustmentnetoftax": -238000000,
        "othercomprehensiveincomelosspensionandotherpostretirementbenefitplansadjustmentnetoftax": -92000000,
        "othercomprehensiveincomelossnetoftax": -1063000000,
        "comprehensiveincomenetoftaxincludingportionattributabletononcontrollinginterest": 947000000,
        "comprehensiveincomenetoftaxattributabletononcontrollinginterest": 33000000,
        "comprehensiveincomenetoftax": -1294000000
    },
    {
        "date": "2015-03-30",
        "symbol": "AIG",
        "period": "Q1",
        "premiumsearnednet": 8822000000,
        "insurancecommissionsandfees": 677000000,
        "netinvestmentincome": 3838000000,
        "otherthantemporaryimpairmentlossesinvestmentsavailableforsalesecurities": 87000000,
        "otherthantemporaryimpairmentlossesinvestmentsportioninothercomprehensiveincomelossbeforetaxincludingportionattributabletononcontrollinginterestavailableforsalesecurities": 10000000,
        "otherthantemporaryimpairmentlossesinvestmentsportionrecognizedinearningsnetavailableforsalesecurities": 97000000,
        "netgainlossexcludingavailableforsaleimpairments": 1438000000,
        "realizedcapitalgainslossesnetimpairmentchargesandother": 1341000000,
        "otherincome": 1297000000,
        "revenues": 1341000000,
        "policyholderbenefitsandclaimsincurrednet": 6551000000,
        "interestcreditedtopolicyholdersaccountbalances": 935000000,
        "deferredpolicyacquisitioncostamortizationexpense": 1350000000,
        "sellinggeneralandadministrativeexpense": 2949000000,
        "interestexpense": -30000000,
        "gainslossesonextinguishmentofdebt": -61000000,
        "disposalgroupnotdiscontinuedoperationgainlossondisposal": -6000000,
        "benefitslossesandexpenses": 11674000000,
        "incomelossfromcontinuingoperationsbeforeincometaxesextraordinaryitemsnoncontrollinginterest": 145000000,
        "incometaxexpensebenefit": 1300000000,
        "incomelossfromcontinuingoperationsincludingportionattributabletononcontrollinginterest": -3536000000,
        "incomelossfromdiscontinuedoperationsnetoftax": 1000000,
        "profitloss": 2477000000,
        "incomelossfromcontinuingoperationsattributabletononcontrollingentity": 9000000,
        "netincomeloss": -3536000000,
        "incomelossfromcontinuingoperationsperbasicshare": 1.81,
        "earningspersharebasic": 1.81,
        "incomelossfromcontinuingoperationsperdilutedshare": 1.78,
        "earningspersharediluted": 1.78,
        "weightedaveragenumberofsharesoutstandingbasic": 1365951690,
        "weightedaveragenumberofdilutedsharesoutstanding": 1386263549,
        "commonstockdividendspersharedeclared": 0.125,
        "othercomprehensiveincomeunrealizedholdinggainlossonfixedmaturityinvestmentsonwhichotherthantemporaryimpairmentsweretakenaftertaxes": -72000000,
        "othercomprehensiveincomeunrealizedholdinggainlossonallinvestmentsotherthaninvestmentsonwhichotherthantemporaryimpairmentsweretakenaftertaxes": 539000000,
        "othercomprehensiveincomelossforeigncurrencytransactionandtranslationadjustmentnetoftax": -459000000,
        "othercomprehensiveincomelosspensionandotherpostretirementbenefitplansadjustmentnetoftax": -29000000,
        "othercomprehensiveincomelossnetoftax": -1061000000,
        "comprehensiveincomenetoftaxincludingportionattributabletononcontrollinginterest": 1713000000,
        "comprehensiveincomenetoftaxattributabletononcontrollinginterest": 6000000,
        "comprehensiveincomenetoftax": 1713000000
    },
    {
        "date": "2014-09-29",
        "symbol": "AIG",
        "period": "Q3",
        "premiumsearnednet": 9453000000,
        "insurancecommissionsandfees": 743000000,
        "netinvestmentincome": 4028000000,
        "otherthantemporaryimpairmentlossesinvestmentsavailableforsalesecurities": 34000000,
        "otherthantemporaryimpairmentlossesinvestmentsportioninothercomprehensiveincomelossbeforetaxincludingportionattributabletononcontrollinginterestavailableforsalesecurities": 1000000,
        "otherthantemporaryimpairmentlossesinvestmentsportionrecognizedinearningsnetavailableforsalesecurities": 35000000,
        "netgainlossexcludingavailableforsaleimpairments": -384000000,
        "realizedcapitalgainslossesnetimpairmentchargesandother": 470000000,
        "operatingleasesincomestatementleaserevenue": 0,
        "otherincome": 1960000000,
        "revenues": 363000000,
        "policyholderbenefitsandclaimsincurrednet": 13986000000,
        "interestcreditedtopolicyholdersaccountbalances": 882000000,
        "deferredpolicyacquisitioncostamortizationexpense": 2714000000,
        "sellinggeneralandadministrativeexpense": 2117000000,
        "interestexpense": 52000000,
        "aircraftrental": 0,
        "gainslossesonextinguishmentofdebt": -759000000,
        "disposalgroupnotdiscontinuedoperationgainlossondisposal": 18000000,
        "otherexpenses": 991000000,
        "benefitslossesandexpenses": -14028000000,
        "incomelossfromcontinuingoperationsbeforeincometaxesextraordinaryitemsnoncontrollinginterest": -144000000,
        "incometaxexpensebenefit": 1117000000,
        "incomelossfromcontinuingoperationsincludingportionattributabletononcontrollinginterest": -8330000000,
        "incomelossfromdiscontinuedoperationsnetoftax": 2000000,
        "profitloss": 13805000000,
        "incomelossfromcontinuingoperationsattributabletononcontrollingentity": 9000000,
        "netincomeloss": 13805000000,
        "incomelossfromcontinuingoperationsperbasicshare": 1.5400000000000005,
        "incomelossfromdiscontinuedoperationsnetoftaxperbasicshare": 0,
        "earningspersharebasic": 1.5399999999999996,
        "incomelossfromcontinuingoperationsperdilutedshare": 1.5199999999999996,
        "incomelossfromdiscontinuedoperationsnetoftaxperdilutedshare": 0,
        "earningspersharediluted": 1.5199999999999998,
        "weightedaveragenumberofsharesoutstandingbasic": -1461497730,
        "weightedaveragenumberofdilutedsharesoutstanding": -1477703910,
        "commonstockdividendspersharedeclared": 0.125,
        "othercomprehensiveincomeunrealizedholdinggainlossonfixedmaturityinvestmentsonwhichotherthantemporaryimpairmentsweretakenaftertaxes": 59000000,
        "othercomprehensiveincomeunrealizedholdinggainlossonallinvestmentsotherthaninvestmentsonwhichotherthantemporaryimpairmentsweretakenaftertaxes": -168000000,
        "othercomprehensiveincomelossforeigncurrencytransactionandtranslationadjustmentnetoftax": -78000000,
        "othercomprehensiveincomelosspensionandotherpostretirementbenefitplansadjustmentnetoftax": -24000000,
        "othercomprehensiveincomelossnetoftax": -3925000000,
        "comprehensiveincomenetoftaxincludingportionattributabletononcontrollinginterest": 5718000000,
        "comprehensiveincomenetoftaxattributabletononcontrollinginterest": 8000000,
        "comprehensiveincomenetoftax": 12320000000
    },
    {
        "date": "2014-06-29",
        "symbol": "AIG",
        "period": "Q2",
        "premiumsearnednet": 9458000000,
        "insurancecommissionsandfees": 701000000,
        "netinvestmentincome": 3884000000,
        "otherthantemporaryimpairmentlossesinvestmentsavailableforsalesecurities": 32000000,
        "otherthantemporaryimpairmentlossesinvestmentsportioninothercomprehensiveincomelossbeforetaxincludingportionattributabletononcontrollinginterestavailableforsalesecurities": 16000000,
        "otherthantemporaryimpairmentlossesinvestmentsportionrecognizedinearningsnetavailableforsalesecurities": 48000000,
        "netgainlossexcludingavailableforsaleimpairments": 207000000,
        "realizedcapitalgainslossesnetimpairmentchargesandother": 101000000,
        "operatingleasesincomestatementleaserevenue": 489000000,
        "otherincome": 1472000000,
        "revenues": 1804000000,
        "policyholderbenefitsandclaimsincurrednet": -12000000,
        "interestcreditedtopolicyholdersaccountbalances": 963000000,
        "deferredpolicyacquisitioncostamortizationexpense": -30000000,
        "sellinggeneralandadministrativeexpense": 2213000000,
        "interestexpense": -33000000,
        "aircraftrental": 489000000,
        "gainslossesonextinguishmentofdebt": -17000000,
        "disposalgroupnotdiscontinuedoperationgainlossondisposal": 2174000000,
        "otherexpenses": 1470000000,
        "benefitslossesandexpenses": -74000000,
        "incomelossfromcontinuingoperationsbeforeincometaxesextraordinaryitemsnoncontrollinginterest": 1685000000,
        "incometaxexpensebenefit": 1878000000,
        "incomelossfromcontinuingoperationsincludingportionattributabletononcontrollinginterest": -4245000000,
        "incomelossfromdiscontinuedoperationsnetoftax": 30000000,
        "profitloss": -4245000000,
        "incomelossfromcontinuingoperationsattributabletononcontrollingentity": -37000000,
        "netincomeloss": -4245000000,
        "incomelossfromcontinuingoperationsperbasicshare": 2.11,
        "incomelossfromdiscontinuedoperationsnetoftaxperbasicshare": 0.02,
        "earningspersharebasic": 2.13,
        "incomelossfromcontinuingoperationsperdilutedshare": 2.08,
        "incomelossfromdiscontinuedoperationsnetoftaxperdilutedshare": 0.02,
        "earningspersharediluted": 2.1,
        "weightedaveragenumberofsharesoutstandingbasic": 1442397111,
        "weightedaveragenumberofdilutedsharesoutstanding": 1464676330,
        "commonstockdividendspersharedeclared": 0.125,
        "othercomprehensiveincomeunrealizedholdinggainlossonfixedmaturityinvestmentsonwhichotherthantemporaryimpairmentsweretakenaftertaxes": 26000000,
        "othercomprehensiveincomeunrealizedholdinggainlossonallinvestmentsotherthaninvestmentsonwhichotherthantemporaryimpairmentsweretakenaftertaxes": 2355000000,
        "othercomprehensiveincomelossforeigncurrencytransactionandtranslationadjustmentnetoftax": 47000000,
        "othercomprehensiveincomelosspensionandotherpostretirementbenefitplansadjustmentnetoftax": 2000000,
        "othercomprehensiveincomelossnetoftax": -3171000000,
        "comprehensiveincomenetoftaxincludingportionattributabletononcontrollinginterest": 5517000000,
        "comprehensiveincomenetoftaxattributabletononcontrollinginterest": -37000000,
        "comprehensiveincomenetoftax": 5554000000
    },
    {
        "date": "2014-03-30",
        "symbol": "AIG",
        "period": "Q1",
        "premiumsearnednet": 9038000000,
        "insurancecommissionsandfees": 692000000,
        "netinvestmentincome": 4196000000,
        "otherthantemporaryimpairmentlossesinvestmentsavailableforsalesecurities": 50000000,
        "otherthantemporaryimpairmentlossesinvestmentsportioninothercomprehensiveincomelossbeforetaxincludingportionattributabletononcontrollinginterestavailableforsalesecurities": 4000000,
        "otherthantemporaryimpairmentlossesinvestmentsportionrecognizedinearningsnetavailableforsalesecurities": 54000000,
        "netgainlossexcludingavailableforsaleimpairments": 204000000,
        "realizedcapitalgainslossesnetimpairmentchargesandother": -213000000,
        "operatingleasesincomestatementleaserevenue": 1113000000,
        "otherincome": 1286000000,
        "revenues": -8000000,
        "policyholderbenefitsandclaimsincurrednet": 6797000000,
        "interestcreditedtopolicyholdersaccountbalances": 955000000,
        "deferredpolicyacquisitioncostamortizationexpense": 1305000000,
        "sellinggeneralandadministrativeexpense": 2117000000,
        "interestexpense": 61000000,
        "aircraftrental": 1096000000,
        "gainslossesonextinguishmentofdebt": -238000000,
        "disposalgroupnotdiscontinuedoperationgainlossondisposal": 4000000,
        "otherexpenses": 856000000,
        "benefitslossesandexpenses": 13839000000,
        "incomelossfromcontinuingoperationsbeforeincometaxesextraordinaryitemsnoncontrollinginterest": 1000000,
        "incometaxexpensebenefit": 1126000000,
        "incomelossfromcontinuingoperationsincludingportionattributabletononcontrollinginterest": 1659000000,
        "incomelossfromdiscontinuedoperationsnetoftax": -47000000,
        "profitloss": -2686000000,
        "incomelossfromcontinuingoperationsattributabletononcontrollingentity": 3000000,
        "netincomeloss": -2686000000,
        "incomelossfromcontinuingoperationsperbasicshare": 1.13,
        "incomelossfromdiscontinuedoperationsnetoftaxperbasicshare": -0.03,
        "earningspersharebasic": 1.1,
        "incomelossfromcontinuingoperationsperdilutedshare": 1.12,
        "incomelossfromdiscontinuedoperationsnetoftaxperdilutedshare": -0.03,
        "earningspersharediluted": 1.09,
        "weightedaveragenumberofsharesoutstandingbasic": 1459249393,
        "weightedaveragenumberofdilutedsharesoutstanding": 1472510813,
        "commonstockdividendspersharedeclared": 0.125,
        "othercomprehensiveincomeunrealizedholdinggainlossonfixedmaturityinvestmentsonwhichotherthantemporaryimpairmentsweretakenaftertaxes": 89000000,
        "othercomprehensiveincomeunrealizedholdinggainlossonallinvestmentsotherthaninvestmentsonwhichotherthantemporaryimpairmentsweretakenaftertaxes": 2785000000,
        "othercomprehensiveincomelossforeigncurrencytransactionandtranslationadjustmentnetoftax": -158000000,
        "othercomprehensiveincomelosspensionandotherpostretirementbenefitplansadjustmentnetoftax": 9000000,
        "othercomprehensiveincomelossnetoftax": 2725000000,
        "comprehensiveincomenetoftaxincludingportionattributabletononcontrollinginterest": -6029000000,
        "comprehensiveincomenetoftaxattributabletononcontrollinginterest": 3000000,
        "comprehensiveincomenetoftax": -6029000000
    },
    {
        "date": "2013-09-29",
        "symbol": "AIG",
        "period": "Q3",
        "premiumsearnednet": 9352000000,
        "insurancecommissionsandfees": 645000000,
        "netinvestmentincome": 3573000000,
        "otherthantemporaryimpairmentlossesinvestmentsavailableforsalesecurities": 33000000,
        "otherthantemporaryimpairmentlossesinvestmentsportioninothercomprehensiveincomelossbeforetaxincludingportionattributabletononcontrollinginterestavailableforsalesecurities": 6000000,
        "otherthantemporaryimpairmentlossesinvestmentsportionrecognizedinearningsnetavailableforsalesecurities": 39000000,
        "netgainlossexcludingavailableforsaleimpairments": 291000000,
        "realizedcapitalgainslossesnetimpairmentchargesandother": 252000000,
        "otherincome": 1004000000,
        "revenues": -3465000000,
        "policyholderbenefitsandclaimsincurrednet": 7416000000,
        "interestcreditedtopolicyholdersaccountbalances": 924000000,
        "deferredpolicyacquisitioncostamortizationexpense": 1220000000,
        "sellinggeneralandadministrativeexpense": 2251000000,
        "interestexpense": 516000000,
        "gainslossesonextinguishmentofdebt": -81000000,
        "otherexpenses": 1239000000,
        "benefitslossesandexpenses": -68000000,
        "incomelossfromcontinuingoperationsbeforeincometaxesextraordinaryitemsnoncontrollinginterest": 1179000000,
        "incometaxexpensebenefit": -993000000,
        "incomelossfromcontinuingoperationsincludingportionattributabletononcontrollinginterest": -3384000000,
        "incomelossfromdiscontinuedoperationsnetoftax": -42000000,
        "profitloss": -3384000000,
        "netincomelossfromcontinuingoperationsattributabletononcontrollinginterestsother": -40000000,
        "incomelossfromcontinuingoperationsattributabletononcontrollingentity": -40000000,
        "netincomeloss": -3384000000,
        "incomelossfromcontinuingoperationsperbasicshare": 1.5,
        "incomelossfromdiscontinuedoperationsnetoftaxperbasicshare": -0.03,
        "earningspersharebasic": 1.47,
        "incomelossfromcontinuingoperationsperdilutedshare": 1.49,
        "incomelossfromdiscontinuedoperationsnetoftaxperdilutedshare": -0.03,
        "earningspersharediluted": 1.46,
        "weightedaveragenumberofsharesoutstandingbasic": 1475053126,
        "weightedaveragenumberofdilutedsharesoutstanding": 1485322858,
        "commonstockdividendspersharedeclared": 0.1,
        "othercomprehensiveincomeunrealizedholdinggainlossonfixedmaturityinvestmentsonwhichotherthantemporaryimpairmentsweretakenaftertaxes": -23000000,
        "othercomprehensiveincomeunrealizedholdinggainlossonallinvestmentsotherthaninvestmentsonwhichotherthantemporaryimpairmentsweretakenaftertaxes": -434000000,
        "othercomprehensiveincomelossforeigncurrencytransactionandtranslationadjustmentnetoftax": -49000000,
        "othercomprehensiveincomelosspensionandotherpostretirementbenefitplansadjustmentnetoftax": 26000000,
        "othercomprehensiveincomelossnetoftax": 795000000,
        "comprehensiveincomenetoftaxincludingportionattributabletononcontrollinginterest": -2589000000,
        "comprehensiveincomelossnetoftaxattributabletononcontrollinginterestsother": -42000000,
        "comprehensiveincomenetoftaxattributabletononcontrollinginterest": -42000000,
        "comprehensiveincomenetoftax": -2589000000
    },
    {
        "date": "2013-06-29",
        "symbol": "AIG",
        "period": "Q2",
        "premiumsearnednet": 9200000000,
        "policychargesinsurance": 623000000,
        "netinvestmentincome": 3844000000,
        "otherthantemporaryimpairmentlossesinvestmentsavailableforsalesecurities": 17000000,
        "otherthantemporaryimpairmentlossesinvestmentsportioninothercomprehensiveincomelossbeforetaxincludingportionattributabletononcontrollinginterestavailableforsalesecurities": 10000000,
        "otherthantemporaryimpairmentlossesinvestmentsportionrecognizedinearningsnetavailableforsalesecurities": 27000000,
        "netgainlossexcludingavailableforsaleimpairments": 1618000000,
        "realizedcapitalgainslossesnetimpairmentchargesandother": 1591000000,
        "otherincome": 2057000000,
        "revenues": -3212000000,
        "policyholderbenefitsandclaimsincurrednet": 8090000000,
        "interestcreditedtopolicyholdersaccountbalances": 972000000,
        "deferredpolicyacquisitioncostamortizationexpense": 1353000000,
        "sellinggeneralandadministrativeexpense": 2245000000,
        "interestexpense": 535000000,
        "gainslossesonextinguishmentofdebt": -38000000,
        "otherexpenses": 935000000,
        "benefitslossesandexpenses": -72000000,
        "incomelossfromcontinuingoperationsbeforeincometaxesextraordinaryitemsnoncontrollinginterest": -10000000,
        "incometaxexpensebenefit": -4000000,
        "incomelossfromcontinuingoperationsincludingportionattributabletononcontrollinginterest": -3136000000,
        "incomelossfromdiscontinuedoperationsnetoftax": 33000000,
        "profitloss": -3136000000,
        "netincomelossfromcontinuingoperationsattributabletononcontrollinginterestsother": 27000000,
        "incomelossfromcontinuingoperationsattributabletononcontrollingentity": 27000000,
        "netincomeloss": -3136000000,
        "incomelossfromcontinuingoperationsperbasicshare": 1.83,
        "incomelossfromdiscontinuedoperationsnetoftaxperbasicshare": 0.02,
        "earningspersharebasic": 1.85,
        "incomelossfromcontinuingoperationsperdilutedshare": 1.82,
        "incomelossfromdiscontinuedoperationsnetoftaxperdilutedshare": 0.02,
        "earningspersharediluted": 1.84,
        "weightedaveragenumberofsharesoutstandingbasic": 1476512720,
        "weightedaveragenumberofdilutedsharesoutstanding": 1482246618,
        "othercomprehensiveincomeunrealizedholdinggainlossonfixedmaturityinvestmentsonwhichotherthantemporaryimpairmentsweretakenaftertaxes": -87000000,
        "othercomprehensiveincomeunrealizedholdinggainlossonallinvestmentsotherthaninvestmentsonwhichotherthantemporaryimpairmentsweretakenaftertaxes": -4446000000,
        "othercomprehensiveincomelossforeigncurrencytransactionandtranslationadjustmentnetoftax": -305000000,
        "othercomprehensiveincomelosspensionandotherpostretirementbenefitplansadjustmentnetoftax": -17000000,
        "othercomprehensiveincomelossnetoftax": -4821000000,
        "comprehensiveincomenetoftaxincludingportionattributabletononcontrollinginterest": -2063000000,
        "comprehensiveincomelossnetoftaxattributabletononcontrollinginterestsother": 6000000,
        "comprehensiveincomenetoftaxattributabletononcontrollinginterest": 6000000,
        "comprehensiveincomenetoftax": -2069000000
    },
    {
        "date": "2013-03-30",
        "symbol": "AIG",
        "period": "Q1",
        "premiumsearnednet": 9372000000,
        "policychargesinsurance": 615000000,
        "netinvestmentincome": 4164000000,
        "otherthantemporaryimpairmentlossesinvestmentsavailableforsalesecurities": 40000000,
        "otherthantemporaryimpairmentlossesinvestmentsportioninothercomprehensiveincomelossbeforetaxincludingportionattributabletononcontrollinginterestavailableforsalesecurities": 1000000,
        "otherthantemporaryimpairmentlossesinvestmentsportionrecognizedinearningsnetavailableforsalesecurities": 41000000,
        "netgainlossexcludingavailableforsaleimpairments": 341000000,
        "realizedcapitalgainslossesnetimpairmentchargesandother": -1000000,
        "otherincome": -3000000,
        "revenues": 15663000000,
        "policyholderbenefitsandclaimsincurrednet": 6728000000,
        "interestcreditedtopolicyholdersaccountbalances": 1017000000,
        "deferredpolicyacquisitioncostamortizationexpense": 1286000000,
        "sellinggeneralandadministrativeexpense": 2238000000,
        "interestexpense": -69000000,
        "gainslossesonextinguishmentofdebt": -71000000,
        "otherexpenses": 870000000,
        "benefitslossesandexpenses": 11963000000,
        "incomelossfromcontinuingoperationsbeforeincometaxesextraordinaryitemsnoncontrollinginterest": 1604000000,
        "incometaxexpensebenefit": 694000000,
        "incomelossfromcontinuingoperationsincludingportionattributabletononcontrollinginterest": 1915000000,
        "incomelossfromdiscontinuedoperationsnetoftax": 97000000,
        "profitloss": 2012000000,
        "netincomelossfromcontinuingoperationsattributabletononcontrollinginterestsother": 25000000,
        "incomelossfromcontinuingoperationsattributabletononcontrollingentity": 25000000,
        "netincomeloss": -2561000000,
        "incomelossfromcontinuingoperationsperbasicshare": 1.43,
        "incomelossfromdiscontinuedoperationsnetoftaxperbasicshare": 0.06,
        "incomelossfromcontinuingoperationsperdilutedshare": 1.43,
        "incomelossfromdiscontinuedoperationsnetoftaxperdilutedshare": 0.06,
        "earningspersharebasic": 1.49,
        "earningspersharediluted": 1.49,
        "weightedaveragenumberofsharesoutstandingbasic": 1476471097,
        "weightedaveragenumberofdilutedsharesoutstanding": 1476678931,
        "othercomprehensiveincomeunrealizedholdinggainlossonfixedmaturityinvestmentsonwhichotherthantemporaryimpairmentsweretakenaftertaxes": 282000000,
        "othercomprehensiveincomeunrealizedholdinggainlossonallinvestmentsotherthaninvestmentsonwhichotherthantemporaryimpairmentsweretakenaftertaxes": -788000000,
        "othercomprehensiveincomelossforeigncurrencytransactionandtranslationadjustmentnetoftax": -273000000,
        "othercomprehensiveincomelosspensionandotherpostretirementbenefitplansadjustmentnetoftax": -44000000,
        "othercomprehensiveincomelossnetoftax": -920000000,
        "comprehensiveincomenetoftaxincludingportionattributabletononcontrollinginterest": 1092000000,
        "comprehensiveincomelossnetoftaxattributabletononcontrollinginterestsother": 25000000,
        "comprehensiveincomenetoftaxattributabletononcontrollinginterest": 25000000,
        "comprehensiveincomenetoftax": 1471000000
    },
    {
        "date": "2011-06-29",
        "symbol": "AIG",
        "period": "Q2",
        "premiumsearnednet": 9898000000,
        "policychargesinsurance": 682000000,
        "netinvestmentincome": 4464000000,
        "otherthantemporaryimpairmentlossesinvestmentsavailableforsalesecurities": 181000000,
        "otherthantemporaryimpairmentlossesinvestmentsportioninothercomprehensiveincomelossbeforetaxincludingportionattributabletononcontrollinginterestavailableforsalesecurities": 56000000,
        "otherthantemporaryimpairmentlossesinvestmentsportionrecognizedinearningsnetavailableforsalesecurities": 125000000,
        "netgainlossexcludingavailableforsaleimpairments": 191000000,
        "realizedinvestmentgainslosses": 66000000,
        "operatingleasesincomestatementleaserevenue": 1134000000,
        "otherincome": 432000000,
        "revenues": 16676000000,
        "policyholderbenefitsandclaimsincurrednet": 8086000000,
        "interestcreditedtopolicyholdersaccountbalances": 1110000000,
        "deferredpolicyacquisitioncostamortizationexpense": 1786000000,
        "sellinggeneralandadministrativeexpense": 1653000000,
        "interestexpense": 968000000,
        "aircraftrental": 627000000,
        "gainslossesonextinguishmentofdebt": -79000000,
        "disposalgroupnotdiscontinuedoperationgainlossondisposal": -2000000,
        "otherexpenses": 559000000,
        "benefitslossesandexpenses": 14870000000,
        "incomelossfromcontinuingoperationsbeforeincometaxesextraordinaryitemsnoncontrollinginterest": 1806000000,
        "incometaxexpensebenefit": -288000000,
        "incomelossfromcontinuingoperationsincludingportionattributabletononcontrollinginterest": 2094000000,
        "incomelossfromdiscontinuedoperationsnetoftax": -37000000,
        "profitloss": 2057000000,
        "netincomelossfromcontinuingoperationsattributabletononcontrollingnonvotingcallablejuniorandseniorpreferredinterestsheldbyfederalreservebankofnewyorkandthedepartmentofthetreasury": 141000000,
        "netincomelossfromcontinuingoperationsattributabletononcontrollinginterestsother": 64000000,
        "incomelossfromcontinuingoperationsattributabletononcontrollingentity": 205000000,
        "incomelossfromdiscontinuedoperationsnetoftaxattributabletononcontrollinginterest": 12000000,
        "netincomelossattributabletononcontrollinginterest": 217000000,
        "netincomeloss": 1840000000,
        "netincomelossavailabletocommonstockholdersbasic": 1840000000,
        "incomelossfromcontinuingoperationsperbasicshare": 1.03,
        "incomelossfromdiscontinuedoperationsnetoftaxperbasicshare": -0.03,
        "incomelossfromcontinuingoperationsperdilutedshare": 1.03,
        "incomelossfromdiscontinuedoperationsnetoftaxperdilutedshare": -0.03,
        "weightedaveragenumberofsharesoutstandingbasic": 1836713069,
        "weightedaveragenumberofdilutedsharesoutstanding": 1836771513,
        "othercomprehensiveincomeunrealizedholdinggainlossonfixedmaturityinvestmentsonwhichotherthantemporaryimpairmentsweretakenaftertaxes": -107000000,
        "othercomprehensiveincomeunrealizedholdinggainlossonallinvestmentsotherthaninvestmentsonwhichotherthantemporaryimpairmentsweretakenaftertaxes": 1846000000,
        "othercomprehensiveincomeforeigncurrencytransactionandtranslationadjustmentnetoftaxperiodincreasedecrease": 358000000,
        "othercomprehensiveincomederivativesqualifyingashedgesnetoftaxperiodincreasedecrease": 58000000,
        "othercomprehensiveincomedefinedbenefitplansadjustmentnetoftaxperiodincreasedecrease": 14000000,
        "othercomprehensiveincomelossnetoftaxperiodincreasedecrease": 2169000000,
        "comprehensiveincomenetoftaxincludingportionattributabletononcontrollinginterest": 4226000000,
        "comprehensiveincomelossnetoftaxattributabletononcontrollingnonvotingcallablejuniorandseniorpreferredinterestsheldbyfederalreservebankofnewyork": 141000000,
        "comprehensiveincomelossnetoftaxattributabletononcontrollinginterestsother": -7000000,
        "comprehensiveincomenetoftaxattributabletononcontrollinginterest": 134000000,
        "comprehensiveincomenetoftax": 4092000000
    },
    {
        "date": "2010-09-29",
        "symbol": "AIG",
        "period": "Q3",
        "profitloss": -1891000000,
        "othercomprehensiveincomeunrealizedholdinggainlossonfixedmaturityinvestmentsonwhichotherthantemporaryimpairmentsweretakenbeforetaxes": 781000000,
        "othercomprehensiveincomeunrealizedholdinggainlossonfixedmaturityinvestmentsonwhichotherthantemporaryimpairmentsweretakentaxes": 584000000,
        "othercomprehensiveincomeunrealizedholdinggainlossonallinvestmentsotherthaninvestmentsonwhichotherthantemporaryimpairmentsweretakenbeforetaxes": 11277000000,
        "othercomprehensiveincomeunrealizedholdinggainlossonallinvestmentsotherthaninvestmentsonwhichotherthantemporaryimpairmentsweretakentaxes": 3446000000,
        "othercomprehensiveincomeforeigncurrencytransactionandtranslationadjustmentbeforetaxperiodincreasedecrease": 1514000000,
        "othercomprehensiveincomeforeigncurrencytranslationadjustmenttax": 638000000,
        "othercomprehensiveincomederivativesqualifyingashedgesbeforetaxperiodincreasedecrease": 46000000,
        "othercomprehensiveincomederivativesqualifyingashedgestaxeffectperiodincreasedecrease": 44000000,
        "othercomprehensiveincomedefinedbenefitplansadjustmentbeforetaxperiodincreasedecrease": -514000000,
        "othercomprehensiveincomedefinedbenefitplanstax": -110000000,
        "othercomprehensiveincomelossnetoftaxperiodincreasedecrease": 8502000000,
        "comprehensiveincomenetoftaxincludingportionattributabletononcontrollinginterest": 6611000000,
        "comprehensiveincomelossnetoftaxattributabletononcontrollinginterestsother": 379000000,
        "comprehensiveincomelossnetoftaxattributabletononcontrollingnonvotingcallablejuniorandseniorpreferredinterestsheldbyfederalreservebankofnewyork": 388000000,
        "comprehensiveincomenetoftax": 5844000000,
        "premiumsearnednet": 12639000000,
        "netinvestmentincome": 5231000000,
        "otherthantemporaryimpairmentlossesinvestmentsavailableforsalesecurities": 459000000,
        "otherthantemporaryimpairmentlossesinvestmentsportioninothercomprehensiveincomelossbeforetaxincludingportionattributabletononcontrollinginterestavailableforsalesecurities": -345000000,
        "otherthantemporaryimpairmentlossesinvestmentsportionrecognizedinearningsnetavailableforsalesecurities": 804000000,
        "netgainlossexcludingavailableforsaleimpairments": 143000000,
        "realizedinvestmentgainslosses": -661000000,
        "unrealizedmarketvaluationlossesoncapitalmarkets": -152000000,
        "otherincome": 1730000000,
        "revenues": 19091000000,
        "policyholderbenefitsandclaimsincurrednet": 11175000000,
        "sellinggeneralandadministrativeexpense": 3898000000,
        "interestexpense": 2158000000,
        "restructuringsettlementandimpairmentprovisions": 159000000,
        "disposalgroupnotdiscontinuedoperationgainlossondisposal": 4000000,
        "otherexpenses": 1283000000,
        "benefitslossesandexpenses": 18669000000,
        "incomelossfromcontinuingoperationsbeforeincometaxes": 422000000,
        "incometaxexpensebenefit": 469000000,
        "incomelossfromcontinuingoperationsincludingportionattributabletononcontrollinginterest": -47000000,
        "incomelossfromdiscontinuedoperationsnetoftax": -1844000000,
        "netincomelossfromcontinuingoperationsattributabletononcontrollingnonvotingcallablejuniorandseniorpreferredinterestsheldbyfederalreservebankofnewyork": 388000000,
        "netincomelossfromcontinuingoperationsattributabletononcontrollinginterestsother": 104000000,
        "incomelossfromcontinuingoperationsattributabletononcontrollingentity": 492000000,
        "incomelossfromdiscontinuedoperationsnetoftaxattributabletononcontrollinginterest": 12000000,
        "netincomelossattributabletononcontrollinginterest": 504000000,
        "netincomeloss": -2395000000,
        "netincomelossavailabletocommonstockholdersbasic": -2395000000,
        "incomelossfromcontinuingoperationsperbasicshare": -3.97,
        "incomelossfromdiscontinuedoperationsnetoftaxperbasicshare": -13.65,
        "incomelossfromcontinuingoperationsperdilutedshare": -3.97,
        "incomelossfromdiscontinuedoperationsnetoftaxperdilutedshare": -13.65,
        "weightedaveragenumberofsharesoutstandingbasic": 135879125,
        "weightedaveragenumberofdilutedsharesoutstanding": 135879125
    },
    {
        "date": "2010-06-29",
        "symbol": "AIG",
        "period": "Q2",
        "profitloss": -2115000000,
        "othercomprehensiveincomeunrealizedholdinggainlossonfixedmaturityinvestmentsonwhichotherthantemporaryimpairmentsweretakenbeforetaxes": 237000000,
        "othercomprehensiveincomeunrealizedholdinggainlossonfixedmaturityinvestmentsonwhichotherthantemporaryimpairmentsweretakentaxes": 208000000,
        "othercomprehensiveincomeunrealizedholdinggainlossonallinvestmentsotherthaninvestmentsonwhichotherthantemporaryimpairmentsweretakenbeforetaxes": 4789000000,
        "othercomprehensiveincomeunrealizedholdinggainlossonallinvestmentsotherthaninvestmentsonwhichotherthantemporaryimpairmentsweretakentaxes": 1621000000,
        "othercomprehensiveincomeforeigncurrencytransactionandtranslationadjustmentbeforetaxperiodincreasedecrease": -822000000,
        "othercomprehensiveincomeforeigncurrencytranslationadjustmenttax": -325000000,
        "othercomprehensiveincomederivativesqualifyingashedgesbeforetaxperiodincreasedecrease": 13000000,
        "othercomprehensiveincomederivativesqualifyingashedgestaxeffectperiodincreasedecrease": -26000000,
        "othercomprehensiveincomedefinedbenefitplansadjustmentbeforetaxperiodincreasedecrease": 26000000,
        "othercomprehensiveincomedefinedbenefitplanstax": -15000000,
        "othercomprehensiveincomelossnetoftaxperiodincreasedecrease": 2780000000,
        "comprehensiveincomenetoftaxincludingportionattributabletononcontrollinginterest": 665000000,
        "comprehensiveincomelossnetoftaxattributabletononcontrollinginterestsother": 37000000,
        "comprehensiveincomelossnetoftaxattributabletononcontrollingnonvotingcallablejuniorandseniorpreferredinterestsheldbyfederalreservebankofnewyork": 508000000,
        "comprehensiveincomenetoftax": 120000000,
        "premiumsearnednet": 12649000000,
        "netinvestmentincome": 5386000000,
        "otherthantemporaryimpairmentlossesinvestmentsavailableforsalesecurities": 847000000,
        "otherthantemporaryimpairmentlossesinvestmentsportioninothercomprehensiveincomelossbeforetaxincludingportionattributabletononcontrollinginterestavailableforsalesecurities": 251000000,
        "otherthantemporaryimpairmentlossesinvestmentsportionrecognizedinearningsnetavailableforsalesecurities": 596000000,
        "netgainlossexcludingavailableforsaleimpairments": -22000000,
        "realizedinvestmentgainslosses": -618000000,
        "unrealizedmarketvaluationlossesonaigfp": -161000000,
        "otherincome": 2404000000,
        "revenues": 19982000000,
        "policyholderbenefitsandclaimsincurrednet": 10607000000,
        "sellinggeneralandadministrativeexpense": 3968000000,
        "interestexpense": 2009000000,
        "restructuringsettlementandimpairmentprovisions": 70000000,
        "disposalgroupnotdiscontinuedoperationgainlossondisposal": 198000000,
        "otherexpenses": 1923000000,
        "benefitslossesandexpenses": 18379000000,
        "incomelossfromcontinuingoperationsbeforeincometaxes": 1603000000,
        "incometaxexpensebenefit": 311000000,
        "incomelossfromcontinuingoperationsincludingportionattributabletononcontrollinginterest": 1292000000,
        "incomelossfromdiscontinuedoperationsnetoftax": -3407000000,
        "netincomelossfromcontinuingoperationsattributabletononcontrollingnonvotingcallablejuniorandseniorpreferredinterestsheldbyfederalreservebankofnewyork": 508000000,
        "netincomelossfromcontinuingoperationsattributabletononcontrollinginterestsother": 20000000,
        "incomelossfromcontinuingoperationsattributabletononcontrollingentity": 528000000,
        "incomelossfromdiscontinuedoperationsnetoftaxattributabletononcontrollinginterest": 13000000,
        "netincomelossattributabletononcontrollinginterest": 541000000,
        "netincomeloss": -2656000000,
        "netincomelossavailabletocommonstockholdersbasic": -538000000,
        "incomelossfromcontinuingoperationsperbasicshare": 1.14,
        "incomelossfromdiscontinuedoperationsnetoftaxperbasicshare": -5.1,
        "incomelossfromcontinuingoperationsperdilutedshare": 1.14,
        "incomelossfromdiscontinuedoperationsnetoftaxperdilutedshare": -5.1,
        "weightedaveragenumberofsharesoutstandingbasic": 135813034,
        "weightedaveragenumberofdilutedsharesoutstanding": 135869594
    },
    {
        "date": "2009-09-29",
        "symbol": "AIG",
        "period": "Q3",
        "profitloss": -15000000,
        "othercomprehensiveincomeunrealizedholdinggainlossonfixedmaturityinvestmentsonwhichotherthantemporaryimpairmentsweretakenbeforetaxes": 758000000,
        "othercomprehensiveincomeunrealizedholdinggainlossonfixedmaturityinvestmentsonwhichotherthantemporaryimpairmentsweretakentaxes": 221000000,
        "othercomprehensiveincomeunrealizedholdinggainlossonallinvestmentsotherthaninvestmentsonwhichotherthantemporaryimpairmentsweretakenbeforetaxes": 18164000000,
        "othercomprehensiveincomeunrealizedholdinggainlossonallinvestmentsotherthaninvestmentsonwhichotherthantemporaryimpairmentsweretakentaxes": 6481000000,
        "othercomprehensiveincomeforeigncurrencytransactionandtranslationadjustmentbeforetaxperiodincreasedecrease": 408000000,
        "othercomprehensiveincomeforeigncurrencytranslationadjustmenttax": 221000000,
        "othercomprehensiveincomederivativesqualifyingashedgesbeforetaxperiodincreasedecrease": -7000000,
        "othercomprehensiveincomederivativesqualifyingashedgestaxeffectperiodincreasedecrease": -2000000,
        "othercomprehensiveincomedefinedbenefitplansadjustmentbeforetaxperiodincreasedecrease": 127000000,
        "othercomprehensiveincomedefinedbenefitplanstax": 41000000,
        "othercomprehensiveincomelossnetoftaxperiodincreasedecrease": 12488000000,
        "comprehensiveincomenetoftaxincludingportionattributabletononcontrollinginterest": 12473000000,
        "comprehensiveincomenetoftaxattributabletononcontrollinginterest": -445000000,
        "comprehensiveincomenetoftax": 12918000000,
        "premiumsearnednet": 16041000000,
        "netinvestmentincome": 8656000000,
        "otherthantemporaryimpairmentlossesinvestmentsavailableforsalesecurities": 1148000000,
        "otherthantemporaryimpairmentlossesinvestmentsportioninothercomprehensiveincomelossbeforetaxincludingportionattributabletononcontrollinginterestavailableforsalesecurities": 11000000,
        "otherthantemporaryimpairmentlossesinvestmentsportionrecognizedinearningsnetavailableforsalesecurities": 1159000000,
        "netgainlossexcludingavailableforsaleimpairments": -1778000000,
        "realizedinvestmentgainslosses": -2937000000,
        "unrealizedmarketvaluationlossesonaigfp": -959000000,
        "otherincome": 3330000000,
        "revenues": 26049000000,
        "policyholderbenefitsandclaimsincurrednet": 15882000000,
        "sellinggeneralandadministrativeexpense": 4812000000,
        "interestexpense": 2510000000,
        "restructuringsettlementandimpairmentprovisions": 371000000,
        "otherexpenses": 2681000000,
        "benefitslossesandexpenses": 26256000000,
        "incomelossfromcontinuingoperationsbeforeincometaxes": -207000000,
        "incometaxexpensebenefit": -192000000,
        "netincomelossattributabletononcontrollinginterest": -470000000,
        "netincomeloss": 455000000,
        "netincomelossavailabletocommonstockholdersbasic": 92000000,
        "earningspersharebasic": 0.68,
        "earningspersharediluted": 0.68,
        "weightedaveragenumberofsharesoutstandingbasic": 135293841,
        "weightedaveragenumberofdilutedsharesoutstanding": 135456372
    }
]