[
    {
        "date": "2024-09-29",
        "symbol": "IRM",
        "period": "Q3",
        "revenuefromcontractwithcustomerexcludingassessedtax": -1801888000,
        "costofgoodsandserviceexcludingdepreciationdepletionandamortization": 678390000,
        "sellinggeneralandadministrativeexpense": 341929000,
        "depreciationdepletionandamortization": 232240000,
        "businesscombinationseparatelyrecognizedtransactionsexpensesandlossesrecognized": 11262000,
        "restructuringandothercosts": 37282000,
        "gainlossonsalesofassetsandassetimpairmentcharges": -5091000,
        "costsandexpenses": 1306194000,
        "operatingincomeloss": 251164000,
        "othernonoperatingincomeexpense": -86362000,
        "incomelossfromcontinuingoperationsbeforeincometaxesextraordinaryitemsnoncontrollinginterest": -21265000,
        "incometaxexpensebenefit": 12400000,
        "profitloss": -33665000,
        "netincomelossattributabletononcontrollinginterest": -45000,
        "netincomelossavailabletocommonstockholdersbasic": -33620000,
        "earningspersharebasic": -0.10999999999999999,
        "earningspersharediluted": -0.10999999999999999,
        "weightedaveragenumberofsharesoutstandingbasic": 293229000,
        "weightedaveragenumberofdilutedsharesoutstanding": 295912000,
        "investmentincomeinterest": 949000,
        "othercomprehensiveincomelossforeigncurrencytransactionandtranslationadjustmentnetoftax": 107282000,
        "othercomprehensiveincomelosscashflowhedgegainlossbeforereclassificationaftertax": -34281000,
        "othercomprehensiveincomelossnetoftax": 73001000,
        "comprehensiveincomenetoftaxincludingportionattributabletononcontrollinginterest": 39336000,
        "comprehensiveincomenetoftaxattributabletononcontrollinginterest": 376000,
        "comprehensiveincomenetoftax": 38960000
    },
    {
        "date": "2024-06-29",
        "symbol": "IRM",
        "period": "Q2",
        "revenuefromcontractwithcustomerexcludingassessedtax": 919746000,
        "costofgoodsandserviceexcludingdepreciationdepletionandamortization": 675971000,
        "sellinggeneralandadministrativeexpense": 344838000,
        "depreciationdepletionandamortization": 224501000,
        "businesscombinationseparatelyrecognizedtransactionsexpensesandlossesrecognized": 9502000,
        "restructuringandothercosts": 46513000,
        "gainlossonsalesofassetsandassetimpairmentcharges": -2790000,
        "costsandexpenses": 1304115000,
        "operatingincomeloss": 230294000,
        "interestincomeexpensenet": -176521000,
        "othernonoperatingincomeexpense": -5833000,
        "incomelossfromcontinuingoperationsbeforeincometaxesextraordinaryitemsnoncontrollinginterest": 47940000,
        "incometaxexpensebenefit": 13319000,
        "profitloss": 34621000,
        "netincomelossattributabletononcontrollinginterest": -1162000,
        "netincomelossavailabletocommonstockholdersbasic": 35783000,
        "earningspersharebasic": 0.12,
        "earningspersharediluted": 0.12,
        "weightedaveragenumberofsharesoutstandingbasic": 293043000,
        "weightedaveragenumberofdilutedsharesoutstanding": 295529000,
        "investmentincomeinterest": -235000,
        "othercomprehensiveincomelossforeigncurrencytransactionandtranslationadjustmentnetoftax": -31579000,
        "othercomprehensiveincomelosscashflowhedgegainlossbeforereclassificationaftertax": -488000,
        "othercomprehensiveincomelosscashflowhedgegainlossreclassificationaftertax": 0,
        "othercomprehensiveincomelossnetoftax": -32067000,
        "comprehensiveincomenetoftaxincludingportionattributabletononcontrollinginterest": 2554000,
        "comprehensiveincomenetoftaxattributabletononcontrollinginterest": -935000,
        "comprehensiveincomenetoftax": 3489000
    },
    {
        "date": "2024-03-30",
        "symbol": "IRM",
        "period": "Q1",
        "revenuefromcontractwithcustomerexcludingassessedtax": 884842000,
        "costofgoodsandserviceexcludingdepreciationdepletionandamortization": 653255000,
        "sellinggeneralandadministrativeexpense": 319465000,
        "depreciationdepletionandamortization": 209555000,
        "businesscombinationseparatelyrecognizedtransactionsexpensesandlossesrecognized": 7809000,
        "restructuringandothercosts": 40767000,
        "gainlossonsalesofassetsandassetimpairmentcharges": -389000,
        "costsandexpenses": 1231240000,
        "operatingincomeloss": 245623000,
        "interestincomeexpensenet": -164519000,
        "othernonoperatingincomeexpense": 12530000,
        "incomelossfromcontinuingoperationsbeforeincometaxesextraordinaryitemsnoncontrollinginterest": 93634000,
        "incometaxexpensebenefit": 16609000,
        "profitloss": 77025000,
        "netincomelossattributabletononcontrollinginterest": 2964000,
        "netincomelossavailabletocommonstockholdersbasic": 74061000,
        "earningspersharebasic": 0.25,
        "earningspersharediluted": 0.25,
        "weightedaveragenumberofsharesoutstandingbasic": 292746000,
        "weightedaveragenumberofdilutedsharesoutstanding": 295221000,
        "investmentincomeinterest": 3660000,
        "othercomprehensiveincomelossforeigncurrencytransactionandtranslationadjustmentnetoftax": -67269000,
        "othercomprehensiveincomelosscashflowhedgegainlossbeforereclassificationaftertax": 11388000,
        "othercomprehensiveincomelosscashflowhedgegainlossreclassificationaftertax": 2528000,
        "othercomprehensiveincomelossnetoftax": -58409000,
        "comprehensiveincomenetoftaxincludingportionattributabletononcontrollinginterest": 18616000,
        "comprehensiveincomenetoftaxattributabletononcontrollinginterest": 2196000,
        "comprehensiveincomenetoftax": 16420000
    },
    {
        "date": "2023-12-30",
        "symbol": "IRM",
        "period": "Q4",
        "revenuefromcontractwithcustomerexcludingassessedtax": 871144000,
        "costofgoodsandserviceexcludingdepreciationdepletionandamortization": 601329000,
        "sellinggeneralandadministrativeexpense": 314932000,
        "depreciationdepletionandamortization": 199941000,
        "businesscombinationseparatelyrecognizedtransactionsexpensesandlossesrecognized": 12860000,
        "restructuringandothercosts": 53853000,
        "gainlossonsalesofassetsandassetimpairmentcharges": -6157000,
        "costsandexpenses": 1189072000,
        "operatingincomeloss": 230757000,
        "interestincomeexpensenet": -151784000,
        "othernonoperatingincomeexpense": -40761000,
        "incomelossfromcontinuingoperationsbeforeincometaxesextraordinaryitemsnoncontrollinginterest": 38212000,
        "incometaxexpensebenefit": 9018000,
        "profitloss": 29194000,
        "netincomelossattributabletononcontrollinginterest": 712000,
        "netincomelossavailabletocommonstockholdersbasic": 28482000,
        "weightedaveragenumberofsharesoutstandingbasic": 291936000,
        "weightedaveragenumberofdilutedsharesoutstanding": 293965000,
        "investmentincomeinterest": 3215000,
        "othercomprehensiveincomelossforeigncurrencytransactionandtranslationadjustmentnetoftax": 102564000,
        "othercomprehensiveincomelossnetoftax": 86946000,
        "comprehensiveincomenetoftaxincludingportionattributabletononcontrollinginterest": 116140000,
        "comprehensiveincomenetoftaxattributabletononcontrollinginterest": 811000,
        "comprehensiveincomenetoftax": 115329000
    },
    {
        "date": "2023-09-29",
        "symbol": "IRM",
        "period": "Q3",
        "revenuefromcontractwithcustomerexcludingassessedtax": 858656000,
        "costofgoodsandserviceexcludingdepreciationdepletionandamortization": 592201000,
        "sellinggeneralandadministrativeexpense": 315030000,
        "depreciationdepletionandamortization": 198757000,
        "businesscombinationseparatelyrecognizedtransactionsexpensesandlossesrecognized": 9909000,
        "restructuringandothercosts": 38861000,
        "gainlossonsalesofassetsandassetimpairmentcharges": 4416000,
        "costsandexpenses": 1150342000,
        "operatingincomeloss": 237833000,
        "interestincomeexpensenet": -152801000,
        "othernonoperatingincomeexpense": 16271000,
        "incomelossfromcontinuingoperationsbeforeincometaxesextraordinaryitemsnoncontrollinginterest": 101303000,
        "incometaxexpensebenefit": 9912000,
        "profitloss": 91391000,
        "netincomelossattributabletononcontrollinginterest": 348000,
        "netincomelossavailabletocommonstockholdersbasic": 91043000,
        "earningspersharebasic": 0.31,
        "earningspersharediluted": 0.31,
        "weightedaveragenumberofsharesoutstandingbasic": 292148000,
        "weightedaveragenumberofdilutedsharesoutstanding": 294269000,
        "investmentincomeinterest": 4059000,
        "othercomprehensiveincomelossforeigncurrencytransactionandtranslationadjustmentnetoftax": -80168000,
        "othercomprehensiveincomelosscashflowhedgegainlossbeforereclassificationaftertax": 6184000,
        "othercomprehensiveincomelosscashflowhedgegainlossreclassificationaftertax": 2527000,
        "othercomprehensiveincomelossnetoftax": -76511000,
        "comprehensiveincomenetoftaxincludingportionattributabletononcontrollinginterest": 14880000,
        "comprehensiveincomenetoftaxattributabletononcontrollinginterest": -404000,
        "comprehensiveincomenetoftax": 15284000
    },
    {
        "date": "2023-06-29",
        "symbol": "IRM",
        "period": "Q2",
        "revenuefromcontractwithcustomerexcludingassessedtax": 1528540000,
        "costofgoodsandserviceexcludingdepreciationdepletionandamortization": 592644000,
        "sellinggeneralandadministrativeexpense": 311805000,
        "depreciationdepletionandamortization": 195367000,
        "businesscombinationseparatelyrecognizedtransactionsexpensesandlossesrecognized": 1511000,
        "restructuringandothercosts": 45588000,
        "gainlossonsalesofassetsandassetimpairmentcharges": 1505000,
        "costsandexpenses": 1145410000,
        "operatingincomeloss": 212526000,
        "interestincomeexpensenet": -144178000,
        "othernonoperatingincomeexpense": -62950000,
        "incomelossfromcontinuingoperationsbeforeincometaxesextraordinaryitemsnoncontrollinginterest": 5398000,
        "incometaxexpensebenefit": 4255000,
        "profitloss": 1143000,
        "netincomelossattributabletononcontrollinginterest": 1029000,
        "netincomelossavailabletocommonstockholdersbasic": 114000,
        "earningspersharebasic": 0,
        "earningspersharediluted": 0,
        "weightedaveragenumberofsharesoutstandingbasic": 191000,
        "weightedaveragenumberofdilutedsharesoutstanding": 239000,
        "investmentincomeinterest": 2290000,
        "othercomprehensiveincomelossforeigncurrencytransactionandtranslationadjustmentnetoftax": 18035000,
        "othercomprehensiveincomelossnetoftax": 23404000,
        "comprehensiveincomenetoftaxincludingportionattributabletononcontrollinginterest": 24547000,
        "comprehensiveincomenetoftaxattributabletononcontrollinginterest": 909000,
        "comprehensiveincomenetoftax": 23638000
    },
    {
        "date": "2023-03-30",
        "symbol": "IRM",
        "period": "Q1",
        "revenuefromcontractwithcustomerexcludingassessedtax": 112305000,
        "costofgoodsandserviceexcludingdepreciationdepletionandamortization": 571626000,
        "sellinggeneralandadministrativeexpense": 294520000,
        "depreciationdepletionandamortization": 182094000,
        "businesscombinationseparatelyrecognizedtransactionsexpensesandlossesrecognized": 1595000,
        "restructuringandothercosts": 36913000,
        "gainlossonsalesofassetsandassetimpairmentcharges": 13061000,
        "costsandexpenses": 1073687000,
        "operatingincomeloss": 240662000,
        "interestincomeexpensenet": -137169000,
        "othernonoperatingincomeexpense": -21200000,
        "incomelossfromcontinuingoperationsbeforeincometaxesextraordinaryitemsnoncontrollinginterest": 82293000,
        "incometaxexpensebenefit": 16758000,
        "profitloss": 65535000,
        "netincomelossattributabletononcontrollinginterest": 940000,
        "netincomelossavailabletocommonstockholdersbasic": 64595000,
        "earningspersharebasic": 0.22,
        "earningspersharediluted": 0.22,
        "weightedaveragenumberofsharesoutstandingbasic": 291442000,
        "weightedaveragenumberofdilutedsharesoutstanding": 293049000,
        "investmentincomeinterest": 2907000,
        "othercomprehensiveincomelossforeigncurrencytransactionandtranslationadjustmentnetoftax": 40226000,
        "othercomprehensiveincomelosscashflowhedgegainlossafterreclassificationandtax": -3442000,
        "othercomprehensiveincomelossnetoftax": 36784000,
        "comprehensiveincomenetoftaxincludingportionattributabletononcontrollinginterest": 102319000,
        "comprehensiveincomenetoftaxattributabletononcontrollinginterest": 1489000,
        "comprehensiveincomenetoftax": 100830000
    },
    {
        "date": "2022-12-30",
        "symbol": "IRM",
        "period": "Q4",
        "revenuefromcontractwithcustomerexcludingassessedtax": -1158834000,
        "costofgoodsandserviceexcludingdepreciationdepletionandamortization": 539981000,
        "sellinggeneralandadministrativeexpense": 279161000,
        "depreciationdepletionandamortization": -418798000,
        "businesscombinationseparatelyrecognizedtransactionsexpensesandlossesrecognized": 9653000,
        "gainlossonsalesofassetsandassetimpairmentcharges": 27144000,
        "costsandexpenses": 1030851000,
        "operatingincomeloss": 248198000,
        "interestincomeexpensenet": -136748000,
        "othernonoperatingincomeexpense": 31595000,
        "incomelossfromcontinuingoperationsbeforeincometaxesextraordinaryitemsnoncontrollinginterest": 143045000,
        "incometaxexpensebenefit": 17392000,
        "profitloss": 125653000,
        "netincomelossattributabletononcontrollinginterest": 3216000,
        "netincomelossavailabletocommonstockholdersbasic": 122437000,
        "earningspersharebasic": 0.4199999999999998,
        "earningspersharediluted": 0.4199999999999997,
        "weightedaveragenumberofsharesoutstandingbasic": -581209000,
        "weightedaveragenumberofdilutedsharesoutstanding": -584441000,
        "investmentincomeinterest": 2281000,
        "othercomprehensiveincomelossforeigncurrencytransactionandtranslationadjustmentnetoftax": 221465000,
        "othercomprehensiveincomelossnetoftax": 148084000,
        "comprehensiveincomenetoftaxincludingportionattributabletononcontrollinginterest": 273737000,
        "comprehensiveincomenetoftaxattributabletononcontrollinginterest": 3822000,
        "comprehensiveincomenetoftax": 269915000
    },
    {
        "date": "2022-09-29",
        "symbol": "IRM",
        "period": "Q3",
        "operatingleaseleaseincome": 34621000,
        "revenuefromcontractwithcustomerexcludingassessedtax": 526575000,
        "revenues": 100309000,
        "costofgoodsandserviceexcludingdepreciationdepletionandamortization": 546041000,
        "sellinggeneralandadministrativeexpense": 285299000,
        "depreciationdepletionandamortization": 175077000,
        "businesscombinationseparatelyrecognizedtransactionsexpensesandlossesrecognized": 5554000,
        "restructuringcharges": 3382000,
        "gainlossonsalesofassetsandassetimpairmentcharges": 14170000,
        "costsandexpenses": 1001183000,
        "operatingincomeloss": 285762000,
        "interestincomeexpensenet": -121767000,
        "othernonoperatingincomeexpense": 52870000,
        "incomelossfromcontinuingoperationsbeforeincometaxesextraordinaryitemsnoncontrollinginterest": 216865000,
        "incometaxexpensebenefit": 23934000,
        "profitloss": 192931000,
        "netincomelossattributabletononcontrollinginterest": 767000,
        "netincomelossavailabletocommonstockholdersbasic": 192164000,
        "earningspersharebasic": 0.66,
        "earningspersharediluted": 0.66,
        "weightedaveragenumberofsharesoutstandingbasic": 290937000,
        "weightedaveragenumberofdilutedsharesoutstanding": 292552000,
        "investmentincomeinterest": 2176000,
        "othercomprehensiveincomelossforeigncurrencytransactionandtranslationadjustmentnetoftax": -175098000,
        "othercomprehensiveincomelossderivativegainlossnetoftax": 32233000,
        "othercomprehensiveincomelossnetoftax": -142865000,
        "comprehensiveincomenetoftaxincludingportionattributabletononcontrollinginterest": 50066000,
        "comprehensiveincomenetoftaxattributabletononcontrollinginterest": 408000,
        "comprehensiveincomenetoftax": 49658000
    },
    {
        "date": "2022-06-29",
        "symbol": "IRM",
        "period": "Q2",
        "operatingleaseleaseincome": 30713000,
        "revenuefromcontractwithcustomerexcludingassessedtax": 536408000,
        "revenues": 100088000,
        "costofgoodsandserviceexcludingdepreciationdepletionandamortization": 556476000,
        "sellinggeneralandadministrativeexpense": 295394000,
        "depreciationdepletionandamortization": 178254000,
        "businesscombinationseparatelyrecognizedtransactionsexpensesandlossesrecognized": 16878000,
        "gainlossonsalesofassetsandassetimpairmentcharges": 51249000,
        "costsandexpenses": 995753000,
        "operatingincomeloss": 293781000,
        "interestincomeexpensenet": -115057000,
        "othernonoperatingincomeexpense": 41217000,
        "incomelossfromcontinuingoperationsbeforeincometaxesextraordinaryitemsnoncontrollinginterest": 219941000,
        "incometaxexpensebenefit": 18083000,
        "profitloss": 201858000,
        "netincomelossattributabletononcontrollinginterest": 1777000,
        "netincomelossavailabletocommonstockholdersbasic": 200081000,
        "earningspersharebasic": 0.69,
        "earningspersharediluted": 0.68,
        "weightedaveragenumberofsharesoutstandingbasic": 290756000,
        "weightedaveragenumberofdilutedsharesoutstanding": 292487000,
        "investmentincomeinterest": 2171000,
        "othercomprehensiveincomelossforeigncurrencytransactionandtranslationadjustmentnetoftax": -187786000,
        "othercomprehensiveincomelossderivativegainlossnetoftax": 34211000,
        "othercomprehensiveincomelossnetoftax": -153575000,
        "comprehensiveincomenetoftaxincludingportionattributabletononcontrollinginterest": 48283000,
        "comprehensiveincomenetoftaxattributabletononcontrollinginterest": 819000,
        "comprehensiveincomenetoftax": 47464000
    },
    {
        "date": "2022-03-30",
        "symbol": "IRM",
        "period": "Q1",
        "operatingleaseleaseincome": 28318000,
        "revenuefromcontractwithcustomerexcludingassessedtax": 496976000,
        "revenues": 96987000,
        "costofgoodsandserviceexcludingdepreciationdepletionandamortization": 546622000,
        "sellinggeneralandadministrativeexpense": 280723000,
        "depreciationdepletionandamortization": 183615000,
        "businesscombinationseparatelyrecognizedtransactionsexpensesandlossesrecognized": 15661000,
        "gainlossonsalesofassetsandassetimpairmentcharges": 705000,
        "costsandexpenses": 1025916000,
        "operatingincomeloss": 222130000,
        "interestincomeexpensenet": -114442000,
        "othernonoperatingincomeexpense": -55901000,
        "incomelossfromcontinuingoperationsbeforeincometaxesextraordinaryitemsnoncontrollinginterest": 51787000,
        "incometaxexpensebenefit": 10080000,
        "profitloss": 41707000,
        "netincomelossattributabletononcontrollinginterest": -592000,
        "netincomelossavailabletocommonstockholdersbasic": 42299000,
        "earningspersharebasic": 0.15,
        "earningspersharediluted": 0.14,
        "weightedaveragenumberofsharesoutstandingbasic": 290328000,
        "weightedaveragenumberofdilutedsharesoutstanding": 291846000,
        "investmentincomeinterest": 1648000,
        "othercomprehensiveincomelossforeigncurrencytransactionandtranslationadjustmentnetoftax": 27453000,
        "othercomprehensiveincomelossderivativegainlossnetoftax": 16766000,
        "othercomprehensiveincomelossnetoftax": 44219000,
        "comprehensiveincomenetoftaxincludingportionattributabletononcontrollinginterest": 85926000,
        "comprehensiveincomenetoftaxattributabletononcontrollinginterest": -362000,
        "comprehensiveincomenetoftax": 86288000
    },
    {
        "date": "2021-12-30",
        "symbol": "IRM",
        "period": "Q4",
        "operatingleaseleaseincome": 66300000,
        "revenuefromcontractwithcustomerexcludingassessedtax": -1107165000,
        "revenues": 90226000,
        "costofgoodsandserviceexcludingdepreciationdepletionandamortization": 479078000,
        "sellinggeneralandadministrativeexpense": 262461000,
        "depreciationdepletionandamortization": -443273000,
        "restructuringcharges": 98512000,
        "gainlossonsalesofassetsandassetimpairmentcharges": 37720000,
        "costsandexpenses": 963185000,
        "operatingincomeloss": 196402000,
        "interestincomeexpensenet": -104510000,
        "othernonoperatingincomeexpense": -7214000,
        "incometaxexpensebenefit": 23217000,
        "profitloss": 61461000,
        "netincomelossattributabletononcontrollinginterest": -187000,
        "netincomelossavailabletocommonstockholdersbasic": 61648000,
        "weightedaveragenumberofsharesoutstandingbasic": -578308000,
        "weightedaveragenumberofdilutedsharesoutstanding": -581114000,
        "investmentincomeinterest": 1483000,
        "othercomprehensiveincomelossforeigncurrencytransactionandtranslationadjustmentnetoftax": -21335000,
        "othercomprehensiveincomelossnetoftax": -4460000,
        "comprehensiveincomenetoftaxincludingportionattributabletononcontrollinginterest": 57001000,
        "comprehensiveincomenetoftaxattributabletononcontrollinginterest": -753000,
        "comprehensiveincomenetoftax": 57754000
    },
    {
        "date": "2021-09-29",
        "symbol": "IRM",
        "period": "Q3",
        "operatingleaseleaseincome": 14639000,
        "revenuefromcontractwithcustomerexcludingassessedtax": 411534000,
        "revenues": 88587000,
        "costofgoodsandserviceexcludingdepreciationdepletionandamortization": 481663000,
        "sellinggeneralandadministrativeexpense": 241596000,
        "depreciationdepletionandamortization": 174818000,
        "businesscombinationseparatelyrecognizedtransactionsexpensesandlossesrecognized": 1138000,
        "restructuringcharges": 37785000,
        "gainlossonsalesofassetsandassetimpairmentcharges": 935000,
        "costsandexpenses": 948712000,
        "operatingincomeloss": 181436000,
        "interestincomeexpensenet": -103809000,
        "othernonoperatingincomeexpense": 18501000,
        "incomelossfromcontinuingoperationsbeforeincometaxesextraordinaryitemsnoncontrollinginterest": 96128000,
        "incometaxexpensebenefit": 28017000,
        "profitloss": 68111000,
        "netincomelossattributabletononcontrollinginterest": 428000,
        "netincomelossavailabletocommonstockholdersbasic": 67683000,
        "incomelossfromcontinuingoperationsperbasicshare": 0.23,
        "incomelossfromcontinuingoperationsperdilutedshare": 0.23,
        "weightedaveragenumberofsharesoutstandingbasic": 289762000,
        "weightedaveragenumberofdilutedsharesoutstanding": 291482000,
        "investmentincomeinterest": 2160000,
        "othercomprehensiveincomelossforeigncurrencytransactionandtranslationadjustmentnetoftax": -91263000,
        "othercomprehensiveincomelossderivativegainlossnetoftax": 14665000,
        "othercomprehensiveincomelossnetoftax": -76598000,
        "comprehensiveincomenetoftaxincludingportionattributabletononcontrollinginterest": -8487000,
        "comprehensiveincomenetoftaxattributabletononcontrollinginterest": -370000,
        "comprehensiveincomenetoftax": -8117000
    },
    {
        "date": "2021-06-29",
        "symbol": "IRM",
        "period": "Q2",
        "operatingleaseleaseincome": 718272000,
        "revenuefromcontractwithcustomerexcludingassessedtax": 401484000,
        "revenues": 1119756000,
        "costofgoodsandserviceexcludingdepreciationdepletionandamortization": 474579000,
        "sellinggeneralandadministrativeexpense": 259779000,
        "depreciationdepletionandamortization": 166685000,
        "businesscombinationseparatelyrecognizedtransactionsexpensesandlossesrecognized": 2277000,
        "restructuringcharges": 39443000,
        "gainlossonsalesofassetsandassetimpairmentcharges": 128935000,
        "costsandexpenses": 813828000,
        "operatingincomeloss": 305928000,
        "interestincomeexpensenet": -105220000,
        "othernonoperatingincomeexpense": 186230000,
        "incomelossfromcontinuingoperationsbeforeincometaxesextraordinaryitemsnoncontrollinginterest": 386938000,
        "incometaxexpensebenefit": 110416000,
        "profitloss": 276522000,
        "netincomelossattributabletononcontrollinginterest": 1237000,
        "netincomelossavailabletocommonstockholdersbasic": 275285000,
        "incomelossfromcontinuingoperationsperbasicshare": 0.95,
        "incomelossfromcontinuingoperationsperdilutedshare": 0.95,
        "weightedaveragenumberofsharesoutstandingbasic": 289247000,
        "weightedaveragenumberofdilutedsharesoutstanding": 291079000,
        "investmentincomeinterest": 1127000,
        "othercomprehensiveincomelossforeigncurrencytransactionandtranslationadjustmentnetoftax": 42543000,
        "othercomprehensiveincomelossderivativegainlossnetoftax": 5634000,
        "othercomprehensiveincomelossnetoftax": 48177000,
        "comprehensiveincomenetoftaxincludingportionattributabletononcontrollinginterest": 324699000,
        "comprehensiveincomenetoftaxattributabletononcontrollinginterest": 1156000,
        "comprehensiveincomenetoftax": 323543000
    },
    {
        "date": "2021-03-30",
        "symbol": "IRM",
        "period": "Q1",
        "operatingleaseleaseincome": 708056000,
        "revenuefromcontractwithcustomerexcludingassessedtax": 373984000,
        "revenues": 1082040000,
        "costofgoodsandserviceexcludingdepreciationdepletionandamortization": 451909000,
        "sellinggeneralandadministrativeexpense": 258723000,
        "depreciationdepletionandamortization": 165642000,
        "restructuringcharges": 39811000,
        "gainlossonsalesofassetsandassetimpairmentcharges": 4451000,
        "costsandexpenses": 911634000,
        "operatingincomeloss": 170406000,
        "interestincomeexpensenet": -104422000,
        "othernonoperatingincomeexpense": -4713000,
        "incomelossfromcontinuingoperationsbeforeincometaxesextraordinaryitemsnoncontrollinginterest": 61271000,
        "incometaxexpensebenefit": 14640000,
        "profitloss": 46631000,
        "netincomelossattributabletononcontrollinginterest": 1028000,
        "netincomelossavailabletocommonstockholdersbasic": 45603000,
        "incomelossfromcontinuingoperationsperbasicshare": 0.16,
        "incomelossfromcontinuingoperationsperdilutedshare": 0.16,
        "weightedaveragenumberofsharesoutstandingbasic": 288756000,
        "weightedaveragenumberofdilutedsharesoutstanding": 289528000,
        "investmentincomeinterest": 2571000,
        "othercomprehensiveincomelossforeigncurrencytransactionandtranslationadjustmentnetoftax": -66355000,
        "othercomprehensiveincomelossderivativegainlossnetoftax": 15206000,
        "othercomprehensiveincomelossnetoftax": -51149000,
        "comprehensiveincomenetoftaxincludingportionattributabletononcontrollinginterest": -4518000,
        "comprehensiveincomenetoftaxattributabletononcontrollinginterest": 897000,
        "comprehensiveincomenetoftax": -5415000
    },
    {
        "date": "2020-12-30",
        "symbol": "IRM",
        "period": "Q4",
        "revenuefromcontractwithcustomerexcludingassessedtax": 362359000,
        "revenues": 1059653000,
        "costofgoodsandserviceexcludingdepreciationdepletionandamortization": 449223000,
        "sellinggeneralandadministrativeexpense": 236440000,
        "depreciationdepletionandamortization": 168383000,
        "restructuringcharges": 65681000,
        "gainlossonsalesofassetsandassetimpairmentcharges": 285367000,
        "costsandexpenses": 634360000,
        "operatingincomeloss": 425293000,
        "interestincomeexpensenet": -105127000,
        "othernonoperatingincomeexpense": -77106000,
        "incometaxexpensebenefit": -3695000,
        "incomelossfromcontinuingoperationsincludingportionattributabletononcontrollinginterest": 246755000,
        "profitloss": 246755000,
        "netincomelossattributabletononcontrollinginterest": -655000,
        "netincomelossavailabletocommonstockholdersbasic": 247410000,
        "incomelossfromcontinuingoperationsperbasicshare": 0.8600000000000001,
        "earningspersharebasic": 0.8600000000000001,
        "incomelossfromcontinuingoperationsperdilutedshare": 0.8600000000000001,
        "earningspersharediluted": 0.8600000000000001,
        "weightedaveragenumberofsharesoutstandingbasic": 78000,
        "weightedaveragenumberofdilutedsharesoutstanding": 172000,
        "investmentincomeinterest": 1821000,
        "othercomprehensiveincomelossforeigncurrencytransactionandtranslationadjustmentnetoftax": 155521000,
        "othercomprehensiveincomelossnetoftax": 127081000,
        "comprehensiveincomenetoftaxincludingportionattributabletononcontrollinginterest": 373836000,
        "comprehensiveincomenetoftaxattributabletononcontrollinginterest": -859000,
        "comprehensiveincomenetoftax": 374695000
    },
    {
        "date": "2020-09-29",
        "symbol": "IRM",
        "period": "Q3",
        "revenuefromcontractwithcustomerexcludingassessedtax": 340353000,
        "revenues": 1036647000,
        "costofgoodsandserviceexcludingdepreciationdepletionandamortization": 434505000,
        "sellinggeneralandadministrativeexpense": 232095000,
        "depreciationdepletionandamortization": 157252000,
        "restructuringcharges": 48371000,
        "gainlossonsalesofassetsandassetimpairmentcharges": 75840000,
        "costsandexpenses": 796383000,
        "operatingincomeloss": 240264000,
        "interestincomeexpensenet": -104303000,
        "othernonoperatingincomeexpense": -83465000,
        "incomelossfromcontinuingoperationsbeforeincometaxesextraordinaryitemsnoncontrollinginterest": 52496000,
        "incometaxexpensebenefit": 13934000,
        "incomelossfromcontinuingoperationsincludingportionattributabletononcontrollinginterest": 38562000,
        "profitloss": 38562000,
        "netincomelossattributabletononcontrollinginterest": 168000,
        "netincomelossavailabletocommonstockholdersbasic": 38394000,
        "incomelossfromcontinuingoperationsperbasicshare": 0.12999999999999998,
        "earningspersharebasic": 0.12999999999999998,
        "incomelossfromcontinuingoperationsperdilutedshare": 0.12999999999999998,
        "earningspersharediluted": 0.12999999999999998,
        "weightedaveragenumberofsharesoutstandingbasic": 150000,
        "weightedaveragenumberofdilutedsharesoutstanding": 170000,
        "investmentincomeinterest": 2476000,
        "othercomprehensiveincomelossforeigncurrencytransactionandtranslationadjustmentnetoftax": 44883000,
        "othercomprehensiveincomelossderivativegainlossnetoftax": -184000,
        "othercomprehensiveincomelossnetoftax": 44699000,
        "comprehensiveincomenetoftaxincludingportionattributabletononcontrollinginterest": 83261000,
        "comprehensiveincomenetoftaxattributabletononcontrollinginterest": 522000,
        "comprehensiveincomenetoftax": 82739000
    },
    {
        "date": "2020-06-29",
        "symbol": "IRM",
        "period": "Q2",
        "profitloss": -7113000,
        "othercomprehensiveincomelossforeigncurrencytransactionandtranslationadjustmentnetoftax": 69027000,
        "othercomprehensiveincomelossderivativegainlossnetoftax": -2961000,
        "othercomprehensiveincomelossnetoftax": 66066000,
        "comprehensiveincomenetoftaxincludingportionattributabletononcontrollinginterest": 58953000,
        "comprehensiveincomenetoftaxattributabletononcontrollinginterest": 314000,
        "comprehensiveincomenetoftax": 58639000,
        "revenuefromcontractwithcustomerexcludingassessedtax": 6920000,
        "revenues": 982239000,
        "costofgoodsandserviceexcludingdepreciationdepletionandamortization": 406693000,
        "sellinggeneralandadministrativeexpense": 241947000,
        "depreciationdepletionandamortization": 163850000,
        "restructuringcharges": 39298000,
        "assetimpairmentcharges": 0,
        "gainlossonsalesofassetsandassetimpairmentcharges": 1275000,
        "costsandexpenses": 850513000,
        "operatingincomeloss": 131726000,
        "interestincomeexpensenet": -103456000,
        "othernonoperatingincomeexpense": -25700000,
        "incomelossfromcontinuingoperationsbeforeincometaxesextraordinaryitemsnoncontrollinginterest": 2570000,
        "incometaxexpensebenefit": 9683000,
        "incomelossfromcontinuingoperationsincludingportionattributabletononcontrollinginterest": -7113000,
        "netincomelossattributabletononcontrollinginterest": -27000,
        "netincomelossavailabletocommonstockholdersbasic": -7086000,
        "incomelossfromcontinuingoperationsperbasicshare": -0.01999999999999999,
        "earningspersharebasic": -0.01999999999999999,
        "incomelossfromcontinuingoperationsperdilutedshare": -0.01999999999999999,
        "earningspersharediluted": -0.01999999999999999,
        "weightedaveragenumberofsharesoutstandingbasic": 115000,
        "weightedaveragenumberofdilutedsharesoutstanding": -58000,
        "investmentincomeinterest": 2567000
    },
    {
        "date": "2020-03-30",
        "symbol": "IRM",
        "period": "Q1",
        "profitloss": 64892000,
        "othercomprehensiveincomelossforeigncurrencytransactionandtranslationadjustmentnetoftax": -223652000,
        "othercomprehensiveincomelossderivativegainlossnetoftax": -8362000,
        "othercomprehensiveincomelossnetoftax": -232014000,
        "comprehensiveincomenetoftaxincludingportionattributabletononcontrollinginterest": -167122000,
        "comprehensiveincomenetoftaxattributabletononcontrollinginterest": -430000,
        "comprehensiveincomenetoftax": -166692000,
        "revenuefromcontractwithcustomerexcludingassessedtax": 683547000,
        "revenues": 1068731000,
        "costofgoodsandserviceexcludingdepreciationdepletionandamortization": 466921000,
        "sellinggeneralandadministrativeexpense": 238733000,
        "depreciationdepletionandamortization": 162584000,
        "restructuringcharges": 41046000,
        "assetimpairmentcharges": 23000000,
        "gainlossonsalesofassetsandassetimpairmentcharges": 1055000,
        "costsandexpenses": 931229000,
        "operatingincomeloss": 137502000,
        "interestincomeexpensenet": -105649000,
        "othernonoperatingincomeexpense": 42726000,
        "incomelossfromcontinuingoperationsbeforeincometaxesextraordinaryitemsnoncontrollinginterest": 74579000,
        "incometaxexpensebenefit": 9687000,
        "incomelossfromcontinuingoperationsincludingportionattributabletononcontrollinginterest": 64892000,
        "netincomelossattributabletononcontrollinginterest": 917000,
        "netincomelossavailabletocommonstockholdersbasic": 63975000,
        "incomelossfromcontinuingoperationsperbasicshare": 0.22,
        "earningspersharebasic": 0.22,
        "incomelossfromcontinuingoperationsperdilutedshare": 0.22,
        "earningspersharediluted": 0.22,
        "weightedaveragenumberofsharesoutstandingbasic": 287840000,
        "weightedaveragenumberofdilutedsharesoutstanding": 288359000,
        "investmentincomeinterest": 1448000
    },
    {
        "date": "2019-12-30",
        "symbol": "IRM",
        "period": "Q4",
        "profitloss": 37104000,
        "othercomprehensiveincomelossforeigncurrencytransactionandtranslationadjustmentnetoftax": 83189000,
        "othercomprehensiveincomelosscashflowhedgegainlossafterreclassificationandtax": 318000,
        "othercomprehensiveincomelossnetoftax": 83507000,
        "comprehensiveincomenetoftaxincludingportionattributabletononcontrollinginterest": 120611000,
        "comprehensiveincomenetoftaxattributabletononcontrollinginterest": -711000,
        "comprehensiveincomenetoftax": 121322000,
        "revenuefromcontractwithcustomerexcludingassessedtax": -424083000,
        "sellinggeneralandadministrativeexpense": 229185000,
        "depreciationdepletionandamortization": 173826000,
        "costsandexpenses": 873516000,
        "operatingincomeloss": 206074000,
        "interestincomeexpensenet": -104871000,
        "othernonoperatingincomeexpense": -47295000,
        "incometaxexpensebenefit": 16804000,
        "incomelossfromcontinuingoperationsincludingportionattributabletononcontrollinginterest": 37104000,
        "netincomelossattributabletononcontrollinginterest": -596000,
        "netincomelossavailabletocommonstockholdersbasic": 37700000,
        "incomelossfromcontinuingoperationsperbasicshare": 0.13000000000000003,
        "earningspersharebasic": 0.13000000000000003,
        "incomelossfromcontinuingoperationsperdilutedshare": 0.13000000000000003,
        "earningspersharediluted": 0.13000000000000003,
        "weightedaveragenumberofsharesoutstandingbasic": 102000,
        "weightedaveragenumberofdilutedsharesoutstanding": 132000,
        "investmentincomeinterest": 1755000
    },
    {
        "date": "2019-09-29",
        "symbol": "IRM",
        "period": "Q3",
        "profitloss": 108284000,
        "othercomprehensiveincomelossforeigncurrencytransactionandtranslationadjustmentnetoftax": -83595000,
        "othercomprehensiveincomelosscashflowhedgegainlossafterreclassificationandtax": -1496000,
        "othercomprehensiveincomelossnetoftax": -85091000,
        "comprehensiveincomenetoftaxincludingportionattributabletononcontrollinginterest": 23193000,
        "comprehensiveincomenetoftaxattributabletononcontrollinginterest": -100000,
        "comprehensiveincomenetoftax": 23293000,
        "revenuefromcontractwithcustomerexcludingassessedtax": 1297801000,
        "sellinggeneralandadministrativeexpense": 239156000,
        "depreciationdepletionandamortization": 305253000,
        "gainlossonsalesofassetsandassetimpairmentcharges": 9284000,
        "costsandexpenses": 838750000,
        "operatingincomeloss": 223474000,
        "interestincomeexpensenet": -106677000,
        "othernonoperatingincomeexpense": 13415000,
        "incometaxexpensebenefit": 21928000,
        "incomelossfromcontinuingoperationsincludingportionattributabletononcontrollinginterest": 108284000,
        "incomelossfromdiscontinuedoperationsnetoftax": 0,
        "netincomelossattributabletononcontrollinginterest": 609000,
        "netincomelossavailabletocommonstockholdersbasic": 107675000,
        "incomelossfromcontinuingoperationsperbasicshare": 0.38,
        "earningspersharebasic": 0.38,
        "incomelossfromcontinuingoperationsperdilutedshare": 0.38,
        "earningspersharediluted": 0.38,
        "weightedaveragenumberofsharesoutstandingbasic": -286584000,
        "weightedaveragenumberofdilutedsharesoutstanding": -287418000,
        "investmentincomeinterest": 1558000
    },
    {
        "date": "2019-06-29",
        "symbol": "IRM",
        "period": "Q2",
        "profitloss": 92475000,
        "othercomprehensiveincomelossforeigncurrencytransactionandtranslationadjustmentnetoftax": -5791000,
        "othercomprehensiveincomelosscashflowhedgegainlossafterreclassificationandtax": -4931000,
        "othercomprehensiveincomelossnetoftax": -10722000,
        "comprehensiveincomenetoftaxincludingportionattributabletononcontrollinginterest": 81753000,
        "comprehensiveincomenetoftaxattributabletononcontrollinginterest": 173000,
        "comprehensiveincomenetoftax": 81580000,
        "revenuefromcontractwithcustomerexcludingassessedtax": 669288000,
        "costofgoodsandserviceexcludingdepreciationdepletionandamortization": 465102000,
        "sellinggeneralandadministrativeexpense": 252764000,
        "depreciationdepletionandamortization": 164331000,
        "gainlossonsalesofassetsandassetimpairmentcharges": 8405000,
        "costsandexpenses": 873792000,
        "operatingincomeloss": 193115000,
        "interestincomeexpensenet": -105314000,
        "othernonoperatingincomeexpense": 15192000,
        "incomelossfromcontinuingoperationsbeforeincometaxesextraordinaryitemsnoncontrollinginterest": 102993000,
        "incometaxexpensebenefit": 10646000,
        "incomelossfromcontinuingoperationsincludingportionattributabletononcontrollinginterest": 92347000,
        "incomelossfromdiscontinuedoperationsnetoftax": 128000,
        "netincomelossattributabletononcontrollinginterest": 34000,
        "netincomelossavailabletocommonstockholdersbasic": 92441000,
        "incomelossfromcontinuingoperationsperbasicshare": 0.32,
        "earningspersharebasic": 0.32,
        "incomelossfromcontinuingoperationsperdilutedshare": 0.32,
        "earningspersharediluted": 0.32,
        "weightedaveragenumberofsharesoutstandingbasic": 286925000,
        "weightedaveragenumberofdilutedsharesoutstanding": 287481000,
        "investmentincomeinterest": 1461000
    },
    {
        "date": "2019-03-30",
        "symbol": "IRM",
        "period": "Q1",
        "profitloss": 30452000,
        "othercomprehensiveincomelossforeigncurrencytransactionandtranslationadjustmentnetoftax": 18191000,
        "othercomprehensiveincomelosscashflowhedgegainlossafterreclassificationandtax": -2674000,
        "othercomprehensiveincomelossnetoftax": 15517000,
        "comprehensiveincomenetoftaxincludingportionattributabletononcontrollinginterest": 45969000,
        "comprehensiveincomenetoftaxattributabletononcontrollinginterest": 1704000,
        "comprehensiveincomenetoftax": 44265000,
        "revenuefromcontractwithcustomerexcludingassessedtax": 38491000,
        "costofservicesexcludingdepreciationdepletionandamortization": 461544000,
        "sellinggeneralandadministrativeexpense": 270559000,
        "depreciationdepletionandamortization": 14791000,
        "gainlossonsalesofassetsandassetimpairmentcharges": -602000,
        "costsandexpenses": 895188000,
        "operatingincomeloss": 158675000,
        "interestincomeexpensenet": -102436000,
        "othernonoperatingincomeexpense": -15210000,
        "incomelossfromcontinuingoperationsbeforeincometaxesextraordinaryitemsminorityinterestandgainlossondispositionofrealestate": 41029000,
        "incometaxexpensebenefit": 10553000,
        "incomelossfromcontinuingoperationsincludingportionattributabletononcontrollinginterest": 30476000,
        "incomelossfromdiscontinuedoperationsnetoftax": -24000,
        "netincomelossattributabletononcontrollinginterest": 891000,
        "netincomelossavailabletocommonstockholdersbasic": 29561000,
        "incomelossfromcontinuingoperationsperbasicshare": 0.1,
        "earningspersharebasic": 0.1,
        "incomelossfromcontinuingoperationsperdilutedshare": 0.1,
        "earningspersharediluted": 0.1,
        "weightedaveragenumberofsharesoutstandingbasic": 286528000,
        "weightedaveragenumberofdilutedsharesoutstanding": 287492000,
        "investmentincomeinterest": 1785000
    },
    {
        "date": "2018-12-30",
        "symbol": "IRM",
        "period": "Q4",
        "profitloss": -301674000,
        "othercomprehensiveincomelossforeigncurrencytransactionandtranslationadjustmentnetoftax": 4309000,
        "othercomprehensiveincomelossnetoftax": 70561000,
        "comprehensiveincomenetoftaxincludingportionattributabletononcontrollinginterest": -231113000,
        "comprehensiveincomenetoftaxattributabletononcontrollinginterest": 1144000,
        "comprehensiveincomenetoftax": -231113000,
        "costofservicesexcludingdepreciationdepletionandamortization": -351857000,
        "sellinggeneralandadministrativeexpense": -509127000,
        "depreciationdepletionandamortization": 15562000,
        "gainlossonsaleofassetsandassetimpairmentchargesexcludingrealestate": 7190000,
        "costsandexpenses": -6459000,
        "operatingincomeloss": 356482000,
        "interestincomeexpensenet": -49737000,
        "othernonoperatingincomeexpense": -279000,
        "incomelossfromcontinuingoperationsbeforeincometaxesextraordinaryitemsminorityinterestandgainlossondispositionofrealestate": -321927000,
        "incometaxexpensebenefit": -24466000,
        "incomelossfromcontinuingoperationsincludingportionattributabletononcontrollinginterest": 793900000,
        "incomelossfromdiscontinuedoperationsnetoftax": -40000,
        "netincomelossattributabletononcontrollinginterest": 713000,
        "netincomelossavailabletocommonstockholdersbasic": -301674000,
        "incomelossfromcontinuingoperationsperbasicshare": 0.5499999999999999,
        "earningspersharebasic": 0.5499999999999999,
        "incomelossfromcontinuingoperationsperdilutedshare": 0.5499999999999999,
        "earningspersharediluted": 0.5499999999999999,
        "weightedaveragenumberofsharesoutstandingbasic": -571489000,
        "weightedaveragenumberofdilutedsharesoutstanding": -572890878,
        "commonstockdividendspersharedeclared": 0.6112000000000002,
        "investmentincomeinterest": 1505000
    },
    {
        "date": "2018-09-29",
        "symbol": "IRM",
        "period": "Q3",
        "profitloss": -143848000,
        "othercomprehensiveincomelossforeigncurrencytransactionandtranslationadjustmentnetoftax": 2139000,
        "othercomprehensiveincomelosscashflowhedgegainlossafterreclassificationandtax": 1980000,
        "othercomprehensiveincomelossnetoftax": 39372000,
        "comprehensiveincomenetoftaxincludingportionattributabletononcontrollinginterest": -104476000,
        "comprehensiveincomenetoftaxattributabletononcontrollinginterest": -2104000,
        "comprehensiveincomenetoftax": -104476000,
        "revenuefromcontractwithcustomerexcludingassessedtax": 33538000,
        "costofservicesexcludingdepreciationdepletionandamortization": 448018000,
        "sellinggeneralandadministrativeexpense": 258470000,
        "depreciationdepletionandamortization": 14688000,
        "gainlossonsaleofassetsandassetimpairmentchargesexcludingrealestate": 321000,
        "costsandexpenses": -5522000,
        "operatingincomeloss": 193578000,
        "interestincomeexpensenet": -49964000,
        "othernonoperatingincomeexpense": -439000,
        "incomelossfromcontinuingoperationsbeforeincometaxesextraordinaryitemsminorityinterestandgainlossondispositionofrealestate": 76462000,
        "incometaxexpensebenefit": 8287000,
        "gainlossonsaleofpropertiesnetofapplicableincometaxes": 1348000,
        "incomelossfromcontinuingoperationsincludingportionattributabletononcontrollinginterest": -143848000,
        "incomelossfromdiscontinuedoperationsnetoftax": -11605000,
        "netincomelossattributabletononcontrollinginterest": -125000,
        "netincomelossavailabletocommonstockholdersbasic": -143848000,
        "incomelossfromcontinuingoperationsperbasicshare": 0.27,
        "incomelossfromdiscontinuedoperationsnetoftaxperbasicshare": -0.04,
        "earningspersharebasic": 0.23,
        "incomelossfromcontinuingoperationsperdilutedshare": 0.27,
        "incomelossfromdiscontinuedoperationsnetoftaxperdilutedshare": -0.04,
        "earningspersharediluted": 0.23,
        "weightedaveragenumberofsharesoutstandingbasic": 286159000,
        "weightedaveragenumberofdilutedsharesoutstanding": 286982000,
        "commonstockdividendspersharedeclared": 0.5876,
        "investmentincomeinterest": 1382000
    },
    {
        "date": "2018-06-29",
        "symbol": "IRM",
        "period": "Q2",
        "profitloss": -186260000,
        "othercomprehensiveincomelossforeigncurrencytransactionandtranslationadjustmentnetoftax": 10257000,
        "othercomprehensiveincomelosscashflowhedgegainlossafterreclassificationandtax": 2388000,
        "othercomprehensiveincomelossnetoftax": 275878000,
        "comprehensiveincomenetoftaxincludingportionattributabletononcontrollinginterest": 89618000,
        "comprehensiveincomenetoftaxattributabletononcontrollinginterest": -3274000,
        "comprehensiveincomenetoftax": 89618000,
        "revenuefromcontractwithcustomerexcludingassessedtax": 25850000,
        "costofservicesexcludingdepreciationdepletionandamortization": 451464000,
        "sellinggeneralandadministrativeexpense": 250326000,
        "depreciationdepletionandamortization": 15345000,
        "gainlossonsaleofassetsandassetimpairmentchargesexcludingrealestate": 462000,
        "costsandexpenses": -5521000,
        "operatingincomeloss": 201664000,
        "interestincomeexpensenet": -50313000,
        "othernonoperatingincomeexpense": -2767000,
        "incomelossfromcontinuingoperationsbeforeincometaxesextraordinaryitemsminorityinterestandgainlossondispositionofrealestate": 92208000,
        "incometaxexpensebenefit": 12509000,
        "incomelossfromcontinuingoperationsincludingportionattributabletononcontrollinginterest": -186260000,
        "incomelossfromdiscontinuedoperationsnetoftax": -360000,
        "netincomelossattributabletononcontrollinginterest": 142000,
        "netincomelossavailabletocommonstockholdersbasic": -186260000,
        "incomelossfromcontinuingoperationsperbasicshare": 0.32,
        "earningspersharebasic": 0.33,
        "incomelossfromcontinuingoperationsperdilutedshare": 0.32,
        "earningspersharediluted": 0.33,
        "weightedaveragenumberofsharesoutstandingbasic": 285984000,
        "weightedaveragenumberofdilutedsharesoutstanding": 286569000,
        "commonstockdividendspersharedeclared": 0.5877,
        "investmentincomeinterest": 2280000
    },
    {
        "date": "2018-03-30",
        "symbol": "IRM",
        "period": "Q1",
        "profitloss": -90679000,
        "othercomprehensiveincomelossforeigncurrencytransactionandtranslationadjustmentnetoftax": -5635000,
        "othercomprehensiveincomelossderivativesqualifyingashedgesnetoftax": -185000,
        "othercomprehensiveincomelossnetoftax": -74068000,
        "comprehensiveincomenetoftaxincludingportionattributabletononcontrollinginterest": -164747000,
        "comprehensiveincomenetoftaxattributabletononcontrollinginterest": 2027000,
        "comprehensiveincomenetoftax": -164747000,
        "informationstoragerevenue": 15890000,
        "servicerevenue": 8316000,
        "salesrevenueservicesnet": 24206000,
        "costofservicesexcludingdepreciationdepletionandamortization": 246163000,
        "sellinggeneralandadministrativeexpense": 43000,
        "depreciationdepletionandamortization": 16025000,
        "gainlossonsaleofassetsandassetimpairmentchargesexcludingrealestate": 356000,
        "costsandexpenses": -5696000,
        "operatingincomeloss": -76000,
        "interestincomeexpensenet": -49941000,
        "othernonoperatingincomeexpense": 1157000,
        "incomelossfromcontinuingoperationsbeforeincometaxesextraordinaryitemsminorityinterestandgainlossondispositionofrealestate": -48860000,
        "incometaxexpensebenefit": -6712000,
        "incomelossfromcontinuingoperationsincludingportionattributabletononcontrollinginterest": -90679000,
        "incomelossfromdiscontinuedoperationsnetoftax": -422000,
        "netincomelossattributabletononcontrollinginterest": 468000,
        "netincomelossavailabletocommonstockholdersbasic": -90679000,
        "incomelossfromcontinuingoperationsperbasicshare": 0.16,
        "earningspersharebasic": 0.16,
        "incomelossfromcontinuingoperationsperdilutedshare": 0.16,
        "earningspersharediluted": 0.16,
        "weightedaveragenumberofsharesoutstandingbasic": 285259000,
        "weightedaveragenumberofdilutedsharesoutstanding": 285992878,
        "commonstockdividendspersharedeclared": 0.5888,
        "investmentincomeinterest": 1386000
    },
    {
        "date": "2017-09-29",
        "symbol": "IRM",
        "period": "Q3",
        "profitloss": -101717000,
        "othercomprehensiveincomelossforeigncurrencytransactionandtranslationadjustmentnetoftax": -4211000,
        "othercomprehensiveincomelossnetoftax": -68666000,
        "comprehensiveincomenetoftaxincludingportionattributabletononcontrollinginterest": -170383000,
        "comprehensiveincomenetoftaxattributabletononcontrollinginterest": -727000,
        "comprehensiveincomenetoftax": -170383000,
        "informationstoragerevenue": 681733000,
        "servicerevenue": 381896000,
        "salesrevenueservicesnet": 17328000,
        "costofservicesexcludingdepreciationdepletionandamortization": 343602000,
        "sellinggeneralandadministrativeexpense": -203000,
        "depreciationdepletionandamortization": 14863000,
        "gainlossonsaleofassetsandassetimpairmentchargesexcludingrealestate": 1292000,
        "costsandexpenses": 24626000,
        "operatingincomeloss": 158000,
        "interestincomeexpensenet": -41369000,
        "othernonoperatingincomeexpense": -43258000,
        "incomelossfromcontinuingoperationsbeforeincometaxesextraordinaryitemsminorityinterestandgainlossondispositionofrealestate": -84469000,
        "incometaxexpensebenefit": 11791000,
        "incomelossfromcontinuingoperationsincludingportionattributabletononcontrollinginterest": -101717000,
        "incomelossfromdiscontinuedoperationsnetoftax": -678000,
        "netincomelossattributabletononcontrollinginterest": -21000,
        "netincomelossavailabletocommonstockholdersbasic": -101717000,
        "incomelossfromcontinuingoperationsperbasicshare": 0.09,
        "earningspersharebasic": 0.09,
        "incomelossfromcontinuingoperationsperdilutedshare": 0.1,
        "earningspersharediluted": 0.09,
        "weightedaveragenumberofsharesoutstandingbasic": -263649000,
        "weightedaveragenumberofdilutedsharesoutstanding": -264447395,
        "commonstockdividendspersharedeclared": 0.5535000000000001,
        "investmentincomeinterest": -2371000
    },
    {
        "date": "2017-06-29",
        "symbol": "IRM",
        "period": "Q2",
        "profitloss": -163769000,
        "othercomprehensiveincomelossforeigncurrencytransactionandtranslationadjustmentnetoftax": -7076000,
        "othercomprehensiveincomelossnetoftax": -29612000,
        "comprehensiveincomenetoftaxincludingportionattributabletononcontrollinginterest": -193381000,
        "comprehensiveincomenetoftaxattributabletononcontrollinginterest": 2381000,
        "comprehensiveincomenetoftax": -193381000,
        "informationstoragerevenue": 197781000,
        "servicerevenue": 130227000,
        "salesrevenueservicesnet": 19943000,
        "costofservicesexcludingdepreciationdepletionandamortization": 177393000,
        "sellinggeneralandadministrativeexpense": 273000,
        "depreciationdepletionandamortization": 14189000,
        "gainlossonsaleofassetsandassetimpairmentchargesexcludingrealestate": -26000,
        "costsandexpenses": -22790000,
        "operatingincomeloss": -316000,
        "interestincomeexpensenet": -40377000,
        "othernonoperatingincomeexpense": -339000,
        "incomelossfromcontinuingoperationsbeforeincometaxesextraordinaryitemsminorityinterestandgainlossondispositionofrealestate": -41032000,
        "incometaxexpensebenefit": 7563000,
        "gainlossonsaleofpropertiesnetofapplicableincometaxes": 1563000,
        "incomelossfromcontinuingoperationsincludingportionattributabletononcontrollinginterest": -163769000,
        "discontinuedoperationincomelossfromdiscontinuedoperationduringphaseoutperiodnetoftax": -871000,
        "incomelossfromdiscontinuedoperationsnetoftax": -1155000,
        "netincomelossattributabletononcontrollinginterest": 2492000,
        "netincomelossavailabletocommonstockholdersbasic": -163769000,
        "incomelossfromcontinuingoperationsperbasicshare": 0.31,
        "incomelossfromdiscontinuedoperationsnetoftaxperbasicshare": -0.01,
        "earningspersharebasic": 0.3,
        "incomelossfromcontinuingoperationsperdilutedshare": 0.3,
        "incomelossfromdiscontinuedoperationsnetoftaxperdilutedshare": -0.01,
        "earningspersharediluted": 0.3,
        "weightedaveragenumberofsharesoutstandingbasic": 264217000,
        "weightedaveragenumberofdilutedsharesoutstanding": 264930419,
        "commonstockdividendspersharedeclared": 0.5504,
        "investmentincomeinterest": 5797000
    },
    {
        "date": "2017-03-30",
        "symbol": "IRM",
        "period": "Q1",
        "profitloss": -133499000,
        "othercomprehensiveincomelossforeigncurrencytransactionandtranslationadjustmentnetoftax": -1072000,
        "othercomprehensiveincomelossnetoftax": -81868000,
        "comprehensiveincomenetoftaxincludingportionattributabletononcontrollinginterest": -215367000,
        "comprehensiveincomenetoftaxattributabletononcontrollinginterest": -168000,
        "comprehensiveincomenetoftax": -215367000,
        "informationstoragerevenue": 190922000,
        "servicerevenue": 132338000,
        "salesrevenueservicesnet": 15016000,
        "costofservicesexcludingdepreciationdepletionandamortization": 179828000,
        "sellinggeneralandadministrativeexpense": 79000,
        "depreciationdepletionandamortization": 13266000,
        "gainlossonsaleofassetsandassetimpairmentchargesexcludingrealestate": -87000,
        "costsandexpenses": -23439000,
        "operatingincomeloss": -125000,
        "interestincomeexpensenet": -42784000,
        "othernonoperatingincomeexpense": -81000,
        "incomelossfromcontinuingoperationsbeforeincometaxesextraordinaryitemsminorityinterestandgainlossondispositionofrealestate": -42990000,
        "incometaxexpensebenefit": -36000,
        "incomelossfromcontinuingoperationsincludingportionattributabletononcontrollinginterest": -133499000,
        "incomelossfromdiscontinuedoperationsnetoftax": 198000,
        "netincomelossattributabletononcontrollinginterest": 382000,
        "netincomelossavailabletocommonstockholdersbasic": -133499000,
        "incomelossfromcontinuingoperationsperbasicshare": 0.22,
        "earningspersharebasic": 0.22,
        "incomelossfromcontinuingoperationsperdilutedshare": 0.22,
        "earningspersharediluted": 0.22,
        "weightedaveragenumberofsharesoutstandingbasic": 263855000,
        "weightedaveragenumberofdilutedsharesoutstanding": 264809666,
        "commonstockdividendspersharedeclared": 0.5504,
        "investmentincomeinterest": 2293000
    },
    {
        "date": "2016-09-29",
        "symbol": "IRM",
        "period": "Q3",
        "profitloss": 720000,
        "othercomprehensiveincomelossforeigncurrencytransactionandtranslationadjustmentnetoftax": 461000,
        "othercomprehensiveincomelossnetoftax": -20579000,
        "comprehensiveincomenetoftaxincludingportionattributabletononcontrollinginterest": -26980000,
        "comprehensiveincomenetoftaxattributabletononcontrollinginterest": 1181000,
        "comprehensiveincomenetoftax": -26980000,
        "informationstoragerevenue": 419464000,
        "servicerevenue": 296455000,
        "salesrevenueservicesnet": 15499000,
        "costofservicesexcludingdepreciationdepletionandamortization": 176068000,
        "sellinggeneralandadministrativeexpense": 28000,
        "depreciationdepletionandamortization": 15046000,
        "gainlossonsaleofassetsandassetimpairmentchargesexcludingrealestate": 152000,
        "costsandexpenses": -21542000,
        "operatingincomeloss": -73000,
        "interestincomeexpensenet": -21689000,
        "othernonoperatingincomeexpense": 6962000,
        "incomelossfromcontinuingoperationsbeforeincometaxesextraordinaryitemsminorityinterestandgainlossondispositionofrealestate": -14800000,
        "incometaxexpensebenefit": -22000,
        "incomelossfromcontinuingoperationsincludingportionattributabletononcontrollinginterest": -6401000,
        "netincomelossattributabletononcontrollinginterest": 720000,
        "netincomelossavailabletocommonstockholdersbasic": -6401000,
        "incomelossfromcontinuingoperationsperbasicshare": 0.010000000000000009,
        "earningspersharebasic": 0.020000000000000018,
        "incomelossfromcontinuingoperationsperdilutedshare": 0.010000000000000009,
        "earningspersharediluted": 0.020000000000000018,
        "weightedaveragenumberofsharesoutstandingbasic": 11437000,
        "weightedaveragenumberofdilutedsharesoutstanding": 11491000,
        "commonstockdividendspersharedeclared": 0.4834999999999999,
        "investmentincomeinterest": 2118000
    },
    {
        "date": "2016-06-29",
        "symbol": "IRM",
        "period": "Q2",
        "profitloss": 835000,
        "othercomprehensiveincomelossforeigncurrencytransactionandtranslationadjustmentnetoftax": -82000,
        "othercomprehensiveincomelossavailableforsalesecuritiesadjustmentnetoftax": 0,
        "othercomprehensiveincomelossnetoftax": 5394000,
        "comprehensiveincomenetoftaxincludingportionattributabletononcontrollinginterest": -97905000,
        "comprehensiveincomenetoftaxattributabletononcontrollinginterest": 753000,
        "comprehensiveincomenetoftax": -97905000,
        "informationstoragerevenue": -55959000,
        "servicerevenue": -37390000,
        "salesrevenueservicesnet": 15141000,
        "costofservicesexcludingdepreciationdepletionandamortization": 171849000,
        "sellinggeneralandadministrativeexpense": 521000,
        "depreciationdepletionandamortization": 10514000,
        "gainlossonsaleofassetsandassetimpairmentchargesexcludingrealestate": -213000,
        "costsandexpenses": -20916000,
        "operatingincomeloss": -565000,
        "interestincomeexpensenet": -28069000,
        "othernonoperatingincomeexpense": -50845000,
        "incomelossfromcontinuingoperationsbeforeincometaxesextraordinaryitemsminorityinterestandgainlossondispositionofrealestate": -79479000,
        "incometaxexpensebenefit": 852000,
        "incomelossfromcontinuingoperationsincludingportionattributabletononcontrollinginterest": -297530000,
        "netincomelossattributabletononcontrollinginterest": 835000,
        "netincomelossavailabletocommonstockholdersbasic": -103299000,
        "incomelossfromcontinuingoperationsperbasicshare": -0.09,
        "earningspersharebasic": -0.09,
        "incomelossfromcontinuingoperationsperdilutedshare": -0.09,
        "earningspersharediluted": -0.09,
        "weightedaveragenumberofsharesoutstandingbasic": 17431000,
        "weightedaveragenumberofdilutedsharesoutstanding": 17558000,
        "commonstockdividendspersharedeclared": 0.5198,
        "investmentincomeinterest": 2144000
    },
    {
        "date": "2016-03-30",
        "symbol": "IRM",
        "period": "Q1",
        "profitloss": 267000,
        "othercomprehensiveincomelossforeigncurrencytransactionandtranslationadjustmentnetoftax": 487000,
        "othercomprehensiveincomelossavailableforsalesecuritiesadjustmentnetoftax": -734000,
        "othercomprehensiveincomelossnetoftax": -50648000,
        "comprehensiveincomenetoftaxincludingportionattributabletononcontrollinginterest": -181838000,
        "comprehensiveincomenetoftaxattributabletononcontrollinginterest": 754000,
        "comprehensiveincomenetoftax": -181838000,
        "informationstoragerevenue": 124609000,
        "servicerevenue": 89530000,
        "salesrevenueservicesnet": 14449000,
        "costofservicesexcludingdepreciationdepletionandamortization": 116777000,
        "sellinggeneralandadministrativeexpense": 72000,
        "depreciationdepletionandamortization": 10647000,
        "gainlossonsaleofassetsandassetimpairmentchargesexcludingrealestate": -113000,
        "costsandexpenses": -18358000,
        "operatingincomeloss": -117000,
        "interestincomeexpensenet": -39984000,
        "othernonoperatingincomeexpense": -886000,
        "incomelossfromcontinuingoperationsbeforeincometaxesextraordinaryitemsminorityinterestandgainlossondispositionofrealestate": -40987000,
        "incometaxexpensebenefit": 1174000,
        "incomelossfromcontinuingoperationsincludingportionattributabletononcontrollinginterest": 63041000,
        "netincomelossattributabletononcontrollinginterest": 267000,
        "netincomelossavailabletocommonstockholdersbasic": -131190000,
        "incomelossfromcontinuingoperationsperbasicshare": 0.3,
        "earningspersharebasic": 0.3,
        "incomelossfromcontinuingoperationsperdilutedshare": 0.3,
        "earningspersharediluted": 0.3,
        "weightedaveragenumberofsharesoutstandingbasic": 211526000,
        "weightedaveragenumberofdilutedsharesoutstanding": 212471000,
        "commonstockdividendspersharedeclared": 0.4853,
        "investmentincomeinterest": 1287000
    },
    {
        "date": "2015-09-29",
        "symbol": "IRM",
        "period": "Q3",
        "profitloss": -42737000,
        "othercomprehensiveincomelossforeigncurrencytransactionandtranslationadjustmentnetoftax": -85000,
        "othercomprehensiveincomelossavailableforsalesecuritiesadjustmentnetoftax": -134000,
        "othercomprehensiveincomelossnetoftax": 77003000,
        "comprehensiveincomenetoftaxincludingportionattributabletononcontrollinginterest": 34266000,
        "comprehensiveincomenetoftaxattributabletononcontrollinginterest": -384000,
        "comprehensiveincomenetoftax": 34266000,
        "informationstoragerevenue": 122552000,
        "servicerevenue": 90689000,
        "salesrevenueservicesnet": 5577000,
        "costofservicesexcludingdepreciationdepletionandamortization": 115595000,
        "sellinggeneralandadministrativeexpense": 19000,
        "depreciationdepletionandamortization": 9593000,
        "gainlossonsaleofassetsandassetimpairmentchargesexcludingrealestate": -22000,
        "costsandexpenses": -17285000,
        "operatingincomeloss": -64000,
        "interestincomeexpensenet": -39302000,
        "othernonoperatingincomeexpense": -686000,
        "incomelossfromcontinuingoperationsbeforeincometaxesextraordinaryitemsminorityinterestandgainlossondispositionofrealestate": -40052000,
        "incometaxexpensebenefit": 5943000,
        "gainlossonsaleofpropertiesnetofapplicableincometaxes": 850000,
        "incomelossfromcontinuingoperationsincludingportionattributabletononcontrollinginterest": 23517000,
        "netincomelossattributabletononcontrollinginterest": 407000,
        "netincomelossavailabletocommonstockholdersbasic": -42737000,
        "incomelossfromcontinuingoperationsperbasicshare": 0.11,
        "earningspersharebasic": 0.11,
        "incomelossfromcontinuingoperationsperdilutedshare": 0.11,
        "earningspersharediluted": 0.11,
        "weightedaveragenumberofsharesoutstandingbasic": 210912000,
        "weightedaveragenumberofdilutedsharesoutstanding": 211917000,
        "commonstockdividendspersharedeclared": 0.4751,
        "investmentincomeinterest": 1132000
    },
    {
        "date": "2015-06-29",
        "symbol": "IRM",
        "period": "Q2",
        "profitloss": 677000,
        "othercomprehensiveincomelossforeigncurrencytransactionandtranslationadjustmentnetoftax": -332000,
        "othercomprehensiveincomelossavailableforsalesecuritiesadjustmentnetoftax": 0,
        "othercomprehensiveincomelossnetoftax": -8282000,
        "comprehensiveincomenetoftaxincludingportionattributabletononcontrollinginterest": -108003000,
        "comprehensiveincomenetoftaxattributabletononcontrollinginterest": 345000,
        "comprehensiveincomenetoftax": -108003000,
        "informationstoragerevenue": 124492000,
        "servicerevenue": 93149000,
        "salesrevenueservicesnet": -433461000,
        "costofservicesexcludingdepreciationdepletionandamortization": 123561000,
        "sellinggeneralandadministrativeexpense": 24000,
        "depreciationdepletionandamortization": -26291000,
        "gainlossonsaleofassetsandassetimpairmentchargesexcludingrealestate": -75000,
        "costsandexpenses": -23181000,
        "operatingincomeloss": -69000,
        "interestincomeexpensenet": -39222000,
        "othernonoperatingincomeexpense": -1127000,
        "incomelossfromcontinuingoperationsbeforeincometaxesextraordinaryitemsminorityinterestandgainlossondispositionofrealestate": -40418000,
        "incometaxexpensebenefit": 3645000,
        "incomelossfromcontinuingoperationsincludingportionattributabletononcontrollinginterest": 54007000,
        "netincomelossattributabletononcontrollinginterest": 677000,
        "netincomelossavailabletocommonstockholdersbasic": -99721000,
        "incomelossfromcontinuingoperationsperbasicshare": 0.25,
        "earningspersharebasic": 0.25,
        "incomelossfromcontinuingoperationsperdilutedshare": 0.25,
        "earningspersharediluted": 0.26,
        "weightedaveragenumberofsharesoutstandingbasic": 231000,
        "weightedaveragenumberofdilutedsharesoutstanding": -86088,
        "commonstockdividendspersharedeclared": 0.47519999999999996,
        "investmentincomeinterest": 831000
    },
    {
        "date": "2015-03-30",
        "symbol": "IRM",
        "period": "Q1",
        "profitloss": 643000,
        "othercomprehensiveincomelossforeigncurrencytransactionandtranslationadjustmentnetoftax": -101000,
        "othercomprehensiveincomelossavailableforsalesecuritiesadjustmentnetoftax": 23000,
        "othercomprehensiveincomelossnetoftax": 132824000,
        "comprehensiveincomenetoftaxincludingportionattributabletononcontrollinginterest": 66675000,
        "comprehensiveincomenetoftaxattributabletononcontrollinginterest": 542000,
        "comprehensiveincomenetoftax": 66675000,
        "informationstoragerevenue": 123412000,
        "servicerevenue": 92992000,
        "salesrevenueservicesnet": 442687000,
        "costofservicesexcludingdepreciationdepletionandamortization": 117828000,
        "sellinggeneralandadministrativeexpense": 73000,
        "depreciationdepletionandamortization": 45303000,
        "gainlossonsaleofassetsandassetimpairmentchargesexcludingrealestate": -11000,
        "costsandexpenses": -16771000,
        "operatingincomeloss": -119000,
        "interestincomeexpensenet": -39170000,
        "othernonoperatingincomeexpense": 2038000,
        "incomelossfromcontinuingoperationsbeforeincometaxesextraordinaryitemsminorityinterestandgainlossondispositionofrealestate": -37251000,
        "incometaxexpensebenefit": 3183000,
        "incomelossfromcontinuingoperationsincludingportionattributabletononcontrollinginterest": 41739000,
        "netincomelossattributabletononcontrollinginterest": 643000,
        "netincomelossavailabletocommonstockholdersbasic": -66149000,
        "incomelossfromcontinuingoperationsperbasicshare": 0.2,
        "earningspersharebasic": 0.2,
        "incomelossfromcontinuingoperationsperdilutedshare": 0.2,
        "earningspersharediluted": 0.19,
        "weightedaveragenumberofsharesoutstandingbasic": 210237000,
        "weightedaveragenumberofdilutedsharesoutstanding": 212249088,
        "commonstockdividendspersharedeclared": 0.4747,
        "investmentincomeinterest": 814000
    },
    {
        "date": "2014-06-29",
        "symbol": "IRM",
        "period": "Q2",
        "informationstoragerevenue": 466889000,
        "servicerevenue": 320003000,
        "salesrevenueservicesnet": 492296000,
        "costofservicesexcludingdepreciationdepletionandamortization": 336961000,
        "sellinggeneralandadministrativeexpense": 36000,
        "depreciationdepletionandamortization": 9397000,
        "gainlossonsalesofassetsandassetimpairmentcharges": 107000,
        "costsandexpenses": 639602000,
        "operatingincomeloss": 147290000,
        "interestexpense": 62201000,
        "othernonoperatingincomeexpense": 4838000,
        "incomelossfromcontinuingoperationsbeforeincometaxesminorityinterestandincomelossfromequitymethodinvestments": 89927000,
        "incometaxexpensebenefit": -182775000,
        "incomelossfromcontinuingoperationsincludingportionattributabletononcontrollinginterest": 272702000,
        "discontinuedoperationincomelossfromdiscontinuedoperationduringphaseoutperiodnetoftax": 9000,
        "profitloss": 272376000,
        "netincomelossattributabletononcontrollinginterest": 739000,
        "netincomelossavailabletocommonstockholdersbasic": 271637000,
        "incomelossfromcontinuingoperationsperbasicshare": 1.42,
        "earningspersharebasic": 1.41,
        "incomelossfromcontinuingoperationsperdilutedshare": 1.41,
        "earningspersharediluted": 1.4,
        "weightedaveragenumberofsharesoutstandingbasic": 192381000,
        "weightedaveragenumberofdilutedsharesoutstanding": 193526000,
        "commonstockdividendspersharedeclared": 0.2705,
        "othercomprehensiveincomelossforeigncurrencytransactionandtranslationadjustmentnetoftax": 4526000,
        "othercomprehensiveincomelossavailableforsalesecuritiesadjustmentnetoftax": 548000,
        "othercomprehensiveincomelossnetoftax": 5074000,
        "comprehensiveincomenetoftaxincludingportionattributabletononcontrollinginterest": 277450000,
        "comprehensiveincomenetoftaxattributabletononcontrollinginterest": 1165000,
        "comprehensiveincomenetoftax": 276285000,
        "investmentincomeinterest": 1378000
    },
    {
        "date": "2014-03-30",
        "symbol": "IRM",
        "period": "Q1",
        "informationstoragerevenue": 458889000,
        "servicerevenue": 16150000,
        "salesrevenueservicesnet": 2840000,
        "costofservicesexcludingdepreciationdepletionandamortization": 335145000,
        "sellinggeneralandadministrativeexpense": 214780000,
        "depreciationdepletionandamortization": 7138000,
        "gainlossonsalesofassetsandassetimpairmentcharges": -1000,
        "costsandexpenses": -17358000,
        "operatingincomeloss": 142075000,
        "interestexpense": 62312000,
        "othernonoperatingincomeexpense": 20000,
        "incomelossfromcontinuingoperationsbeforeincometaxesminorityinterestandincomelossfromequitymethodinvestments": 74446000,
        "incometaxexpensebenefit": 31725000,
        "incomelossfromcontinuingoperationsincludingportionattributabletononcontrollinginterest": -119580000,
        "discontinuedoperationincomelossfromdiscontinuedoperationduringphaseoutperiodnetoftax": 13000,
        "profitloss": 442000,
        "netincomelossattributabletononcontrollinginterest": 442000,
        "netincomelossavailabletocommonstockholdersbasic": -119580000,
        "incomelossfromcontinuingoperationsperbasicshare": 0.22,
        "earningspersharebasic": 0.22,
        "incomelossfromcontinuingoperationsperdilutedshare": 0.22,
        "earningspersharediluted": 0.22,
        "weightedaveragenumberofsharesoutstandingbasic": 191879000,
        "weightedaveragenumberofdilutedsharesoutstanding": 193069000,
        "commonstockdividendspersharedeclared": 0.27,
        "investmentincomeinterest": 1526000,
        "othercomprehensiveincomelossforeigncurrencytransactionandtranslationadjustmentnetoftax": 111000,
        "othercomprehensiveincomelossnetoftax": 1788000,
        "comprehensiveincomenetoftaxincludingportionattributabletononcontrollinginterest": 43897000,
        "comprehensiveincomenetoftaxattributabletononcontrollinginterest": 553000,
        "comprehensiveincomenetoftax": 43344000
    },
    {
        "date": "2013-09-29",
        "symbol": "IRM",
        "period": "Q3",
        "informationstoragerevenue": -530449000,
        "servicerevenue": -600476000,
        "salesrevenueservicesnet": -428146000,
        "sellinggeneralandadministrativeexpense": 225205000,
        "depreciationdepletionandamortization": 7648000,
        "gainlossonsalesofassetsandassetimpairmentcharges": -2207000,
        "costsandexpenses": -386499000,
        "operatingincomeloss": 140283000,
        "interestexpense": 64485000,
        "othernonoperatingincomeexpense": -15449000,
        "incomelossfromcontinuingoperationsbeforeincometaxesminorityinterestandincomelossfromequitymethodinvestments": 150938000,
        "incometaxexpensebenefit": 24317000,
        "incomelossfromcontinuingoperationsincludingportionattributabletononcontrollinginterest": 178991000,
        "discontinuedoperationincomelossfromdiscontinuedoperationduringphaseoutperiodnetoftax": -606000,
        "profitloss": 130509000,
        "netincomelossattributabletononcontrollinginterest": 910000,
        "netincomelossavailabletocommonstockholdersbasic": 177572000,
        "incomelossfromcontinuingoperationsperbasicshare": 0.030000000000000027,
        "earningspersharebasic": 0.020000000000000018,
        "incomelossfromcontinuingoperationsperdilutedshare": 0.030000000000000027,
        "earningspersharediluted": 0.020000000000000018,
        "weightedaveragenumberofsharesoutstandingbasic": 271000,
        "weightedaveragenumberofdilutedsharesoutstanding": -24000,
        "commonstockdividendspersharedeclared": 0.27,
        "investmentincomeinterest": 1075000,
        "othercomprehensiveincomelossforeigncurrencytransactionandtranslationadjustmentnetoftax": -177000,
        "othercomprehensiveincomelossnetoftax": 17023000,
        "comprehensiveincomenetoftaxincludingportionattributabletononcontrollinginterest": 48841000,
        "comprehensiveincomenetoftaxattributabletononcontrollinginterest": 733000,
        "comprehensiveincomenetoftax": 46907000
    },
    {
        "date": "2013-06-29",
        "symbol": "IRM",
        "period": "Q2",
        "informationstoragerevenue": 441571000,
        "servicerevenue": 313150000,
        "salesrevenueservicesnet": 205703000,
        "costofsalesexcludingdepreciationandamortization": 321056000,
        "sellinggeneralandadministrativeexpense": 224531000,
        "depreciationdepletionandamortization": 6936000,
        "gainlossonsalesofassetsandassetimpairmentcharges": 1663000,
        "costsandexpenses": -255580000,
        "operatingincomeloss": 131869000,
        "interestexpense": 62989000,
        "othernonoperatingincomeexpense": -48521000,
        "incomelossfromcontinuingoperationsbeforeincometaxesminorityinterestandincomelossfromequitymethodinvestments": -67488000,
        "incometaxexpensebenefit": 26067000,
        "incomelossfromcontinuingoperationsincludingportionattributabletononcontrollinginterest": -145925000,
        "discontinuedoperationincomelossfromdiscontinuedoperationduringphaseoutperiodnetoftax": -203000,
        "profitloss": -128723000,
        "netincomelossattributabletononcontrollinginterest": 876000,
        "netincomelossavailabletocommonstockholdersbasic": -146961000,
        "incomelossfromcontinuingoperationsperbasicshare": 0.13999999999999999,
        "incomelossfromdiscontinuedoperationsnetoftaxperbasicshare": 0,
        "earningspersharebasic": 0.13999999999999999,
        "incomelossfromcontinuingoperationsperdilutedshare": 0.13999999999999999,
        "incomelossfromdiscontinuedoperationsnetoftaxperdilutedshare": 0,
        "earningspersharediluted": 0.13999999999999999,
        "weightedaveragenumberofsharesoutstandingbasic": 305000,
        "weightedaveragenumberofdilutedsharesoutstanding": 229000,
        "commonstockdividendspersharedeclared": 0.27,
        "investmentincomeinterest": 818000,
        "othercomprehensiveincomelossforeigncurrencytransactionandtranslationadjustmentnetoftax": -838000,
        "othercomprehensiveincomelossnetoftax": -27887000,
        "comprehensiveincomenetoftaxincludingportionattributabletononcontrollinginterest": -27308000,
        "comprehensiveincomenetoftaxattributabletononcontrollinginterest": 38000,
        "comprehensiveincomenetoftax": -26145000
    },
    {
        "date": "2013-03-30",
        "symbol": "IRM",
        "period": "Q1",
        "informationstoragerevenue": 442469000,
        "servicerevenue": 304562000,
        "salesrevenueservicesnet": 204553000,
        "costofsalesexcludingdepreciationandamortization": 321076000,
        "sellinggeneralandadministrativeexpense": 223451000,
        "depreciationdepletionandamortization": 7827000,
        "gainlossonsalesofassetsandassetimpairmentcharges": 539000,
        "costsandexpenses": 624189000,
        "operatingincomeloss": 122842000,
        "interestexpense": 63182000,
        "othernonoperatingincomeexpense": 3000,
        "incomelossfromcontinuingoperationsbeforeincometaxesminorityinterestandincomelossfromequitymethodinvestments": 56921000,
        "incometaxexpensebenefit": 38571000,
        "incomelossfromcontinuingoperationsincludingportionattributabletononcontrollinginterest": 18350000,
        "discontinuedoperationincomelossfromdiscontinuedoperationduringphaseoutperiodnetoftax": 2184000,
        "profitloss": 1148000,
        "netincomelossattributabletononcontrollinginterest": 1148000,
        "netincomelossavailabletocommonstockholdersbasic": 19386000,
        "incomelossfromcontinuingoperationsperbasicshare": 0.1,
        "incomelossfromdiscontinuedoperationsnetoftaxperbasicshare": 0.01,
        "earningspersharebasic": 0.1,
        "incomelossfromcontinuingoperationsperdilutedshare": 0.1,
        "incomelossfromdiscontinuedoperationsnetoftaxperdilutedshare": 0.01,
        "earningspersharediluted": 0.1,
        "weightedaveragenumberofsharesoutstandingbasic": 190213000,
        "weightedaveragenumberofdilutedsharesoutstanding": 192110000,
        "commonstockdividendspersharedeclared": 0.27,
        "investmentincomeinterest": 225000,
        "othercomprehensiveincomelossforeigncurrencytransactionandtranslationadjustmentnetoftax": 15000,
        "othercomprehensiveincomelossnetoftax": -14947000,
        "comprehensiveincomenetoftaxincludingportionattributabletononcontrollinginterest": 5587000,
        "comprehensiveincomenetoftaxattributabletononcontrollinginterest": 1163000,
        "comprehensiveincomenetoftax": 4424000
    },
    {
        "date": "2012-09-29",
        "symbol": "IRM",
        "period": "Q3",
        "informationstoragerevenue": 6845000,
        "servicerevenue": -47093000,
        "salesrevenueservicesnet": 1256071000,
        "costofsalesexcludingdepreciationandamortization": 310344000,
        "sellinggeneralandadministrativeexpense": -414058000,
        "depreciationdepletionandamortization": 49970000,
        "costsandexpenses": -791272000,
        "operatingincomeloss": -159769000,
        "interestexpense": 27605000,
        "othernonoperatingincomeexpense": 1448000,
        "incomelossfromcontinuingoperationsbeforeincometaxesminorityinterestandincomelossfromequitymethodinvestments": -347122000,
        "incometaxexpensebenefit": 12031000,
        "incomelossfromcontinuingoperationsincludingportionattributabletononcontrollinginterest": 142067000,
        "discontinuedoperationincomelossfromdiscontinuedoperationduringphaseoutperiodnetoftax": -901000,
        "profitloss": 58730000,
        "netincomelossattributabletononcontrollinginterest": 942000,
        "netincomelossavailabletocommonstockholdersbasic": 147790000,
        "incomelossfromcontinuingoperationsperbasicshare": 0.31000000000000005,
        "incomelossfromdiscontinuedoperationsnetoftaxperbasicshare": 0,
        "earningspersharebasic": 0.31,
        "incomelossfromcontinuingoperationsperdilutedshare": 0.32000000000000006,
        "incomelossfromdiscontinuedoperationsnetoftaxperdilutedshare": 0,
        "earningspersharediluted": 0.31,
        "weightedaveragenumberofsharesoutstandingbasic": -171152000,
        "weightedaveragenumberofdilutedsharesoutstanding": -171954000,
        "commonstockdividendspersharedeclared": 0.27,
        "investmentincomeinterest": 596000,
        "comprehensiveincomenetoftaxincludingportionattributabletononcontrollinginterest": 80563000,
        "comprehensiveincomenetoftaxattributabletononcontrollinginterest": 1482000,
        "comprehensiveincomenetoftax": 319740000
    },
    {
        "date": "2012-06-29",
        "symbol": "IRM",
        "period": "Q2",
        "informationstoragerevenue": 433436000,
        "servicerevenue": 318729000,
        "salesrevenueservicesnet": 200286000,
        "costofsalesexcludingdepreciationandamortization": 313060000,
        "sellinggeneralandadministrativeexpense": 203515000,
        "depreciationdepletionandamortization": 7874000,
        "gainlossondispositionandimpairmentofassets": 607000,
        "costsandexpenses": 186942000,
        "operatingincomeloss": 17601000,
        "interestexpense": 58216000,
        "othernonoperatingincomeexpense": -30176000,
        "incomelossfromcontinuingoperationsbeforeincometaxesminorityinterestandincomelossfromequitymethodinvestments": 90405000,
        "incometaxexpensebenefit": 48964000,
        "incomelossfromcontinuingoperationsincludingportionattributabletononcontrollinginterest": -56926000,
        "discontinuedoperationincomelossfromdiscontinuedoperationduringphaseoutperiodnetoftax": -262000,
        "discontinuedoperationgainlossondisposalofdiscontinuedoperationnetoftax": -1885000,
        "profitloss": -56926000,
        "netincomelossattributabletononcontrollinginterest": 862000,
        "netincomelossavailabletocommonstockholdersbasic": -56926000,
        "incomelossfromcontinuingoperationsperbasicshare": 0.24,
        "incomelossfromdiscontinuedoperationsnetoftaxperbasicshare": -0.01,
        "earningspersharebasic": 0.22,
        "incomelossfromcontinuingoperationsperdilutedshare": 0.24,
        "incomelossfromdiscontinuedoperationsnetoftaxperdilutedshare": -0.01,
        "earningspersharediluted": 0.22,
        "weightedaveragenumberofsharesoutstandingbasic": 171296000,
        "weightedaveragenumberofdilutedsharesoutstanding": 172231000,
        "commonstockdividendspersharedeclared": 0.27,
        "investmentincomeinterest": 810000,
        "othercomprehensiveincomeforeigncurrencytransactionandtranslationadjustmentnetoftaxperiodincreasedecrease": -26845000,
        "othercomprehensiveincomelossnetoftaxperiodincreasedecrease": -24433000,
        "comprehensiveincomenetoftaxincludingportionattributabletononcontrollinginterest": 2197000,
        "comprehensiveincomenetoftaxattributabletononcontrollinginterest": 588000,
        "comprehensiveincomenetoftax": 2197000
    },
    {
        "date": "2012-03-30",
        "symbol": "IRM",
        "period": "Q1",
        "investmentincomeinterest": 545000,
        "informationstoragerevenue": 425341000,
        "servicerevenue": 321157000,
        "salesrevenueservicesnet": 194187000,
        "costofsalesexcludingdepreciationandamortization": 315298000,
        "sellinggeneralandadministrativeexpense": 210660000,
        "depreciationdepletionandamortization": 78008000,
        "gainlossondispositionandimpairmentofassets": -719000,
        "costsandexpenses": 604685000,
        "operatingincomeloss": 141813000,
        "interestexpense": 58784000,
        "othernonoperatingincomeexpense": 3304000,
        "incomelossfromcontinuingoperationsbeforeincometaxesminorityinterestandincomelossfromequitymethodinvestments": 86333000,
        "incometaxexpensebenefit": 25260000,
        "incomelossfromcontinuingoperationsincludingportionattributabletononcontrollinginterest": 61073000,
        "discontinuedoperationincomelossfromdiscontinuedoperationduringphaseoutperiodnetoftax": -5093000,
        "profitloss": 630000,
        "netincomelossattributabletononcontrollinginterest": 630000,
        "netincomelossavailabletocommonstockholdersbasic": 55350000,
        "incomelossfromcontinuingoperationsperbasicshare": 0.36,
        "incomelossfromdiscontinuedoperationsnetoftaxperbasicshare": -0.03,
        "earningspersharebasic": 0.32,
        "incomelossfromcontinuingoperationsperdilutedshare": 0.35,
        "incomelossfromdiscontinuedoperationsnetoftaxperdilutedshare": -0.03,
        "earningspersharediluted": 0.32,
        "weightedaveragenumberofsharesoutstandingbasic": 171320000,
        "weightedaveragenumberofdilutedsharesoutstanding": 172223000,
        "commonstockdividendspersharedeclared": 0.25,
        "othercomprehensiveincomeforeigncurrencytransactionandtranslationadjustmentnetoftaxperiodincreasedecrease": -2343000,
        "othercomprehensiveincomelossnetoftaxperiodincreasedecrease": -2343000,
        "comprehensiveincomenetoftaxincludingportionattributabletononcontrollinginterest": 83927000,
        "comprehensiveincomenetoftaxattributabletononcontrollinginterest": 1088000,
        "comprehensiveincomenetoftax": -155250000
    },
    {
        "date": "2011-09-29",
        "symbol": "IRM",
        "period": "Q3",
        "investmentincomeinterest": 614000,
        "informationstoragerevenue": 428748000,
        "servicerevenue": 343334000,
        "salesrevenueservicesnet": 204541000,
        "costofsalesexcludingdepreciationandamortization": 309703000,
        "sellinggeneralandadministrativeexpense": 210110000,
        "depreciationdepletionandamortization": 24828000,
        "goodwillandintangibleassetimpairment": 53000000,
        "gainlossondispositionandimpairmentofassets": -4634000,
        "costsandexpenses": 655285000,
        "operatingincomeloss": 116797000,
        "interestexpense": 50433000,
        "othernonoperatingincomeexpense": -16635000,
        "incomelossfromcontinuingoperationsbeforeincometaxesminorityinterestandincomelossfromequitymethodinvestments": 49729000,
        "incometaxexpensebenefit": 16258000,
        "incomelossfromcontinuingoperationsincludingportionattributabletononcontrollinginterest": 33471000,
        "discontinuedoperationincomelossfromdiscontinuedoperationduringphaseoutperiodnetoftax": -2457000,
        "discontinuedoperationgainlossondisposalofdiscontinuedoperationnetoftax": 6911000,
        "profitloss": 37925000,
        "netincomelossattributabletononcontrollinginterest": 587000,
        "netincomelossavailabletocommonstockholdersbasic": 37338000,
        "incomelossfromcontinuingoperationsperbasicshare": 0.17,
        "incomelossfromdiscontinuedoperationsnetoftaxperbasicshare": 0.02,
        "earningspersharebasic": 0.19,
        "incomelossfromcontinuingoperationsperdilutedshare": 0.17,
        "incomelossfromdiscontinuedoperationsnetoftaxperdilutedshare": 0.02,
        "earningspersharediluted": 0.19,
        "weightedaveragenumberofsharesoutstandingbasic": 195610000,
        "weightedaveragenumberofdilutedsharesoutstanding": 196717000,
        "commonstockdividendspersharedeclared": 0.25,
        "othercomprehensiveincomeforeigncurrencytransactionandtranslationadjustmentnetoftaxperiodincreasedecrease": -66288000,
        "othercomprehensiveincomelossnetoftaxperiodincreasedecrease": -66288000,
        "comprehensiveincomenetoftaxincludingportionattributabletononcontrollinginterest": -28363000,
        "comprehensiveincomenetoftaxattributabletononcontrollinginterest": -452000,
        "comprehensiveincomenetoftax": -27911000
    },
    {
        "date": "2011-06-29",
        "symbol": "IRM",
        "period": "Q2",
        "investmentincomeinterest": 493000,
        "informationstoragerevenue": 420568000,
        "servicerevenue": 342321000,
        "salesrevenueservicesnet": 762889000,
        "costofsalesexcludingdepreciationandamortization": 311382000,
        "sellinggeneralandadministrativeexpense": 29000,
        "depreciationdepletionandamortization": 79778000,
        "gainlossondispositionandimpairmentofassets": 211000,
        "costsandexpenses": 615518000,
        "operatingincomeloss": 147371000,
        "interestexpense": 49011000,
        "othernonoperatingincomeexpense": -2657000,
        "incomelossfromcontinuingoperationsbeforeincometaxesminorityinterestandincomelossfromequitymethodinvestments": 95703000,
        "incometaxexpensebenefit": 30173000,
        "incomelossfromcontinuingoperationsincludingportionattributabletononcontrollinginterest": 65530000,
        "discontinuedoperationincomelossfromdiscontinuedoperationduringphaseoutperiodnetoftax": -5832000,
        "discontinuedoperationgainlossondisposalofdiscontinuedoperationnetoftax": 193349000,
        "profitloss": 253047000,
        "netincomelossattributabletononcontrollinginterest": 363000,
        "netincomeloss": 252684000,
        "incomelossfromcontinuingoperationsperbasicshare": 0.32,
        "incomelossfromdiscontinuedoperationsnetoftaxperbasicshare": 0.93,
        "earningspersharebasic": 1.25,
        "incomelossfromcontinuingoperationsperdilutedshare": 0.32,
        "incomelossfromdiscontinuedoperationsnetoftaxperdilutedshare": 0.92,
        "earningspersharediluted": 1.24,
        "weightedaveragenumberofsharesoutstandingbasic": 201653000,
        "weightedaveragenumberofdilutedsharesoutstanding": 203311000,
        "commonstockdividendspersharedeclared": 0.25,
        "othercomprehensiveincomeforeigncurrencytransactionandtranslationadjustmentnetoftaxperiodincreasedecrease": 18996000,
        "othercomprehensiveincomelossnetoftaxperiodincreasedecrease": 18996000,
        "comprehensiveincomenetoftaxincludingportionattributabletononcontrollinginterest": 272043000,
        "comprehensiveincomenetoftaxattributabletononcontrollinginterest": 558000,
        "comprehensiveincomenetoftax": 271485000
    },
    {
        "date": "2011-03-30",
        "symbol": "IRM",
        "period": "Q1",
        "investmentincomeinterest": 551000,
        "informationstoragerevenue": 450149000,
        "servicerevenue": 348805000,
        "salesrevenueservicesnet": 798954000,
        "costofsalesexcludingdepreciationandamortization": 331786000,
        "sellinggeneralandadministrativeexpense": 245599000,
        "depreciationdepletionandamortization": 89153000,
        "gainlossondispositionandimpairmentofassets": -723000,
        "costsandexpenses": 667261000,
        "operatingincomeloss": 131693000,
        "interestexpense": 50391000,
        "othernonoperatingincomeexpense": 8885000,
        "incomelossfromcontinuingoperationsbeforeincometaxesminorityinterestandincomelossfromequitymethodinvestments": 90187000,
        "incometaxexpensebenefit": 15568000,
        "profitloss": 1159000,
        "netincomelossattributabletononcontrollinginterest": 1159000,
        "netincomeloss": 73460000,
        "earningspersharebasic": 0.37,
        "earningspersharediluted": 0.37,
        "weightedaveragenumberofsharesoutstandingbasic": 200228000,
        "weightedaveragenumberofdilutedsharesoutstanding": 201251000,
        "commonstockdividendspersharedeclared": 0.1875,
        "othercomprehensiveincomeforeigncurrencytransactionandtranslationadjustmentnetoftaxperiodincreasedecrease": -40000,
        "othercomprehensiveincomelossnetoftaxperiodincreasedecrease": 22478000,
        "comprehensiveincomenetoftaxincludingportionattributabletononcontrollinginterest": 97097000,
        "comprehensiveincomenetoftaxattributabletononcontrollinginterest": 1119000,
        "comprehensiveincomenetoftax": 95978000
    },
    {
        "date": "2010-09-29",
        "symbol": "IRM",
        "period": "Q3",
        "investmentincomeinterest": 200000,
        "informationstoragerevenue": 96363000,
        "servicerevenue": 340104000,
        "salesrevenueservicesnet": 188759000,
        "costofsalesexcludingdepreciationandamortization": 311516000,
        "sellinggeneralandadministrativeexpense": 217226000,
        "depreciationdepletionandamortization": 22057000,
        "goodwillimpairmentloss": 255000000,
        "gainlossondispositionandimpairmentofassets": 9368000,
        "costsandexpenses": 166923000,
        "operatingincomeloss": 21836000,
        "interestexpense": 3706000,
        "othernonoperatingincomeexpense": 50799000,
        "incomelossfromcontinuingoperationsbeforeincometaxesminorityinterestandincomelossfromequitymethodinvestments": 68929000,
        "incometaxexpensebenefit": 20351000,
        "profitloss": -18514000,
        "netincomelossattributabletononcontrollinginterest": 2959000,
        "netincomeloss": -153776000,
        "earningspersharebasic": -0.76,
        "earningspersharediluted": -0.76,
        "weightedaveragenumberofsharesoutstandingbasic": 201249000,
        "weightedaveragenumberofdilutedsharesoutstanding": 201249000,
        "othercomprehensiveincomeforeigncurrencytransactionandtranslationadjustmentnetoftaxperiodincreasedecrease": 46993000,
        "othercomprehensiveincomelossnetoftaxperiodincreasedecrease": 46993000,
        "comprehensiveincomenetoftaxincludingportionattributabletononcontrollinginterest": -103824000,
        "comprehensiveincomenetoftaxattributabletononcontrollinginterest": 3672000,
        "comprehensiveincomenetoftax": -107496000
    },
    {
        "date": "2010-06-29",
        "symbol": "IRM",
        "period": "Q2",
        "investmentincomeinterest": 378000,
        "profitloss": -47186000,
        "othercomprehensiveincomeforeigncurrencytransactionandtranslationadjustmentnetoftaxperiodincreasedecrease": -32450000,
        "othercomprehensiveincomelossnetoftaxperiodincreasedecrease": -32450000,
        "comprehensiveincomenetoftaxincludingportionattributabletononcontrollinginterest": 9302000,
        "comprehensiveincomenetoftaxattributabletononcontrollinginterest": 156000,
        "comprehensiveincomenetoftax": 9146000
    },
    {
        "date": "2010-03-30",
        "symbol": "IRM",
        "period": "Q1",
        "investmentincomeinterest": 422000,
        "profitloss": 273000,
        "othercomprehensiveincomeforeigncurrencytransactionandtranslationadjustmentnetoftaxperiodincreasedecrease": -80000,
        "othercomprehensiveincomelossnetoftaxperiodincreasedecrease": -19558000,
        "comprehensiveincomenetoftaxincludingportionattributabletononcontrollinginterest": 6281000,
        "comprehensiveincomenetoftaxattributabletononcontrollinginterest": 193000,
        "comprehensiveincomenetoftax": 6088000,
        "informationstoragerevenue": 435248000,
        "servicerevenue": 341258000,
        "salesrevenueservicesnet": 776506000,
        "costofsalesexcludingdepreciationandamortization": 325232000,
        "sellinggeneralandadministrativeexpense": 233852000,
        "depreciationdepletionandamortization": 85784000,
        "gainlossondispositionandimpairmentofassets": 1053000,
        "operatingexpenses": 643815000,
        "operatingincomeloss": 132691000,
        "interestrevenueexpensenet": -56562000,
        "othernonoperatingincomeexpense": -8819000,
        "incomelossfromcontinuingoperationsbeforeincometaxesminorityinterestandincomelossfromequitymethodinvestments": 67310000,
        "incometaxexpensebenefit": 41471000,
        "netincomelossattributabletononcontrollinginterest": 273000,
        "netincomeloss": 25566000,
        "earningspersharebasic": 0.13,
        "earningspersharediluted": 0.12,
        "weightedaveragenumberofsharesoutstandingbasic": 203581000,
        "weightedaveragenumberofdilutedsharesoutstanding": 204705000
    }
]