[
    {
        "date": "2024-09-29",
        "symbol": "INVH",
        "period": "Q3",
        "operatingleaseleaseincome": 641342000,
        "propertymanagementfeerevenue": 18980000,
        "revenues": 660322000,
        "directcostsofleasedandrentedpropertyorequipment": 242228000,
        "costofotherpropertyoperatingexpense": 34382000,
        "generalandadministrativeexpense": 21727000,
        "interestexpenseoperating": 91060000,
        "depreciation": 4305000,
        "assetimpairmentchargesandcasualtylosses": 20872000,
        "costsandexpenses": 590748000,
        "equitysecuritiesfvnigainloss": -257000,
        "othernonoperatingincomeexpense": -9345000,
        "gainlossonsaleofproperties": 47766000,
        "incomelossfromequitymethodinvestments": -12160000,
        "profitloss": 95578000,
        "netincomelossattributabletononcontrollinginterest": 309000,
        "netincomeloss": 95269000,
        "undistributedearningslossallocatedtoparticipatingsecuritiesbasic": 185000,
        "netincomelossavailabletocommonstockholdersbasic": 95084000,
        "netincomelossavailabletocommonstockholdersdiluted": 95084000,
        "weightedaveragenumberofsharesoutstandingbasic": 612674802,
        "weightedaveragenumberofdilutedsharesoutstanding": 613645188,
        "earningspersharebasic": 0.16,
        "earningspersharediluted": 0.15,
        "derivativegainlossonderivativenet": -21587000,
        "othercomprehensiveincomelossderivativeexcludedcomponentincreasedecreaseadjustmentsaftertax": 21222000,
        "othercomprehensiveincomelossnetoftax": -42809000,
        "comprehensiveincomenetoftaxincludingportionattributabletononcontrollinginterest": 52769000,
        "comprehensiveincomenetoftaxattributabletononcontrollinginterest": 171000,
        "comprehensiveincomenetoftax": 52598000
    },
    {
        "date": "2024-06-29",
        "symbol": "INVH",
        "period": "Q2",
        "operatingleaseleaseincome": 637475000,
        "propertymanagementfeerevenue": 15976000,
        "revenues": 653451000,
        "directcostsofleasedandrentedpropertyorequipment": 234184000,
        "costofotherpropertyoperatingexpense": 32633000,
        "generalandadministrativeexpense": 21498000,
        "interestexpenseoperating": 90007000,
        "depreciation": 176622000,
        "assetimpairmentcharges": 10353000,
        "costsandexpenses": 565297000,
        "equitysecuritiesfvnigainloss": 1504000,
        "othernonoperatingincomeexpense": -54012000,
        "gainlossonsaleofproperties": 43267000,
        "incomelossfromequitymethodinvestments": -5482000,
        "profitloss": 73431000,
        "netincomelossattributabletononcontrollinginterest": 243000,
        "netincomeloss": 73188000,
        "undistributedearningslossallocatedtoparticipatingsecuritiesbasic": 207000,
        "netincomelossavailabletocommonstockholdersbasic": 72981000,
        "netincomelossavailabletocommonstockholdersdiluted": 72981000,
        "weightedaveragenumberofsharesoutstandingbasic": 612628758,
        "weightedaveragenumberofdilutedsharesoutstanding": 613823339,
        "earningspersharebasic": 0.12,
        "earningspersharediluted": 0.12,
        "derivativegainlossonderivativenet": 10584000,
        "othercomprehensiveincomelossderivativeexcludedcomponentincreasedecreaseadjustmentsaftertax": 21465000,
        "othercomprehensiveincomelossnetoftax": -10881000,
        "comprehensiveincomenetoftaxincludingportionattributabletononcontrollinginterest": 62550000,
        "comprehensiveincomenetoftaxattributabletononcontrollinginterest": 208000,
        "comprehensiveincomenetoftax": 62342000
    },
    {
        "date": "2024-03-30",
        "symbol": "INVH",
        "period": "Q1",
        "operatingleaseleaseincome": 632097000,
        "propertymanagementfeerevenue": 13942000,
        "revenues": 646039000,
        "directcostsofleasedandrentedpropertyorequipment": 230397000,
        "costofotherpropertyoperatingexpense": 31237000,
        "generalandadministrativeexpense": 23448000,
        "interestexpense": 89845000,
        "depreciation": 175313000,
        "assetimpairmentcharges": 4137000,
        "costsandexpenses": 554377000,
        "equitysecuritiesfvnigainloss": -209000,
        "othernonoperatingincomeexpense": 5973000,
        "gainlossonsaleofproperties": 50498000,
        "incomelossfromequitymethodinvestments": -5138000,
        "profitloss": 142786000,
        "netincomelossattributabletononcontrollinginterest": 436000,
        "netincomeloss": 142350000,
        "undistributedearningslossallocatedtoparticipatingsecuritiesbasic": 192000,
        "netincomelossavailabletocommonstockholdersbasic": 142158000,
        "netincomelossavailabletocommonstockholdersdiluted": 142158000,
        "weightedaveragenumberofsharesoutstandingbasic": 612219520,
        "weightedaveragenumberofdilutedsharesoutstanding": 613807166,
        "earningspersharebasic": 0.23,
        "earningspersharediluted": 0.23,
        "derivativegainlossonderivativenet": 32737000,
        "othercomprehensiveincomelossderivativeexcludedcomponentincreasedecreaseadjustmentsaftertax": 21564000,
        "othercomprehensiveincomelossnetoftax": 11173000,
        "comprehensiveincomenetoftaxincludingportionattributabletononcontrollinginterest": 153959000,
        "comprehensiveincomenetoftaxattributabletononcontrollinginterest": 484000,
        "comprehensiveincomenetoftax": 153475000
    },
    {
        "date": "2023-12-30",
        "symbol": "INVH",
        "period": "Q4",
        "operatingleaseleaseincome": 620901000,
        "revenues": 624321000,
        "directcostsofleasedandrentedpropertyorequipment": 228542000,
        "costofotherpropertyoperatingexpense": 25246000,
        "generalandadministrativeexpense": 22387000,
        "interestexpense": 215779000,
        "depreciation": 498265000,
        "assetimpairmentcharges": 3069000,
        "costsandexpenses": 542452000,
        "equitysecuritiesfvnigainloss": 237000,
        "othernonoperatingincomeexpense": 5533000,
        "gainlossonsaleofproperties": 49092000,
        "incomelossfromequitymethodinvestments": -6790000,
        "profitloss": 388047000,
        "netincomelossattributabletononcontrollinginterest": 395000,
        "netincomeloss": 129546000,
        "undistributedearningslossallocatedtoparticipatingsecuritiesbasic": 178000,
        "netincomelossavailabletocommonstockholdersbasic": 129368000,
        "netincomelossavailabletocommonstockholdersdiluted": 129368000,
        "weightedaveragenumberofsharesoutstandingbasic": 611893784,
        "weightedaveragenumberofdilutedsharesoutstanding": 613288708,
        "earningspersharebasic": 0.2,
        "earningspersharediluted": 0.22000000000000003,
        "derivativegainlossonderivativenet": -34365000,
        "othercomprehensiveincomelossderivativeexcludedcomponentincreasedecreaseadjustmentsaftertax": 21833000,
        "othercomprehensiveincomelossnetoftax": -41199000,
        "comprehensiveincomenetoftaxincludingportionattributabletononcontrollinginterest": 73743000,
        "comprehensiveincomenetoftaxattributabletononcontrollinginterest": 224000,
        "comprehensiveincomenetoftax": 73519000
    },
    {
        "date": "2023-09-29",
        "symbol": "INVH",
        "period": "Q3",
        "operatingleaseleaseincome": 614291000,
        "propertymanagementfeerevenue": 3404000,
        "revenues": 617695000,
        "directcostsofleasedandrentedpropertyorequipment": 229488000,
        "costofotherpropertyoperatingexpense": 23399000,
        "generalandadministrativeexpense": 22714000,
        "interestexpense": 86736000,
        "depreciation": 170696000,
        "assetimpairmentcharges": 2496000,
        "costsandexpenses": 535529000,
        "equitysecuritiesfvnigainloss": -499000,
        "othernonoperatingincomeexpense": -2533000,
        "gainlossonsaleofproperties": 57989000,
        "incomelossfromequitymethodinvestments": -4902000,
        "profitloss": 132221000,
        "netincomelossattributabletononcontrollinginterest": 403000,
        "netincomeloss": 131818000,
        "undistributedearningslossallocatedtoparticipatingsecuritiesbasic": 181000,
        "netincomelossavailabletocommonstockholdersbasic": 131637000,
        "netincomelossavailabletocommonstockholdersdiluted": 131637000,
        "weightedaveragenumberofsharesoutstandingbasic": 612000811,
        "weightedaveragenumberofdilutedsharesoutstanding": 613580042,
        "earningspersharebasic": 0.22,
        "earningspersharediluted": 0.21,
        "derivativegainlossonderivativenet": 27845000,
        "othercomprehensiveincomelossderivativeexcludedcomponentincreasedecreaseadjustmentsaftertax": 21081000,
        "othercomprehensiveincomelossnetoftax": 6764000,
        "comprehensiveincomenetoftaxincludingportionattributabletononcontrollinginterest": 138985000,
        "comprehensiveincomenetoftaxattributabletononcontrollinginterest": 423000,
        "comprehensiveincomenetoftax": 138562000
    },
    {
        "date": "2023-06-29",
        "symbol": "INVH",
        "period": "Q2",
        "operatingleaseleaseincome": 596924000,
        "propertymanagementfeerevenue": 3448000,
        "revenues": 600372000,
        "directcostsofleasedandrentedpropertyorequipment": 213808000,
        "costofotherpropertyoperatingexpense": 23580000,
        "generalandadministrativeexpense": 19791000,
        "interestexpense": 17961000,
        "depreciation": 2737000,
        "assetimpairmentcharges": 1868000,
        "costsandexpenses": 503431000,
        "equitysecuritiesfvnigainloss": 524000,
        "othernonoperatingincomeexpense": -3941000,
        "gainlossonsaleofproperties": 46788000,
        "incomelossfromequitymethodinvestments": -2030000,
        "profitloss": 418000,
        "netincomelossattributabletononcontrollinginterest": 418000,
        "netincomeloss": 137864000,
        "undistributedearningslossallocatedtoparticipatingsecuritiesbasic": 166000,
        "netincomelossavailabletocommonstockholdersbasic": 137698000,
        "netincomelossavailabletocommonstockholdersdiluted": 137698000,
        "weightedaveragenumberofsharesoutstandingbasic": 611954347,
        "weightedaveragenumberofdilutedsharesoutstanding": 613316499,
        "earningspersharebasic": 0.23,
        "earningspersharediluted": 0.22,
        "derivativegainlossonderivativenet": 64763000,
        "othercomprehensiveincomelossderivativeexcludedcomponentincreasedecreaseadjustmentsaftertax": 17961000,
        "othercomprehensiveincomelossnetoftax": 144000,
        "comprehensiveincomenetoftaxincludingportionattributabletononcontrollinginterest": 185084000,
        "comprehensiveincomenetoftaxattributabletononcontrollinginterest": 562000,
        "comprehensiveincomenetoftax": 184522000
    },
    {
        "date": "2023-03-30",
        "symbol": "INVH",
        "period": "Q1",
        "operatingleaseleaseincome": 586515000,
        "revenuefromrelatedparties": 3375000,
        "revenues": 589890000,
        "directcostsofleasedandrentedpropertyorequipment": 208497000,
        "costofotherpropertyoperatingexpense": 23584000,
        "generalandadministrativeexpense": 17452000,
        "interestexpense": 12981000,
        "depreciation": 2589000,
        "assetimpairmentcharges": 1163000,
        "costsandexpenses": 493416000,
        "equitysecuritiesfvnigainloss": 88000,
        "othernonoperatingincomeexpense": -1494000,
        "gainlossonsaleofproperties": 29671000,
        "incomelossfromequitymethodinvestments": -4155000,
        "profitloss": 342000,
        "netincomelossattributabletononcontrollinginterest": 342000,
        "netincomeloss": 120242000,
        "undistributedearningslossallocatedtoparticipatingsecuritiesbasic": 171000,
        "netincomelossavailabletocommonstockholdersbasic": 120071000,
        "netincomelossavailabletocommonstockholdersdiluted": 120071000,
        "weightedaveragenumberofsharesoutstandingbasic": 611588465,
        "weightedaveragenumberofdilutedsharesoutstanding": 612564298,
        "earningspersharebasic": 0.2,
        "earningspersharediluted": 0.2,
        "derivativegainlossonderivativenet": -18755000,
        "othercomprehensiveincomelossderivativeexcludedcomponentincreasedecreaseadjustmentsaftertax": 12981000,
        "othercomprehensiveincomelossnetoftax": -77000,
        "comprehensiveincomenetoftaxincludingportionattributabletononcontrollinginterest": 88848000,
        "comprehensiveincomenetoftaxattributabletononcontrollinginterest": 265000,
        "comprehensiveincomenetoftax": 88583000
    },
    {
        "date": "2022-12-30",
        "symbol": "INVH",
        "period": "Q4",
        "operatingleaseleaseincome": 576510000,
        "revenuefromrelatedparties": 3326000,
        "revenues": 579836000,
        "directcostsofleasedandrentedpropertyorequipment": 209615000,
        "costofotherpropertyoperatingexpense": 22770000,
        "generalandadministrativeexpense": 16921000,
        "interestexpense": 4734000,
        "depreciation": 2289000,
        "assetimpairmentcharges": 6827000,
        "costsandexpenses": 496856000,
        "equitysecuritiesfvnigainloss": 61000,
        "othernonoperatingincomeexpense": 344000,
        "gainlossonsaleofproperties": 21213000,
        "incomelossfromequitymethodinvestments": -3736000,
        "profitloss": 290000,
        "netincomelossattributabletononcontrollinginterest": 290000,
        "netincomeloss": 100572000,
        "undistributedearningslossallocatedtoparticipatingsecuritiesbasic": 146000,
        "netincomelossavailabletocommonstockholdersbasic": 100426000,
        "netincomelossavailabletocommonstockholdersdiluted": 100426000,
        "weightedaveragenumberofsharesoutstandingbasic": -1217817078,
        "weightedaveragenumberofdilutedsharesoutstanding": -1221064065,
        "earningspersharebasic": 0.17,
        "earningspersharediluted": 0.17,
        "derivativegainlossonderivativenet": 10844000,
        "othercomprehensiveincomelossderivativeexcludedcomponentincreasedecreaseadjustmentsaftertax": 4734000,
        "othercomprehensiveincomelossnetoftax": 17000,
        "comprehensiveincomenetoftaxincludingportionattributabletononcontrollinginterest": 106972000,
        "comprehensiveincomenetoftaxattributabletononcontrollinginterest": 307000,
        "comprehensiveincomenetoftax": 106665000
    },
    {
        "date": "2022-09-29",
        "symbol": "INVH",
        "period": "Q3",
        "operatingleaseleaseincome": 565391000,
        "revenuefromrelatedparties": 3284000,
        "revenues": 568675000,
        "directcostsofleasedandrentedpropertyorequipment": 203787000,
        "costofotherpropertyoperatingexpense": 22385000,
        "generalandadministrativeexpense": 20123000,
        "interestexpense": 76454000,
        "depreciation": 160428000,
        "assetimpairmentcharges": 20004000,
        "costsandexpenses": 503181000,
        "equitysecuritiesfvnigainloss": -796000,
        "othernonoperatingincomeexpense": -8372000,
        "gainlossonsaleofproperties": 23952000,
        "incomelossfromequitymethodinvestments": -849000,
        "profitloss": 79429000,
        "netincomelossattributabletononcontrollinginterest": 250000,
        "netincomeloss": 79179000,
        "undistributedearningslossallocatedtoparticipatingsecuritiesbasic": 147000,
        "netincomelossavailabletocommonstockholdersbasic": 79032000,
        "netincomelossavailabletocommonstockholdersdiluted": 79032000,
        "weightedaveragenumberofsharesoutstandingbasic": 610845820,
        "weightedaveragenumberofdilutedsharesoutstanding": 612647588,
        "earningspersharebasic": 0.13,
        "earningspersharediluted": 0.13,
        "derivativegainlossonderivativenet": 102940000,
        "othercomprehensiveincomelossderivativeexcludedcomponentincreasedecreaseadjustmentsaftertax": -9591000,
        "othercomprehensiveincomelossnetoftax": 112531000,
        "comprehensiveincomenetoftaxincludingportionattributabletononcontrollinginterest": 191960000,
        "comprehensiveincomenetoftaxattributabletononcontrollinginterest": 677000,
        "comprehensiveincomenetoftax": 191283000
    },
    {
        "date": "2022-06-29",
        "symbol": "INVH",
        "period": "Q2",
        "operatingleaseleaseincome": 554541000,
        "revenuefromrelatedparties": 2759000,
        "revenues": 557300000,
        "directcostsofleasedandrentedpropertyorequipment": 190680000,
        "costofotherpropertyoperatingexpense": 21814000,
        "generalandadministrativeexpense": 19342000,
        "interestexpense": 74840000,
        "depreciation": 158572000,
        "assetimpairmentcharges": 1355000,
        "costsandexpenses": 466603000,
        "equitysecuritiesfvnigainloss": -172000,
        "othernonoperatingincomeexpense": -3827000,
        "gainlossonsaleofproperties": 27508000,
        "incomelossfromequitymethodinvestments": -2701000,
        "profitloss": 111505000,
        "netincomelossattributabletononcontrollinginterest": 542000,
        "netincomeloss": 110963000,
        "undistributedearningslossallocatedtoparticipatingsecuritiesbasic": 148000,
        "netincomelossavailabletocommonstockholdersbasic": 110815000,
        "netincomelossavailabletocommonstockholdersdiluted": 110815000,
        "weightedaveragenumberofsharesoutstandingbasic": 610331643,
        "weightedaveragenumberofdilutedsharesoutstanding": 611620475,
        "earningspersharebasic": 0.18,
        "earningspersharediluted": 0.18,
        "derivativegainlossonderivativenet": 37474000,
        "othercomprehensiveincomelossderivativeexcludedcomponentincreasedecreaseadjustmentsaftertax": -23018000,
        "othercomprehensiveincomelossnetoftax": 60492000,
        "comprehensiveincomenetoftaxincludingportionattributabletononcontrollinginterest": 171997000,
        "comprehensiveincomenetoftaxattributabletononcontrollinginterest": 785000,
        "comprehensiveincomenetoftax": 171212000
    },
    {
        "date": "2022-03-30",
        "symbol": "INVH",
        "period": "Q1",
        "operatingleaseleaseincome": 530199000,
        "revenuefromrelatedparties": 2111000,
        "revenues": 532310000,
        "directcostsofleasedandrentedpropertyorequipment": 182269000,
        "costofotherpropertyoperatingexpense": 20967000,
        "generalandadministrativeexpense": 17639000,
        "interestexpense": -31228000,
        "depreciation": 2156000,
        "assetimpairmentcharges": 1515000,
        "costsandexpenses": 452575000,
        "equitysecuritiesfvnigainloss": -3032000,
        "othernonoperatingincomeexpense": 594000,
        "gainlossonsaleofproperties": 18026000,
        "incomelossfromequitymethodinvestments": -2320000,
        "profitloss": 388000,
        "netincomelossattributabletononcontrollinginterest": 388000,
        "netincomeloss": 92615000,
        "undistributedearningslossallocatedtoparticipatingsecuritiesbasic": 220000,
        "netincomelossavailabletocommonstockholdersbasic": 92395000,
        "netincomelossavailabletocommonstockholdersdiluted": 92395000,
        "weightedaveragenumberofsharesoutstandingbasic": 606410225,
        "weightedaveragenumberofdilutedsharesoutstanding": 607908398,
        "earningspersharebasic": 0.15,
        "earningspersharediluted": 0.15,
        "derivativegainlossonderivativenet": 176065000,
        "othercomprehensiveincomelossderivativeexcludedcomponentincreasedecreaseadjustmentsaftertax": -31228000,
        "othercomprehensiveincomelossnetoftax": 889000,
        "comprehensiveincomenetoftaxincludingportionattributabletononcontrollinginterest": 300296000,
        "comprehensiveincomenetoftaxattributabletononcontrollinginterest": 1277000,
        "comprehensiveincomenetoftax": 299019000
    },
    {
        "date": "2021-12-30",
        "symbol": "INVH",
        "period": "Q4",
        "operatingleaseleaseincome": 518472000,
        "revenuefromrelatedparties": 1753000,
        "revenues": 520225000,
        "directcostsofleasedandrentedpropertyorequipment": 177883000,
        "costofotherpropertyoperatingexpense": 20173000,
        "generalandadministrativeexpense": 19668000,
        "interestexpense": -35769000,
        "depreciation": 1907000,
        "assetimpairmentcharges": 3046000,
        "costsandexpenses": 451551000,
        "othernonoperatingincomeexpense": -2654000,
        "gainlossonsaleofproperties": 14558000,
        "incomelossfromequitymethodinvestments": -2110000,
        "profitloss": 328000,
        "netincomelossattributabletononcontrollinginterest": 328000,
        "netincomeloss": 74543000,
        "undistributedearningslossallocatedtoparticipatingsecuritiesbasic": 67000,
        "netincomelossavailabletocommonstockholdersbasic": 74476000,
        "weightedaveragenumberofsharesoutstandingbasic": 669892,
        "weightedaveragenumberofdilutedsharesoutstanding": 638131,
        "earningspersharebasic": 0.12000000000000002,
        "earningspersharediluted": 0.12000000000000002,
        "othercomprehensiveincomelossderivativeexcludedcomponentincreasedecreaseadjustmentsaftertax": -35769000,
        "othercomprehensiveincomelossnetoftax": 390000,
        "comprehensiveincomenetoftaxincludingportionattributabletononcontrollinginterest": 166751000,
        "comprehensiveincomenetoftaxattributabletononcontrollinginterest": 718000,
        "comprehensiveincomenetoftax": 166033000
    },
    {
        "date": "2021-09-29",
        "symbol": "INVH",
        "period": "Q3",
        "operatingleaseleaseincome": 508178000,
        "revenuefromrelatedparties": 1354000,
        "revenues": 509532000,
        "directcostsofleasedandrentedpropertyorequipment": 184484000,
        "costofotherpropertyoperatingexpense": 17886000,
        "generalandadministrativeexpense": 19369000,
        "interestexpense": 79370000,
        "depreciation": 150694000,
        "assetimpairmentcharges": 4294000,
        "costsandexpenses": 456097000,
        "equitysecuritiesfvnigainloss": 4319000,
        "othernonoperatingincomeexpense": -1508000,
        "gainlossonsaleofproperties": 13047000,
        "incomelossfromequitymethodinvestments": 202000,
        "profitloss": 69495000,
        "netincomelossattributabletononcontrollinginterest": 318000,
        "netincomeloss": 69177000,
        "undistributedearningslossallocatedtoparticipatingsecuritiesbasic": 69000,
        "netincomelossavailabletocommonstockholdersbasic": 69108000,
        "weightedaveragenumberofsharesoutstandingbasic": 577011178,
        "weightedaveragenumberofdilutedsharesoutstanding": 578571392,
        "earningspersharebasic": 0.12,
        "earningspersharediluted": 0.12,
        "derivativegainlossonderivativenet": -1586000,
        "othercomprehensiveincomelossderivativeexcludedcomponentincreasedecreaseadjustmentsaftertax": -37074000,
        "othercomprehensiveincomelossnetoftax": 35488000,
        "comprehensiveincomenetoftaxincludingportionattributabletononcontrollinginterest": 104983000,
        "comprehensiveincomenetoftaxattributabletononcontrollinginterest": 550000,
        "comprehensiveincomenetoftax": 104433000
    },
    {
        "date": "2021-06-29",
        "symbol": "INVH",
        "period": "Q2",
        "operatingleaseleaseincome": 490618000,
        "revenuefromrelatedparties": 1015000,
        "revenues": 491633000,
        "directcostsofleasedandrentedpropertyorequipment": 175422000,
        "costofotherpropertyoperatingexpense": 17696000,
        "generalandadministrativeexpense": 19828000,
        "interestexpense": 80764000,
        "depreciation": 145280000,
        "assetimpairmentcharges": 980000,
        "costsandexpenses": 439970000,
        "equitysecuritiesfvnigainloss": -7002000,
        "othernonoperatingincomeexpense": -1903000,
        "gainlossonsaleofproperties": 17919000,
        "incomelossfromequitymethodinvestments": 11000,
        "profitloss": 60688000,
        "netincomelossattributabletononcontrollinginterest": 350000,
        "netincomeloss": 60338000,
        "undistributedearningslossallocatedtoparticipatingsecuritiesbasic": 96000,
        "netincomelossavailabletocommonstockholdersbasic": 60242000,
        "weightedaveragenumberofsharesoutstandingbasic": 567931472,
        "weightedaveragenumberofdilutedsharesoutstanding": 569283166,
        "earningspersharebasic": 0.11,
        "earningspersharediluted": 0.11,
        "othercomprehensiveincomelossderivativeexcludedcomponentincreasedecreasebeforeadjustmentsaftertax": -21190000,
        "othercomprehensiveincomelossderivativeexcludedcomponentincreasedecreaseadjustmentsaftertax": -38256000,
        "othercomprehensiveincomelossnetoftax": 17066000,
        "comprehensiveincomenetoftaxincludingportionattributabletononcontrollinginterest": 77754000,
        "comprehensiveincomenetoftaxattributabletononcontrollinginterest": 593000,
        "comprehensiveincomenetoftax": 77161000
    },
    {
        "date": "2021-03-30",
        "symbol": "INVH",
        "period": "Q1",
        "operatingleaseleaseincome": 474454000,
        "revenuefromrelatedparties": 771000,
        "revenues": 475225000,
        "directcostsofleasedandrentedpropertyorequipment": 168373000,
        "costofotherpropertyoperatingexpense": 15842000,
        "generalandadministrativeexpense": 16950000,
        "interestexpense": 83406000,
        "depreciation": 144501000,
        "assetimpairmentcharges": 356000,
        "costsandexpenses": 429428000,
        "equitysecuritiesfvniunrealizedgainloss": -3140000,
        "othernonoperatingincomeexpense": 230000,
        "gainlossonsaleofproperties": 14484000,
        "incomelossfromequitymethodinvestments": 351000,
        "profitloss": 57722000,
        "netincomelossattributabletononcontrollinginterest": 355000,
        "netincomeloss": 57367000,
        "undistributedearningslossallocatedtoparticipatingsecuritiesbasic": 95000,
        "netincomelossavailabletocommonstockholdersbasic": 57272000,
        "weightedaveragenumberofsharesoutstandingbasic": 567375502,
        "weightedaveragenumberofdilutedsharesoutstanding": 568826104,
        "earningspersharebasic": 0.1,
        "earningspersharediluted": 0.1,
        "othercomprehensiveincomelossderivativeexcludedcomponentincreasedecreasebeforeadjustmentsaftertax": 80059000,
        "othercomprehensiveincomelossderivativeexcludedcomponentincreasedecreaseadjustmentsaftertax": -37643000,
        "othercomprehensiveincomelossnetoftax": 117702000,
        "comprehensiveincomenetoftaxincludingportionattributabletononcontrollinginterest": 175424000,
        "comprehensiveincomenetoftaxattributabletononcontrollinginterest": 1073000,
        "comprehensiveincomenetoftax": 174351000
    },
    {
        "date": "2020-12-30",
        "symbol": "INVH",
        "period": "Q4",
        "operatingleaseleaseincome": 464100000,
        "directcostsofleasedandrentedpropertyorequipment": 168628000,
        "costofotherpropertyoperatingexpense": 14888000,
        "generalandadministrativeexpense": 16679000,
        "interestexpense": 95382000,
        "depreciation": 142090000,
        "assetimpairmentcharges": -3974000,
        "costsandexpenses": 433693000,
        "othernonoperatingincomeexpense": -2121000,
        "gainlossonsaleofproperties": 13121000,
        "profitloss": 71130000,
        "netincomelossattributabletononcontrollinginterest": 431000,
        "netincomeloss": 70699000,
        "undistributedearningslossallocatedtoparticipatingsecuritiesbasic": 113000,
        "netincomelossavailabletocommonstockholdersbasic": 70586000,
        "weightedaveragenumberofsharesoutstandingbasic": -1097967154,
        "weightedaveragenumberofdilutedsharesoutstanding": -1100237399,
        "earningspersharebasic": 0.11999999999999997,
        "earningspersharediluted": 0.11999999999999997,
        "othercomprehensiveincomelossderivativeexcludedcomponentincreasedecreasebeforeadjustmentsaftertax": 9960000,
        "othercomprehensiveincomelossderivativeexcludedcomponentincreasedecreaseadjustmentsaftertax": -42383000,
        "othercomprehensiveincomelossnetoftax": 52343000,
        "comprehensiveincomenetoftaxincludingportionattributabletononcontrollinginterest": 123473000,
        "comprehensiveincomenetoftaxattributabletononcontrollinginterest": 750000,
        "comprehensiveincomenetoftax": 122723000
    },
    {
        "date": "2020-09-29",
        "symbol": "INVH",
        "period": "Q3",
        "operatingleaseleaseincome": 459184000,
        "directcostsofleasedandrentedpropertyorequipment": 177997000,
        "costofotherpropertyoperatingexpense": 14824000,
        "generalandadministrativeexpense": 17972000,
        "interestexpense": 87713000,
        "depreciation": 138147000,
        "assetimpairmentcharges": 1723000,
        "costsandexpenses": 438376000,
        "othernonoperatingincomeexpense": -3049000,
        "gainlossonsaleofproperties": 15106000,
        "profitloss": 32865000,
        "netincomelossattributabletononcontrollinginterest": 211000,
        "netincomeloss": 32654000,
        "undistributedearningslossallocatedtoparticipatingsecuritiesbasic": 114000,
        "netincomelossavailabletocommonstockholdersbasic": 32540000,
        "weightedaveragenumberofsharesoutstandingbasic": 560598995,
        "weightedaveragenumberofdilutedsharesoutstanding": 561871373,
        "earningspersharebasic": 0.06,
        "earningspersharediluted": 0.06,
        "othercomprehensiveincomelossderivativeexcludedcomponentincreasedecreasebeforeadjustmentsaftertax": -4171000,
        "othercomprehensiveincomelossderivativeexcludedcomponentincreasedecreaseadjustmentsaftertax": -37557000,
        "othercomprehensiveincomelossnetoftax": 33386000,
        "comprehensiveincomenetoftaxincludingportionattributabletononcontrollinginterest": 66251000,
        "comprehensiveincomenetoftaxattributabletononcontrollinginterest": 415000,
        "comprehensiveincomenetoftax": 65836000
    },
    {
        "date": "2020-06-29",
        "symbol": "INVH",
        "period": "Q2",
        "operatingleaseleaseincome": 449755000,
        "directcostsofleasedandrentedpropertyorequipment": 167002000,
        "costofotherpropertyoperatingexpense": 14529000,
        "generalandadministrativeexpense": 14426000,
        "interestexpense": 86071000,
        "depreciation": 137266000,
        "assetimpairmentcharges": -180000,
        "costsandexpenses": 419114000,
        "othernonoperatingincomeexpense": 1370000,
        "gainlossonsaleofproperties": 11167000,
        "profitloss": 43178000,
        "netincomelossattributabletononcontrollinginterest": 275000,
        "netincomeloss": 42903000,
        "undistributedearningslossallocatedtoparticipatingsecuritiesbasic": 119000,
        "netincomelossavailabletocommonstockholdersbasic": 42784000,
        "weightedaveragenumberofsharesoutstandingbasic": 548811968,
        "weightedaveragenumberofdilutedsharesoutstanding": 549920213,
        "earningspersharebasic": 0.08,
        "earningspersharediluted": 0.08,
        "othercomprehensiveincomelossderivativeexcludedcomponentincreasedecreasebeforeadjustmentsaftertax": -52817000,
        "othercomprehensiveincomelossderivativeexcludedcomponentincreasedecreaseadjustmentsaftertax": -28042000,
        "othercomprehensiveincomelossnetoftax": -24775000,
        "comprehensiveincomenetoftaxincludingportionattributabletononcontrollinginterest": 18403000,
        "comprehensiveincomenetoftaxattributabletononcontrollinginterest": 246000,
        "comprehensiveincomenetoftax": 18157000
    },
    {
        "date": "2020-03-30",
        "symbol": "INVH",
        "period": "Q1",
        "operatingleaseleaseincome": 449789000,
        "directcostsofleasedandrentedpropertyorequipment": 166916000,
        "costofotherpropertyoperatingexpense": 14372000,
        "generalandadministrativeexpense": 14228000,
        "interestexpense": 84757000,
        "depreciation": 135027000,
        "assetimpairmentcharges": 3127000,
        "costsandexpenses": 418427000,
        "othernonoperatingincomeexpense": 3714000,
        "gainlossonsaleofproperties": 15200000,
        "profitloss": 50276000,
        "netincomelossattributabletononcontrollinginterest": 320000,
        "netincomeloss": 49956000,
        "undistributedearningslossallocatedtoparticipatingsecuritiesbasic": 102000,
        "netincomelossavailabletocommonstockholdersbasic": 49854000,
        "weightedaveragenumberofsharesoutstandingbasic": 542549512,
        "weightedaveragenumberofdilutedsharesoutstanding": 543904420,
        "earningspersharebasic": 0.09,
        "earningspersharediluted": 0.09,
        "othercomprehensiveincomelossderivativeexcludedcomponentincreasedecreasebeforeadjustmentsaftertax": -341438000,
        "othercomprehensiveincomelossderivativeexcludedcomponentincreasedecreaseadjustmentsaftertax": -8567000,
        "othercomprehensiveincomelossnetoftax": -332871000,
        "comprehensiveincomenetoftaxincludingportionattributabletononcontrollinginterest": -282595000,
        "comprehensiveincomenetoftaxattributabletononcontrollinginterest": -1749000,
        "comprehensiveincomenetoftax": -280846000
    },
    {
        "date": "2019-12-30",
        "symbol": "INVH",
        "period": "Q4",
        "operatingleaseleaseincome": 444277000,
        "directcostsofleasedandrentedpropertyorequipment": 167576000,
        "costofotherpropertyoperatingexpense": 14561000,
        "generalandadministrativeexpense": 15375000,
        "interestexpense": 171537000,
        "depreciation": 134853000,
        "assetimpairmentcharges": 6940000,
        "costsandexpenses": 426633000,
        "othernonoperatingincomeexpense": 3130000,
        "gainlossonsaleofproperties": 31780000,
        "profitloss": 52901000,
        "netincomelossattributabletononcontrollinginterest": 562000,
        "netincomeloss": 51992000,
        "undistributedearningslossallocatedtoparticipatingsecuritiesbasic": 89000,
        "netincomelossavailabletocommonstockholdersbasic": 51903000,
        "weightedaveragenumberofsharesoutstandingbasic": -1053046141,
        "weightedaveragenumberofdilutedsharesoutstanding": -1053896238,
        "earningspersharebasic": 0.1,
        "earningspersharediluted": 0.1,
        "othercomprehensiveincomelossderivativeexcludedcomponentincreasedecreasebeforeadjustmentsaftertax": 64070000,
        "othercomprehensiveincomelossderivativeexcludedcomponentincreasedecreaseadjustmentsaftertax": -2263000,
        "othercomprehensiveincomelossnetoftax": 64715000,
        "comprehensiveincomenetoftaxincludingportionattributabletononcontrollinginterest": 118887000,
        "comprehensiveincomenetoftaxattributabletononcontrollinginterest": 1070000,
        "comprehensiveincomenetoftax": 117817000
    },
    {
        "date": "2019-09-29",
        "symbol": "INVH",
        "period": "Q3",
        "operatingleaseleaseincome": 443326000,
        "directcostsofleasedandrentedpropertyorequipment": 175491000,
        "costofotherpropertyoperatingexpense": 15872000,
        "generalandadministrativeexpense": 16405000,
        "interestexpense": 89067000,
        "depreciation": 133315000,
        "assetimpairmentcharges": 4740000,
        "costsandexpenses": 434890000,
        "othernonoperatingincomeexpense": 4735000,
        "gainlossonsaleofproperties": 20812000,
        "profitloss": 33983000,
        "netincomelossattributabletononcontrollinginterest": 276000,
        "netincomeloss": 33707000,
        "undistributedearningslossallocatedtoparticipatingsecuritiesbasic": 91000,
        "netincomelossavailabletocommonstockholdersbasic": 33616000,
        "weightedaveragenumberofsharesoutstandingbasic": 537771245,
        "weightedaveragenumberofdilutedsharesoutstanding": 538644888,
        "earningspersharebasic": 0.06,
        "earningspersharediluted": 0.06,
        "othercomprehensiveincomelossderivativeexcludedcomponentincreasedecreasebeforeadjustmentsaftertax": -71729000,
        "othercomprehensiveincomelossderivativeexcludedcomponentincreasedecreaseadjustmentsaftertax": 4272000,
        "othercomprehensiveincomelossnetoftax": -76001000,
        "comprehensiveincomenetoftaxincludingportionattributabletononcontrollinginterest": -42018000,
        "comprehensiveincomenetoftaxattributabletononcontrollinginterest": -371000,
        "comprehensiveincomenetoftax": -41647000
    },
    {
        "date": "2019-06-29",
        "symbol": "INVH",
        "period": "Q2",
        "operatingleaseleaseincome": 441582000,
        "directcostsofleasedandrentedpropertyorequipment": 166574000,
        "costofotherpropertyoperatingexpense": 16021000,
        "generalandadministrativeexpense": 15956000,
        "interestexpense": 95706000,
        "depreciation": 133031000,
        "assetimpairmentcharges": 1671000,
        "costsandexpenses": 428959000,
        "othernonoperatingincomeexpense": 610000,
        "gainlossonsaleofproperties": 26172000,
        "profitloss": 39405000,
        "netincomelossattributabletononcontrollinginterest": 463000,
        "netincomeloss": 38942000,
        "undistributedearningslossallocatedtoparticipatingsecuritiesbasic": 109000,
        "netincomelossavailabletocommonstockholdersbasic": 38833000,
        "weightedaveragenumberofsharesoutstandingbasic": 525070036,
        "weightedaveragenumberofdilutedsharesoutstanding": 525933643,
        "earningspersharebasic": 0.07,
        "earningspersharediluted": 0.07,
        "othercomprehensiveincomelossderivativeexcludedcomponentincreasedecreasebeforeadjustmentsaftertax": -148599000,
        "othercomprehensiveincomelossderivativeexcludedcomponentincreasedecreaseadjustmentsaftertax": 7891000,
        "othercomprehensiveincomelossnetoftax": -156490000,
        "comprehensiveincomenetoftaxincludingportionattributabletononcontrollinginterest": -117085000,
        "comprehensiveincomenetoftaxattributabletononcontrollinginterest": -1312000,
        "comprehensiveincomenetoftax": -115773000
    },
    {
        "date": "2019-03-30",
        "symbol": "INVH",
        "period": "Q1",
        "operatingleaseleaseincome": 435500000,
        "directcostsofleasedandrentedpropertyorequipment": 160346000,
        "costofotherpropertyoperatingexpense": 15160000,
        "generalandadministrativeexpense": 26538000,
        "interestexpense": 10863000,
        "depreciation": 132520000,
        "assetimpairmentcharges": 5392000,
        "costsandexpenses": 435028000,
        "othernonoperatingincomeexpense": 3125000,
        "gainlossonsaleofproperties": 17572000,
        "profitloss": 20822000,
        "netincomelossattributabletononcontrollinginterest": 347000,
        "netincomeloss": 20822000,
        "undistributedearningslossallocatedtoparticipatingsecuritiesbasic": 106000,
        "netincomelossavailabletocommonstockholdersbasic": 20716000,
        "weightedaveragenumberofsharesoutstandingbasic": 521440822,
        "weightedaveragenumberofdilutedsharesoutstanding": 521817494,
        "earningspersharebasic": 0.04,
        "earningspersharediluted": 0.04,
        "othercomprehensiveincomelossderivativeexcludedcomponentincreasedecreasebeforeadjustmentsaftertax": -87868000,
        "othercomprehensiveincomelossderivativeexcludedcomponentincreasedecreaseadjustmentsaftertax": 10863000,
        "othercomprehensiveincomelossnetoftax": -97113000,
        "comprehensiveincomenetoftaxincludingportionattributabletononcontrollinginterest": -77562000,
        "comprehensiveincomenetoftaxattributabletononcontrollinginterest": -1271000,
        "comprehensiveincomenetoftax": -76291000
    },
    {
        "date": "2018-09-29",
        "symbol": "INVH",
        "period": "Q3",
        "operatingleasesincomestatementleaserevenue": 404140000,
        "directcostsofleasedandrentedpropertyorequipment": 170021000,
        "generalandadministrativeexpense": 21152000,
        "depreciation": 7203000,
        "assetimpairmentcharges": 3252000,
        "operatingexpenses": 350488000,
        "operatingincomeloss": 83763000,
        "interestexpense": -86588000,
        "othernonoperatingincomeexpense": 3330000,
        "gainlossonsaleofproperties": 11512000,
        "profitloss": 1262000,
        "netincomelossattributabletononcontrollinginterest": 21000,
        "netincomeloss": 1020000,
        "netincomelossavailabletocommonstockholdersbasic": 824000,
        "netincomelossavailabletocommonstockholdersdiluted": 824000,
        "weightedaveragenumberofsharesoutstandingbasic": -519903027,
        "weightedaveragenumberofdilutedsharesoutstanding": -519903027,
        "earningspersharebasic": 0,
        "earningspersharediluted": 0,
        "othercomprehensiveincomelossnetoftax": 32738000,
        "comprehensiveincomenetoftaxincludingportionattributabletononcontrollinginterest": 34547000,
        "comprehensiveincomenetoftaxattributabletononcontrollinginterest": 595000,
        "comprehensiveincomenetoftax": 33952000
    },
    {
        "date": "2018-06-29",
        "symbol": "INVH",
        "period": "Q2",
        "operatingleasesincomestatementleaserevenue": 403848000,
        "revenuefromcontractwithcustomerexcludingassessedtax": 28578000,
        "revenues": 432426000,
        "directcostsofleasedandrentedpropertyorequipment": 165423000,
        "costofotherpropertyoperatingexpense": 14348000,
        "generalandadministrativeexpense": 24636000,
        "depreciation": 1503000,
        "assetimpairmentcharges": 4103000,
        "operatingexpenses": 354960000,
        "operatingincomeloss": 77466000,
        "interestexpense": 3596000,
        "othernonoperatingincomeexpense": 1631000,
        "nonoperatingincomeexpense": -95595000,
        "incomelossfromcontinuingoperations": -18129000,
        "gainlossonsaleofproperties": 3941000,
        "profitloss": -14188000,
        "netincomelossattributabletononcontrollinginterest": -242000,
        "netincomeloss": -13946000,
        "netincomelossavailabletocommonstockholdersbasic": -14155000,
        "netincomelossavailabletocommonstockholdersdiluted": -14155000,
        "weightedaveragenumberofsharesoutstandingbasic": 520509058,
        "weightedaveragenumberofdilutedsharesoutstanding": 520509058,
        "earningspersharebasic": -0.03,
        "earningspersharediluted": -0.03,
        "commonstockdividendspersharedeclared": 0.11,
        "othercomprehensiveincomelossderivativeexcludedcomponentincreasedecreasebeforeadjustmentsaftertax": 15826000,
        "othercomprehensiveincomelossderivativeexcludedcomponentincreasedecreaseadjustmentsaftertax": 3596000,
        "othercomprehensiveincomelossnetoftax": 12230000,
        "comprehensiveincomenetoftaxincludingportionattributabletononcontrollinginterest": -1958000,
        "comprehensiveincomenetoftaxattributabletononcontrollinginterest": -48000,
        "comprehensiveincomenetoftax": -1910000
    },
    {
        "date": "2018-03-30",
        "symbol": "INVH",
        "period": "Q1",
        "operatingleasesincomestatementleaserevenue": 395792000,
        "otherrealestaterevenue": 27877000,
        "realestaterevenuenet": 423669000,
        "directcostsofleasedandrentedpropertyorequipment": 160767000,
        "ownedpropertymanagementcosts": 17164000,
        "generalandadministrativeexpense": 27636000,
        "depreciation": 1392000,
        "assetimpairmentcharges": 6121000,
        "operatingexpenses": 356188000,
        "operatingincomeloss": 67481000,
        "interestexpense": 92299000,
        "othernonoperatingincomeexpense": 1736000,
        "nonoperatingincomeexpense": -90563000,
        "incomelossfromcontinuingoperations": -23082000,
        "gainlossonsaleofproperties": 5502000,
        "profitloss": -17269000,
        "netincomelossattributabletononcontrollinginterest": -311000,
        "netincomeloss": -17269000,
        "netincomelossavailabletocommonstockholdersbasic": -17491000,
        "netincomelossavailabletocommonstockholdersdiluted": -17491000,
        "weightedaveragenumberofsharesoutstandingbasic": 519660998,
        "weightedaveragenumberofdilutedsharesoutstanding": 519660998,
        "earningspersharebasic": -0.03,
        "earningspersharediluted": -0.03,
        "commonstockdividendspersharedeclared": 0.11,
        "othercomprehensiveincomeunrealizedgainlossonderivativesarisingduringperiodnetoftax": 59900000,
        "othercomprehensiveincomelossreclassificationadjustmentfromaocionderivativesnetoftax": -271000,
        "othercomprehensiveincomelossnetoftax": 59107000,
        "comprehensiveincomenetoftaxincludingportionattributabletononcontrollinginterest": 42591000,
        "comprehensiveincomenetoftaxattributabletononcontrollinginterest": 753000,
        "comprehensiveincomenetoftax": 41838000
    },
    {
        "date": "2017-09-29",
        "symbol": "INVH",
        "period": "Q3",
        "operatingleasesincomestatementleaserevenue": 229375000,
        "otherrealestaterevenue": 14161000,
        "realestaterevenuenet": 243536000,
        "directcostsofleasedandrentedpropertyorequipment": 93267000,
        "ownedpropertymanagementcosts": 10852000,
        "generalandadministrativeexpense": 27462000,
        "depreciation": 795000,
        "assetimpairmentcharges": 14572000,
        "operatingexpenses": 213619000,
        "operatingincomeloss": 29917000,
        "interestexpense": 56796000,
        "othernonoperatingincomeexpense": 613000,
        "nonoperatingincomeexpense": -56183000,
        "incomelossfromcontinuingoperations": -26266000,
        "gainlossonsaleofproperties": 3756000,
        "netincomeloss": -22510000,
        "netincomelossavailabletocommonstockholdersbasic": -22745000,
        "netincomelossavailabletocommonstockholdersdiluted": -22745000,
        "weightedaveragenumberofshareoutstandingbasicanddiluted": 311559780,
        "earningspersharebasicanddiluted": -0.07,
        "commonstockdividendspersharedeclared": 0.08,
        "othercomprehensiveincomeunrealizedgainlossonderivativesarisingduringperiodnetoftax": -598000,
        "othercomprehensiveincomelossreclassificationadjustmentfromaocionderivativesnetoftax": -4193000,
        "othercomprehensiveincomelossnetoftaxportionattributabletoparent": 3595000,
        "comprehensiveincomenetoftax": -18915000
    },
    {
        "date": "2017-06-29",
        "symbol": "INVH",
        "period": "Q2",
        "operatingleasesincomestatementleaserevenue": 228504000,
        "otherrealestaterevenue": 13712000,
        "realestaterevenuenet": 242216000,
        "directcostsofleasedandrentedpropertyorequipment": 92840000,
        "ownedpropertymanagementcosts": 9135000,
        "generalandadministrativeexpense": 18426000,
        "depreciation": 816000,
        "assetimpairmentcharges": 706000,
        "operatingexpenses": 188622000,
        "operatingincomeloss": 53594000,
        "interestexpense": 57358000,
        "othernonoperatingincomeexpense": -869000,
        "nonoperatingincomeexpense": -58227000,
        "incomelossfromcontinuingoperations": -4633000,
        "gainlossonsaleofproperties": 10162000,
        "netincomeloss": 5529000,
        "netincomelossavailabletocommonstockholdersbasic": 5420000,
        "netincomelossavailabletocommonstockholdersdiluted": 5420000,
        "weightedaveragenumberofsharesoutstandingbasic": 311771221,
        "weightedaveragenumberofdilutedsharesoutstanding": 312271578,
        "earningspersharebasic": 0.02,
        "earningspersharediluted": 0.02,
        "commonstockdividendspersharedeclared": 0.06,
        "othercomprehensiveincomeunrealizedgainlossonderivativesarisingduringperiodnetoftax": -14759000,
        "othercomprehensiveincomelossreclassificationadjustmentfromaocionderivativesnetoftax": -6059000,
        "othercomprehensiveincomelossnetoftaxportionattributabletoparent": -8700000,
        "comprehensiveincomenetoftax": -3171000
    },
    {
        "date": "2017-03-30",
        "symbol": "INVH",
        "period": "Q1",
        "operatingleasesincomestatementleaserevenue": 226096000,
        "otherrealestaterevenue": 12654000,
        "realestaterevenuenet": 238750000,
        "directcostsofleasedandrentedpropertyorequipment": 88168000,
        "ownedpropertymanagementcosts": 11449000,
        "generalandadministrativeexpense": 58266000,
        "depreciation": 924000,
        "assetimpairmentcharges": 1204000,
        "operatingexpenses": 226664000,
        "operatingincomeloss": 12086000,
        "interestexpense": 68572000,
        "othernonoperatingexpense": 226000,
        "nonoperatingincomeexpense": -68798000,
        "incomelossfromcontinuingoperations": -56712000,
        "gainlossonsaleofproperties": 14321000,
        "netincomeloss": -42391000,
        "netincomelossavailabletocommonstockholdersbasic": -25512000,
        "weightedaveragenumberofshareoutstandingbasicanddiluted": 311651082,
        "earningspersharebasicanddiluted": -0.08,
        "othercomprehensiveincomeunrealizedgainlossonderivativesarisingduringperiodnetoftax": 10561000,
        "othercomprehensiveincomelossreclassificationadjustmentfromaocionderivativesnetoftax": -2711000,
        "othercomprehensiveincomelossnetoftaxportionattributabletoparent": 13272000,
        "comprehensiveincomenetoftax": -29119000
    }
]