[
    {
        "date": "2024-09-29",
        "symbol": "MTD",
        "period": "Q3",
        "revenues": 954535000,
        "costofgoodsandservicessold": 108863000,
        "grossprofit": 572467000,
        "researchanddevelopmentexpense": 47117000,
        "sellinggeneralandadministrativeexpense": 228777000,
        "amortizationofdeferredcharges": 18243000,
        "interestexpense": 18599000,
        "restructuringcharges": 2631000,
        "othernonoperatingincomeexpense": 1852000,
        "incomelossfromcontinuingoperationsbeforeincometaxesextraordinaryitemsnoncontrollinginterest": 258952000,
        "incometaxexpensebenefit": 47436000,
        "netincomeloss": 211516000,
        "earningspersharebasic": 10.01,
        "weightedaveragenumberofsharesoutstandingbasic": 21139674,
        "earningspersharediluted": 9.96,
        "weightedaveragenumberofdilutedsharesoutstanding": 21242343,
        "comprehensiveincomenetoftax": 194101000,
        "stockissuedduringperiodvaluetreasurystockreissued": 14203000,
        "exerciseofstockoptionsandrestrictedstockunitssharestreasurystockreissued": 35371,
        "treasurystockvalueacquiredcostmethod": -212499000,
        "treasurystocksharesacquired": -151921,
        "excisetaxonnetrepurchasesofcommonstock": 1755000,
        "adjustmentstoadditionalpaidincapitalsharebasedcompensationrequisiteserviceperiodrecognitionvalue": 4359000,
        "othercomprehensiveincomelossnetoftaxportionattributabletoparent": -17415000
    },
    {
        "date": "2024-06-29",
        "symbol": "MTD",
        "period": "Q2",
        "revenues": 712260000,
        "costofgoodsandservicessold": 270571000,
        "grossprofit": 565668000,
        "researchanddevelopmentexpense": 45771000,
        "sellinggeneralandadministrativeexpense": 235796000,
        "amortizationofdeferredcharges": 18178000,
        "interestexpense": 18950000,
        "restructuringcharges": 5329000,
        "othernonoperatingincomeexpense": 1533000,
        "incomelossfromcontinuingoperationsbeforeincometaxesextraordinaryitemsnoncontrollinginterest": 243177000,
        "incometaxexpensebenefit": 21363000,
        "netincomeloss": 221814000,
        "earningspersharebasic": 10.42,
        "weightedaveragenumberofsharesoutstandingbasic": 21279006,
        "earningspersharediluted": 10.37,
        "weightedaveragenumberofdilutedsharesoutstanding": 21392550,
        "comprehensiveincomenetoftax": 209521000,
        "stockissuedduringperiodvaluetreasurystockreissued": 856000,
        "exerciseofstockoptionsandrestrictedstockunitssharestreasurystockreissued": 18640,
        "treasurystockvalueacquiredcostmethod": 212499000,
        "treasurystocksharesacquired": 156792,
        "excisetaxonnetrepurchasesofcommonstock": 1913000,
        "adjustmentstoadditionalpaidincapitalsharebasedcompensationrequisiteserviceperiodrecognitionvalue": 4541000,
        "othercomprehensiveincomelossnetoftaxportionattributabletoparent": -12293000
    },
    {
        "date": "2024-03-30",
        "symbol": "MTD",
        "period": "Q1",
        "costofgoodsandservicessold": 271927000,
        "revenues": 700968000,
        "grossprofit": 548133000,
        "researchanddevelopmentexpense": 46415000,
        "sellinggeneralandadministrativeexpense": 234390000,
        "amortizationofdeferredcharges": 18228000,
        "interestexpense": 19232000,
        "restructuringcharges": 9664000,
        "othernonoperatingincomeexpense": 343000,
        "incomelossfromcontinuingoperationsbeforeincometaxesextraordinaryitemsnoncontrollinginterest": 220547000,
        "incometaxexpensebenefit": 43038000,
        "netincomeloss": 177509000,
        "earningspersharebasic": 8.28,
        "weightedaveragenumberofsharesoutstandingbasic": 21437673,
        "earningspersharediluted": 8.24,
        "weightedaveragenumberofdilutedsharesoutstanding": 21543313,
        "comprehensiveincomenetoftax": 199250000,
        "stockholdersequity": -158717000,
        "commonstocksharesoutstanding": 21357370,
        "exerciseofstockoptionsandrestrictedstockunitssharestreasurystockreissued": 4898,
        "sharebasedcompensationexercisevalue": 585000,
        "treasurystockvalueacquiredcostmethod": 212499000,
        "treasurystocksharesacquired": 173700,
        "adjustmentstoadditionalpaidincapitalsharebasedcompensationrequisiteserviceperiodrecognitionvalue": 4722000,
        "othercomprehensiveincomelossnetoftaxportionattributabletoparent": 21741000,
        "salesandexcisetaxpayablecurrentandnoncurrent": -2083000
    },
    {
        "date": "2023-09-29",
        "symbol": "MTD",
        "period": "Q3",
        "revenues": 722611000,
        "costofgoodsandservicessold": 280704000,
        "grossprofit": 559539000,
        "researchanddevelopmentexpense": 46127000,
        "sellinggeneralandadministrativeexpense": 217447000,
        "amortizationofdeferredcharges": 18314000,
        "interestexpense": 20278000,
        "restructuringcharges": 7385000,
        "othernonoperatingincomeexpense": 1171000,
        "incomelossfromcontinuingoperationsbeforeincometaxesextraordinaryitemsnoncontrollinginterest": 251159000,
        "incometaxexpensebenefit": 49528000,
        "netincomeloss": 201631000,
        "earningspersharebasic": 9.26,
        "weightedaveragenumberofsharesoutstandingbasic": 21776944,
        "earningspersharediluted": 9.21,
        "weightedaveragenumberofdilutedsharesoutstanding": 21886482,
        "comprehensiveincomenetoftax": 205694000,
        "stockissuedduringperiodvaluetreasurystockreissued": 173000,
        "exerciseofstockoptionsandrestrictedstockunitssharestreasurystockreissued": 621,
        "treasurystockvalueacquiredcostmethod": 223999000,
        "treasurystocksharesacquired": 181637,
        "excisetaxonnetrepurchasesofcommonstock": 2237000,
        "adjustmentstoadditionalpaidincapitalsharebasedcompensationrequisiteserviceperiodrecognitionvalue": 4228000,
        "othercomprehensiveincomelossnetoftaxportionattributabletoparent": 4063000
    },
    {
        "date": "2020-03-30",
        "symbol": "MTD",
        "period": "Q1",
        "costofgoodsandservicessold": 191623000,
        "revenues": 489334000,
        "grossprofit": 374409000,
        "researchanddevelopmentexpense": 34387000,
        "sellinggeneralandadministrativeexpense": 198744000,
        "amortizationofdeferredcharges": 13998000,
        "interestexpense": 10219000,
        "restructuringcharges": 1905000,
        "othernonoperatingincomeexpense": 3343000,
        "incomelossfromcontinuingoperationsbeforeincometaxesminorityinterestandincomelossfromequitymethodinvestments": 118499000,
        "incometaxexpensebenefit": 20384000,
        "netincomeloss": 98115000,
        "earningspersharebasic": 4.08,
        "weightedaveragenumberofsharesoutstandingbasic": 24027833,
        "earningspersharediluted": 4.03,
        "weightedaveragenumberofdilutedsharesoutstanding": 24353477,
        "comprehensiveincomenetoftax": 74087000,
        "stockholdersequity": 306397000,
        "commonstocksharesoutstanding": 23907528,
        "exerciseofstockoptionsandrestrictedstockunitssharestreasurystockreissued": 50372,
        "sharebasedcompensationexercisevalue": 9355000,
        "treasurystockvalueacquiredcostmethod": 200000000,
        "treasurystocksharesacquired": 268161,
        "adjustmentstoadditionalpaidincapitalsharebasedcompensationrequisiteserviceperiodrecognitionvalue": 4395000,
        "othercomprehensiveincomelossnetoftaxportionattributabletoparent": -24028000
    },
    {
        "date": "2019-09-29",
        "symbol": "MTD",
        "period": "Q3",
        "revenues": 586756000,
        "costofgoodsandservicessold": 233369000,
        "grossprofit": 435056000,
        "researchanddevelopmentexpense": 36015000,
        "sellinggeneralandadministrativeexpense": 202826000,
        "amortizationofdeferredcharges": 12329000,
        "interestexpense": 9800000,
        "restructuringcharges": 6732000,
        "othernonoperatingincomeexpense": 2005000,
        "incomelossfromcontinuingoperationsbeforeincometaxesminorityinterestandincomelossfromequitymethodinvestments": 169359000,
        "incometaxexpensebenefit": 39964000,
        "netincomeloss": 129395000,
        "earningspersharebasic": 5.28,
        "weightedaveragenumberofsharesoutstandingbasic": 24487268,
        "earningspersharediluted": 5.2,
        "weightedaveragenumberofdilutedsharesoutstanding": 24880179,
        "comprehensiveincomenetoftax": 115842000,
        "stockissuedduringperiodvaluetreasurystockreissued": 43000,
        "exerciseofstockoptionsandrestrictedstockunitssharestreasurystockreissued": 246,
        "treasurystockvalueacquiredcostmethod": -186250000,
        "treasurystocksharesacquired": -255277,
        "adjustmentstoadditionalpaidincapitalsharebasedcompensationrequisiteserviceperiodrecognitionvalue": 4463000,
        "othercomprehensiveincomelossnetoftaxportionattributabletoparent": -13553000
    },
    {
        "date": "2019-06-29",
        "symbol": "MTD",
        "period": "Q2",
        "revenues": 565927000,
        "costofgoodsandservicessold": 226816000,
        "grossprofit": 419538000,
        "researchanddevelopmentexpense": 36582000,
        "sellinggeneralandadministrativeexpense": 205215000,
        "amortizationofdeferredcharges": 12326000,
        "interestexpense": 8882000,
        "restructuringcharges": 2891000,
        "othernonoperatingincomeexpense": 1574000,
        "incomelossfromcontinuingoperationsbeforeincometaxesminorityinterestandincomelossfromequitymethodinvestments": 155216000,
        "incometaxexpensebenefit": 28056000,
        "netincomeloss": 127160000,
        "earningspersharebasic": 5.15,
        "weightedaveragenumberofsharesoutstandingbasic": 24698032,
        "earningspersharediluted": 5.06,
        "weightedaveragenumberofdilutedsharesoutstanding": 25118352,
        "comprehensiveincomenetoftax": 115481000,
        "stockissuedduringperiodvaluetreasurystockreissued": 9307000,
        "exerciseofstockoptionsandrestrictedstockunitssharestreasurystockreissued": 54843,
        "treasurystockvalueacquiredcostmethod": -186250000,
        "treasurystocksharesacquired": -248897,
        "adjustmentstoadditionalpaidincapitalsharebasedcompensationrequisiteserviceperiodrecognitionvalue": 4338000,
        "othercomprehensiveincomelossnetoftaxportionattributabletoparent": -11679000
    },
    {
        "date": "2019-03-30",
        "symbol": "MTD",
        "period": "Q1",
        "costofgoodsandservicessold": 80917000,
        "revenues": 234650000,
        "grossprofit": 388319000,
        "researchanddevelopmentexpense": 36053000,
        "sellinggeneralandadministrativeexpense": 204425000,
        "amortizationofdeferredcharges": 12222000,
        "interestexpense": 9094000,
        "restructuringcharges": 500000,
        "othernonoperatingincomeexpense": 674000,
        "incomelossfromcontinuingoperationsbeforeincometaxesminorityinterestandincomelossfromequitymethodinvestments": 125676000,
        "incometaxexpensebenefit": 13871000,
        "netincomeloss": 111805000,
        "earningspersharebasic": 4.5,
        "weightedaveragenumberofsharesoutstandingbasic": 24851340,
        "earningspersharediluted": 4.42,
        "weightedaveragenumberofdilutedsharesoutstanding": 25310525,
        "comprehensiveincomenetoftax": 124465000,
        "stockholdersequity": -3972597000,
        "commonstocksharesoutstanding": 24803286,
        "exerciseofstockoptionsandrestrictedstockunitssharestreasurystockreissued": 171752,
        "sharebasedcompensationexercisevalue": 28990000,
        "treasurystockvalueacquiredcostmethod": 186250000,
        "treasurystocksharesacquired": 290429,
        "adjustmentstoadditionalpaidincapitalsharebasedcompensationrequisiteserviceperiodrecognitionvalue": 4482000,
        "othercomprehensiveincomelossnetoftaxportionattributabletoparent": 12660000
    },
    {
        "date": "2018-09-29",
        "symbol": "MTD",
        "period": "Q3",
        "grossprofit": 419254000,
        "researchanddevelopmentexpense": 34838000,
        "sellinggeneralandadministrativeexpense": 202451000,
        "amortizationofdeferredcharges": 11856000,
        "interestexpense": 9003000,
        "restructuringcharges": 600000,
        "othernonoperatingincomeexpense": 1479000,
        "incomelossfromcontinuingoperationsbeforeincometaxesminorityinterestandincomelossfromequitymethodinvestments": 160363000,
        "incometaxexpensebenefit": 33710000,
        "netincomeloss": 126653000,
        "earningspersharebasic": 5.029999999999999,
        "weightedaveragenumberofsharesoutstandingbasic": -86722,
        "earningspersharediluted": 4.9300000000000015,
        "weightedaveragenumberofdilutedsharesoutstanding": -101529,
        "comprehensiveincomenetoftax": 108845000,
        "stockissuedduringperiodvaluetreasurystockreissued": 5241000,
        "exerciseofstockoptionsandrestrictedstockunitssharestreasurystockreissued": 33521,
        "treasurystockvalueacquiredcostmethod": 118750000,
        "treasurystocksharesacquired": 202321,
        "adjustmentstoadditionalpaidincapitalsharebasedcompensationrequisiteserviceperiodrecognitionvalue": 4269000,
        "othercomprehensiveincomelossnetoftaxportionattributabletoparent": -17808000
    },
    {
        "date": "2018-06-29",
        "symbol": "MTD",
        "period": "Q2",
        "grossprofit": 412625000,
        "researchanddevelopmentexpense": 35315000,
        "sellinggeneralandadministrativeexpense": 208024000,
        "amortizationofdeferredcharges": 11970000,
        "interestexpense": 8309000,
        "restructuringcharges": 6400000,
        "othernonoperatingincomeexpense": 1916000,
        "incomelossfromcontinuingoperationsbeforeincometaxesminorityinterestandincomelossfromequitymethodinvestments": 143602000,
        "incometaxexpensebenefit": 32134000,
        "netincomeloss": 111468000,
        "earningspersharebasic": 4.41,
        "weightedaveragenumberofsharesoutstandingbasic": -84921,
        "earningspersharediluted": 4.3,
        "weightedaveragenumberofdilutedsharesoutstanding": -116139,
        "comprehensiveincomenetoftax": 82263000,
        "stockissuedduringperiodvaluetreasurystockreissued": 4485000,
        "exerciseofstockoptionsandrestrictedstockunitssharestreasurystockreissued": 29291,
        "treasurystockvalueacquiredcostmethod": 118749000,
        "treasurystocksharesacquired": 208338,
        "adjustmentstoadditionalpaidincapitalsharebasedcompensationrequisiteserviceperiodrecognitionvalue": 3882000,
        "othercomprehensiveincomelossnetoftaxportionattributabletoparent": -29205000
    },
    {
        "date": "2018-03-30",
        "symbol": "MTD",
        "period": "Q1",
        "salesrevenuegoodsnet": 510946000,
        "salesrevenueservicesnet": 149875000,
        "salesrevenuenet": -270307000,
        "costofgoodssold": 202587000,
        "costofservices": 83301000,
        "grossprofit": 374933000,
        "researchanddevelopmentexpense": 34713000,
        "sellinggeneralandadministrativeexpense": 200674000,
        "amortizationofdeferredcharges": 11735000,
        "interestexpense": 8359000,
        "restructuringcharges": 3600000,
        "othernonoperatingincomeexpense": 2400000,
        "incomelossfromcontinuingoperationsbeforeincometaxesminorityinterestandincomelossfromequitymethodinvestments": 117439000,
        "incometaxexpensebenefit": 24135000,
        "netincomeloss": 93304000,
        "earningspersharebasic": 3.66,
        "weightedaveragenumberofsharesoutstandingbasic": 25468323,
        "earningspersharediluted": 3.58,
        "weightedaveragenumberofdilutedsharesoutstanding": 26095647,
        "comprehensiveincomenetoftax": 122194000,
        "stockissuedduringperiodvaluetreasurystockreissued": 5900000,
        "exerciseofstockoptionsandrestrictedstockunitssharestreasurystockreissued": 39362,
        "treasurystockvalueacquiredcostmethod": 118750000,
        "treasurystocksharesacquired": 187880,
        "adjustmentstoadditionalpaidincapitalsharebasedcompensationrequisiteserviceperiodrecognitionvalue": 4354000,
        "othercomprehensiveincomelossnetoftaxportionattributabletoparent": 28890000
    },
    {
        "date": "2017-09-29",
        "symbol": "MTD",
        "period": "Q3",
        "salesrevenuegoodsnet": 544408000,
        "salesrevenueservicesnet": 154391000,
        "salesrevenuenet": -271813000,
        "costofgoodssold": 217194000,
        "costofservices": 81328000,
        "grossprofit": 400277000,
        "researchanddevelopmentexpense": 32477000,
        "sellinggeneralandadministrativeexpense": 204915000,
        "amortizationofdeferredcharges": 10716000,
        "interestexpense": 8248000,
        "restructuringcharges": 1700000,
        "othernonoperatingincomeexpense": -909000,
        "incomelossfromcontinuingoperationsbeforeincometaxesminorityinterestandincomelossfromequitymethodinvestments": 139627000,
        "incometaxexpensebenefit": 34677000,
        "netincomeloss": 104950000,
        "earningspersharebasic": 4.09,
        "weightedaveragenumberofsharesoutstandingbasic": -76771,
        "earningspersharediluted": 3.9900000000000007,
        "weightedaveragenumberofdilutedsharesoutstanding": -67634,
        "comprehensiveincomenetoftax": 125699000,
        "stockissuedduringperiodvaluetreasurystockreissued": 7699000,
        "exerciseofstockoptionsandrestrictedstockunitssharestreasurystockreissued": 53233,
        "treasurystockvalueacquiredcostmethod": 85049000,
        "treasurystocksharesacquired": 142163,
        "adjustmentstoadditionalpaidincapitalsharebasedcompensationrequisiteserviceperiodrecognitionvalue": 4030000,
        "othercomprehensiveincomelossnetoftaxportionattributabletoparent": 20749000
    },
    {
        "date": "2017-06-29",
        "symbol": "MTD",
        "period": "Q2",
        "salesrevenuegoodsnet": 512848000,
        "salesrevenueservicesnet": 140808000,
        "salesrevenuenet": -257488000,
        "costofgoodssold": 200281000,
        "costofservices": 78458000,
        "grossprofit": 374917000,
        "researchanddevelopmentexpense": 32854000,
        "sellinggeneralandadministrativeexpense": 193517000,
        "amortizationofdeferredcharges": 10249000,
        "interestexpense": 8171000,
        "restructuringcharges": 2600000,
        "othernonoperatingincomeexpense": 744000,
        "incomelossfromcontinuingoperationsbeforeincometaxesminorityinterestandincomelossfromequitymethodinvestments": 126847000,
        "incometaxexpensebenefit": 25267000,
        "netincomeloss": 101580000,
        "earningspersharebasic": 3.94,
        "weightedaveragenumberofsharesoutstandingbasic": -90869,
        "earningspersharediluted": 3.8400000000000003,
        "weightedaveragenumberofdilutedsharesoutstanding": -71750,
        "comprehensiveincomenetoftax": 134314000,
        "stockissuedduringperiodvaluetreasurystockreissued": 10887000,
        "exerciseofstockoptionsandrestrictedstockunitssharestreasurystockreissued": 76564,
        "treasurystockvalueacquiredcostmethod": 124952000,
        "treasurystocksharesacquired": 230505,
        "adjustmentstoadditionalpaidincapitalsharebasedcompensationrequisiteserviceperiodrecognitionvalue": 3971000,
        "othercomprehensiveincomelossnetoftaxportionattributabletoparent": 32734000
    },
    {
        "date": "2017-03-30",
        "symbol": "MTD",
        "period": "Q1",
        "salesrevenuegoodsnet": 457260000,
        "salesrevenueservicesnet": 137307000,
        "salesrevenuenet": -247436000,
        "costofgoodssold": 175802000,
        "costofservices": 75865000,
        "grossprofit": 342900000,
        "researchanddevelopmentexpense": 31392000,
        "sellinggeneralandadministrativeexpense": 184172000,
        "amortizationofdeferredcharges": 10045000,
        "interestexpense": 7741000,
        "restructuringcharges": 400000,
        "othernonoperatingincomeexpense": 5730000,
        "incomelossfromcontinuingoperationsbeforeincometaxesminorityinterestandincomelossfromequitymethodinvestments": 113848000,
        "incometaxexpensebenefit": 21382000,
        "netincomeloss": 92466000,
        "earningspersharebasic": 3.57,
        "weightedaveragenumberofsharesoutstandingbasic": 25932112,
        "earningspersharediluted": 3.48,
        "weightedaveragenumberofdilutedsharesoutstanding": 26586061,
        "comprehensiveincomenetoftax": 116344000,
        "stockissuedduringperiodvaluetreasurystockreissued": 10657000,
        "exerciseofstockoptionsandrestrictedstockunitssharestreasurystockreissued": 76849,
        "treasurystockvalueacquiredcostmethod": 124997000,
        "treasurystocksharesacquired": 275088,
        "adjustmentstoadditionalpaidincapitalsharebasedcompensationrequisiteserviceperiodrecognitionvalue": 3822000,
        "incometaxeffectsallocateddirectlytoequitycumulativeeffectofchangeinaccountingprinciple": 1539000,
        "othercomprehensiveincomelossnetoftaxportionattributabletoparent": 23878000
    },
    {
        "date": "2016-09-29",
        "symbol": "MTD",
        "period": "Q3",
        "salesrevenuegoodsnet": 508963000,
        "salesrevenueservicesnet": 141635000,
        "salesrevenuenet": -255673000,
        "costofgoodssold": 203150000,
        "costofservices": 77954000,
        "grossprofit": 369494000,
        "researchanddevelopmentexpense": 30139000,
        "sellinggeneralandadministrativeexpense": 187680000,
        "amortizationofdeferredcharges": 9087000,
        "interestexpense": 7167000,
        "restructuringcharges": 600000,
        "othernonoperatingincomeexpense": -603000,
        "incomelossfromcontinuingoperationsbeforeincometaxesminorityinterestandincomelossfromequitymethodinvestments": 133324000,
        "incometaxexpensebenefit": 31992000,
        "netincomeloss": 101332000,
        "earningspersharebasic": 3.8299999999999996,
        "weightedaveragenumberofsharesoutstandingbasic": -136216,
        "earningspersharediluted": 3.7600000000000002,
        "weightedaveragenumberofdilutedsharesoutstanding": -129562,
        "comprehensiveincomenetoftax": 117704000,
        "stockissuedduringperiodvaluetreasurystockreissued": 8159000,
        "exerciseofstockoptionsandrestrictedstockunitssharestreasurystockreissued": 61780,
        "treasurystockvalueacquiredcostmethod": 124997000,
        "treasurystocksharesacquired": 315830,
        "adjustmentstoadditionalpaidincapitaltaxeffectfromsharebasedcompensation": 6014000,
        "adjustmentstoadditionalpaidincapitalsharebasedcompensationrequisiteserviceperiodrecognitionvalue": 3612000,
        "othercomprehensiveincomelossnetoftaxportionattributabletoparent": 16372000
    },
    {
        "date": "2016-06-29",
        "symbol": "MTD",
        "period": "Q2",
        "salesrevenuegoodsnet": 470605000,
        "salesrevenueservicesnet": 137681000,
        "salesrevenuenet": -248386000,
        "costofgoodssold": 350612000,
        "costofservices": 77388000,
        "grossprofit": 347576000,
        "researchanddevelopmentexpense": 30701000,
        "sellinggeneralandadministrativeexpense": 187798000,
        "amortizationofdeferredcharges": 8655000,
        "interestexpense": 13188000,
        "restructuringcharges": 400000,
        "othernonoperatingincomeexpense": -8173000,
        "incomelossfromcontinuingoperationsbeforeincometaxesminorityinterestandincomelossfromequitymethodinvestments": 103172000,
        "incometaxexpensebenefit": 43300000,
        "netincomeloss": 79588000,
        "earningspersharebasic": 2.98,
        "weightedaveragenumberofsharesoutstandingbasic": -150139,
        "earningspersharediluted": 2.9200000000000004,
        "weightedaveragenumberofdilutedsharesoutstanding": -138007,
        "comprehensiveincomenetoftax": 56630000,
        "stockissuedduringperiodvaluetreasurystockreissued": 9325000,
        "exerciseofstockoptionsandrestrictedstockunitssharestreasurystockreissued": 72416,
        "treasurystockvalueacquiredcostmethod": 124997000,
        "treasurystocksharesacquired": 1122582,
        "adjustmentstoadditionalpaidincapitaltaxeffectfromsharebasedcompensation": 5347000,
        "adjustmentstoadditionalpaidincapitalsharebasedcompensationrequisiteserviceperiodrecognitionvalue": 3593000,
        "othercomprehensiveincomelossnetoftaxportionattributabletoparent": -22958000
    },
    {
        "date": "2016-03-30",
        "symbol": "MTD",
        "period": "Q1",
        "salesrevenuegoodsnet": 413292000,
        "salesrevenueservicesnet": 126382000,
        "salesrevenuenet": -225768000,
        "costofgoodssold": -1433000,
        "costofservices": 73910000,
        "grossprofit": 299907000,
        "researchanddevelopmentexpense": 28973000,
        "sellinggeneralandadministrativeexpense": 168921000,
        "amortizationofdeferredcharges": 8424000,
        "interestexpense": 264000,
        "restructuringcharges": 700000,
        "othernonoperatingincomeexpense": 284000,
        "incomelossfromcontinuingoperationsbeforeincometaxesminorityinterestandincomelossfromequitymethodinvestments": 86413000,
        "incometaxexpensebenefit": 1023000,
        "netincomeloss": 65674000,
        "earningspersharebasic": 2.44,
        "weightedaveragenumberofsharesoutstandingbasic": 26931293,
        "earningspersharediluted": 2.4,
        "weightedaveragenumberofdilutedsharesoutstanding": 27421019,
        "comprehensiveincomenetoftax": 72506000,
        "stockissuedduringperiodvaluetreasurystockreissued": 7447000,
        "exerciseofstockoptionsandrestrictedstockunitssharestreasurystockreissued": 59321,
        "treasurystockvalueacquiredcostmethod": 125000000,
        "treasurystocksharesacquired": -390337,
        "adjustmentstoadditionalpaidincapitaltaxeffectfromsharebasedcompensation": 5805000,
        "adjustmentstoadditionalpaidincapitalsharebasedcompensationrequisiteserviceperiodrecognitionvalue": 3656000,
        "othercomprehensiveincomelossnetoftaxportionattributabletoparent": 6832000
    },
    {
        "date": "2015-09-29",
        "symbol": "MTD",
        "period": "Q3",
        "salesrevenuegoodsnet": 469548000,
        "salesrevenueservicesnet": 134606000,
        "salesrevenuenet": -212424000,
        "costofgoodssold": 188673000,
        "costofservices": 75952000,
        "grossprofit": 339529000,
        "researchanddevelopmentexpense": 29711000,
        "sellinggeneralandadministrativeexpense": 175546000,
        "amortizationofdeferredcharges": 7767000,
        "interestexpense": 7029000,
        "restructuringcharges": 0,
        "othernonoperatingincomeexpense": 8000,
        "incomelossfromcontinuingoperationsbeforeincometaxesminorityinterestandincomelossfromequitymethodinvestments": 116923000,
        "incometaxexpensebenefit": 28062000,
        "netincomeloss": 88861000,
        "earningspersharebasic": 3.21,
        "weightedaveragenumberofsharesoutstandingbasic": -145273,
        "earningspersharediluted": 3.1599999999999997,
        "weightedaveragenumberofdilutedsharesoutstanding": -168159,
        "comprehensiveincomenetoftax": 48248000,
        "stockholdersequity": -118019000,
        "commonstocksharesoutstanding": -342514,
        "stockissuedduringperiodvaluetreasurystockreissued": 5731000,
        "exerciseofstockoptionsandrestrictedstockunitssharestreasurystockreissued": 48034,
        "treasurystockvalueacquiredcostmethod": 123750000,
        "treasurystocksharesacquired": 1945044,
        "adjustmentstoadditionalpaidincapitaltaxeffectfromsharebasedcompensation": 140000,
        "adjustmentstoadditionalpaidincapitalsharebasedcompensationrequisiteserviceperiodrecognitionvalue": 3367000,
        "othercomprehensiveincomelossnetoftaxportionattributabletoparent": -40613000
    },
    {
        "date": "2015-06-29",
        "symbol": "MTD",
        "period": "Q2",
        "salesrevenuegoodsnet": 449702000,
        "salesrevenueservicesnet": 132355000,
        "salesrevenuenet": -199236000,
        "costofgoodssold": 350884000,
        "costofservices": 76018000,
        "grossprofit": 322912000,
        "researchanddevelopmentexpense": 29794000,
        "sellinggeneralandadministrativeexpense": 174808000,
        "amortizationofdeferredcharges": 7634000,
        "interestexpense": 12902000,
        "restructuringcharges": -600000,
        "othernonoperatingincomeexpense": 33000,
        "incomelossfromcontinuingoperationsbeforeincometaxesminorityinterestandincomelossfromequitymethodinvestments": 102047000,
        "incometaxexpensebenefit": 43484000,
        "netincomeloss": 77557000,
        "earningspersharebasic": 2.79,
        "weightedaveragenumberofsharesoutstandingbasic": -136406,
        "earningspersharediluted": 2.72,
        "weightedaveragenumberofdilutedsharesoutstanding": -151298,
        "comprehensiveincomenetoftax": 99337000,
        "stockholdersequity": -111169000,
        "commonstocksharesoutstanding": -268208,
        "stockissuedduringperiodvaluetreasurystockreissued": 12559000,
        "exerciseofstockoptionsandrestrictedstockunitssharestreasurystockreissued": 108195,
        "treasurystockvalueacquiredcostmethod": 123728000,
        "treasurystocksharesacquired": -376403,
        "adjustmentstoadditionalpaidincapitaltaxeffectfromsharebasedcompensation": 837000,
        "adjustmentstoadditionalpaidincapitalsharebasedcompensationrequisiteserviceperiodrecognitionvalue": 3485000,
        "othercomprehensiveincomelossnetoftaxportionattributabletoparent": 21780000
    },
    {
        "date": "2015-03-30",
        "symbol": "MTD",
        "period": "Q1",
        "salesrevenuegoodsnet": 412904000,
        "salesrevenueservicesnet": 122797000,
        "salesrevenuenet": -190298000,
        "costofgoodssold": -3091000,
        "costofservices": 72230000,
        "grossprofit": 298805000,
        "researchanddevelopmentexpense": 28461000,
        "sellinggeneralandadministrativeexpense": 173038000,
        "amortizationofdeferredcharges": 7528000,
        "interestexpense": 765000,
        "restructuringcharges": 700000,
        "othernonoperatingincomeexpense": 817000,
        "incomelossfromcontinuingoperationsbeforeincometaxesminorityinterestandincomelossfromequitymethodinvestments": 82963000,
        "incometaxexpensebenefit": 918000,
        "netincomeloss": 63051000,
        "earningspersharebasic": 2.24,
        "weightedaveragenumberofsharesoutstandingbasic": 28115220,
        "earningspersharediluted": 2.19,
        "weightedaveragenumberofdilutedsharesoutstanding": 28762935,
        "comprehensiveincomenetoftax": 56795000,
        "stockholdersequity": -2205272000,
        "commonstocksharesoutstanding": 27967560,
        "stockissuedduringperiodvaluetreasurystockreissued": 14129000,
        "exerciseofstockoptionsandrestrictedstockunitssharestreasurystockreissued": 125398,
        "treasurystockvalueacquiredcostmethod": 123745000,
        "treasurystocksharesacquired": -400845,
        "adjustmentstoadditionalpaidincapitaltaxeffectfromsharebasedcompensation": 441000,
        "adjustmentstoadditionalpaidincapitalsharebasedcompensationrequisiteserviceperiodrecognitionvalue": 3496000,
        "othercomprehensiveincomelossnetoftaxportionattributabletoparent": -6256000
    },
    {
        "date": "2014-09-29",
        "symbol": "MTD",
        "period": "Q3",
        "salesrevenuegoodsnet": 488829000,
        "salesrevenueservicesnet": 140271000,
        "salesrevenuenet": -207957000,
        "costofgoodssold": 206227000,
        "costofservices": 79322000,
        "grossprofit": 343551000,
        "researchanddevelopmentexpense": 30352000,
        "sellinggeneralandadministrativeexpense": 186499000,
        "amortizationofdeferredcharges": 7198000,
        "interestexpense": 5991000,
        "restructuringcharges": -1200000,
        "othernonoperatingincomeexpense": -625000,
        "incomelossfromcontinuingoperationsbeforeincometaxesminorityinterestandincomelossfromequitymethodinvestments": 111836000,
        "incometaxexpensebenefit": 26840000,
        "netincomeloss": 84996000,
        "earningspersharebasic": 2.9499999999999997,
        "weightedaveragenumberofsharesoutstandingbasic": -164984,
        "earningspersharediluted": 2.8899999999999997,
        "weightedaveragenumberofdilutedsharesoutstanding": -171135,
        "comprehensiveincomenetoftax": 44540000,
        "stockholdersequity": 80594000,
        "commonstocksharesoutstanding": -340147,
        "stockissuedduringperiodvaluetreasurystockreissued": -27564000,
        "exerciseofstockoptionsandrestrictedstockunitssharestreasurystockreissued": 88694,
        "treasurystockvalueacquiredcostmethod": 112498000,
        "treasurystocksharesacquired": -428841,
        "adjustmentstoadditionalpaidincapitaltaxeffectfromsharebasedcompensation": 890000,
        "adjustmentstoadditionalpaidincapitalsharebasedcompensationrequisiteserviceperiodrecognitionvalue": 3281000,
        "othercomprehensiveincomelossnetoftaxportionattributabletoparent": -40456000
    },
    {
        "date": "2014-06-29",
        "symbol": "MTD",
        "period": "Q2",
        "salesrevenuegoodsnet": 468678000,
        "salesrevenueservicesnet": 140156000,
        "salesrevenuenet": -575967000,
        "costofgoodssold": 380697000,
        "costofservices": 81200000,
        "grossprofit": 328176000,
        "researchanddevelopmentexpense": 32125000,
        "sellinggeneralandadministrativeexpense": 183103000,
        "amortizationofdeferredcharges": 7283000,
        "interestexpense": 10854000,
        "restructuringcharges": 1400000,
        "othernonoperatingincomeexpense": -406000,
        "incomelossfromcontinuingoperationsbeforeincometaxesminorityinterestandincomelossfromequitymethodinvestments": 97398000,
        "incometaxexpensebenefit": 41393000,
        "netincomeloss": 132469000,
        "earningspersharebasic": 2.5399999999999996,
        "weightedaveragenumberofsharesoutstandingbasic": -148585,
        "earningspersharediluted": 2.4800000000000004,
        "weightedaveragenumberofdilutedsharesoutstanding": -169789,
        "comprehensiveincomenetoftax": 71632000,
        "stockholdersequity": 3958978000,
        "commonstocksharesoutstanding": -332771,
        "stockissuedduringperiodvaluetreasurystockreissued": 9119000,
        "exerciseofstockoptionsandrestrictedstockunitssharestreasurystockreissued": 88415,
        "treasurystockvalueacquiredcostmethod": 101480000,
        "treasurystocksharesacquired": -421186,
        "adjustmentstoadditionalpaidincapitaltaxeffectfromsharebasedcompensation": 5074000,
        "adjustmentstoadditionalpaidincapitalsharebasedcompensationrequisiteserviceperiodrecognitionvalue": 3302000,
        "othercomprehensiveincomelossnetoftaxportionattributabletoparent": -2390000
    },
    {
        "date": "2014-03-30",
        "symbol": "MTD",
        "period": "Q1",
        "salesrevenuegoodsnet": 422148000,
        "salesrevenueservicesnet": 128473000,
        "salesrevenuenet": 184769000,
        "costofgoodssold": -41000,
        "costofservices": 76782000,
        "grossprofit": 292641000,
        "researchanddevelopmentexpense": 29497000,
        "sellinggeneralandadministrativeexpense": 172191000,
        "amortizationofdeferredcharges": 7094000,
        "interestexpense": 768000,
        "restructuringcharges": 200000,
        "othernonoperatingincomeexpense": -317000,
        "incomelossfromcontinuingoperationsbeforeincometaxesminorityinterestandincomelossfromequitymethodinvestments": 76384000,
        "incometaxexpensebenefit": 316000,
        "netincomeloss": -396000,
        "earningspersharebasic": 1.98,
        "weightedaveragenumberofsharesoutstandingbasic": 29370232,
        "earningspersharediluted": 1.93,
        "weightedaveragenumberofdilutedsharesoutstanding": 30088245,
        "comprehensiveincomenetoftax": 59904000,
        "stockholdersequity": -1796550000,
        "commonstocksharesoutstanding": 29220329,
        "stockissuedduringperiodvaluetreasurystockreissued": 6978000,
        "exerciseofstockoptionsandrestrictedstockunitssharestreasurystockreissued": 69442,
        "treasurystockvalueacquiredcostmethod": 82498000,
        "treasurystocksharesacquired": -336188,
        "adjustmentstoadditionalpaidincapitaltaxeffectfromsharebasedcompensation": 4495000,
        "adjustmentstoadditionalpaidincapitalsharebasedcompensationrequisiteserviceperiodrecognitionvalue": 3201000,
        "othercomprehensiveincomelossnetoftaxportionattributabletoparent": 1853000
    },
    {
        "date": "2013-09-29",
        "symbol": "MTD",
        "period": "Q3",
        "salesrevenuegoodsnet": 462806000,
        "salesrevenueservicesnet": 128880000,
        "salesrevenuenet": -198419000,
        "costofgoodssold": 197309000,
        "costofservices": 75804000,
        "grossprofit": 318573000,
        "researchanddevelopmentexpense": 29046000,
        "sellinggeneralandadministrativeexpense": 173446000,
        "amortizationofdeferredcharges": 6675000,
        "interestexpense": 5557000,
        "othernonoperatingincomeexpense": -521000,
        "incomelossfromcontinuingoperationsbeforeincometaxesminorityinterestandincomelossfromequitymethodinvestments": 97796000,
        "incometaxexpensebenefit": 23470000,
        "netincomeloss": 74326000,
        "earningspersharebasic": 2.489999999999999,
        "weightedaveragenumberofsharesoutstandingbasic": -146708,
        "earningspersharediluted": 2.4199999999999995,
        "weightedaveragenumberofdilutedsharesoutstanding": -139797,
        "comprehensiveincomenetoftax": 102532000,
        "stockholdersequity": 3136000,
        "commonstocksharesoutstanding": -258949,
        "stockissuedduringperiodvaluetreasurystockreissued": 6194000,
        "exerciseofstockoptionsandrestrictedstockunitssharestreasurystockreissued": 64515,
        "treasurystockvalueacquiredcostmethod": 72569000,
        "treasurystocksharesacquired": -323464,
        "adjustmentstoadditionalpaidincapitalsharebasedcompensationrequisiteserviceperiodrecognitionvalue": 3136000,
        "othercomprehensiveincomelossnetoftaxportionattributabletoparent": 28206000
    },
    {
        "date": "2013-06-29",
        "symbol": "MTD",
        "period": "Q2",
        "salesrevenuegoodsnet": 451155000,
        "salesrevenueservicesnet": 127525000,
        "salesrevenuenet": -461377000,
        "costofgoodssold": 193339000,
        "costofservices": 76498000,
        "grossprofit": 308843000,
        "researchanddevelopmentexpense": 29003000,
        "sellinggeneralandadministrativeexpense": 173434000,
        "amortizationofdeferredcharges": 5807000,
        "interestexpense": 5543000,
        "restructuringcharges": 0,
        "othernonoperatingincomeexpense": -987000,
        "incomelossfromcontinuingoperationsbeforeincometaxesminorityinterestandincomelossfromequitymethodinvestments": 90873000,
        "incometaxexpensebenefit": 21811000,
        "netincomeloss": 69062000,
        "earningspersharebasic": 2.3000000000000003,
        "weightedaveragenumberofsharesoutstandingbasic": -89840,
        "earningspersharediluted": 2.24,
        "weightedaveragenumberofdilutedsharesoutstanding": -126022,
        "comprehensiveincomenetoftax": 74897000,
        "stockholdersequity": 644109000,
        "commonstocksharesoutstanding": -240663,
        "stockissuedduringperiodvaluetreasurystockreissued": 9323000,
        "exerciseofstockoptionsandrestrictedstockunitssharestreasurystockreissued": 99162,
        "treasurystockvalueacquiredcostmethod": 72544000,
        "treasurystocksharesacquired": -339825,
        "adjustmentstoadditionalpaidincapitalsharebasedcompensationrequisiteserviceperiodrecognitionvalue": 3047000,
        "othercomprehensiveincomelossnetoftaxportionattributabletoparent": 5835000
    },
    {
        "date": "2013-03-30",
        "symbol": "MTD",
        "period": "Q1",
        "salesrevenuegoodsnet": 401612000,
        "salesrevenueservicesnet": 122741000,
        "salesrevenuenet": 99795000,
        "costofgoodssold": 172159000,
        "costofservices": 72941000,
        "grossprofit": 279253000,
        "researchanddevelopmentexpense": 27700000,
        "sellinggeneralandadministrativeexpense": 166120000,
        "amortizationofdeferredcharges": 5122000,
        "interestexpense": 5400000,
        "restructuringcharges": 800000,
        "othernonoperatingincomeexpense": -773000,
        "incomelossfromcontinuingoperationsbeforeincometaxesminorityinterestandincomelossfromequitymethodinvestments": 69136000,
        "incometaxexpensebenefit": 16592000,
        "netincomeloss": 52544000,
        "earningspersharebasic": 1.73,
        "weightedaveragenumberofsharesoutstandingbasic": 30299569,
        "earningspersharediluted": 1.69,
        "weightedaveragenumberofdilutedsharesoutstanding": 31101979,
        "comprehensiveincomenetoftax": 35429000,
        "stockholdersequity": 448000,
        "commonstocksharesoutstanding": 30185911,
        "stockissuedduringperiodvaluetreasurystockreissued": 10769000,
        "exerciseofstockoptionsandrestrictedstockunitssharestreasurystockreissued": 117014,
        "treasurystockvalueacquiredcostmethod": 72300000,
        "treasurystocksharesacquired": -341109,
        "adjustmentstoadditionalpaidincapitalsharebasedcompensationrequisiteserviceperiodrecognitionvalue": 2805000,
        "othercomprehensiveincomelossnetoftaxportionattributabletoparent": -17115000
    },
    {
        "date": "2012-09-29",
        "symbol": "MTD",
        "period": "Q3",
        "salesrevenuegoodsnet": 455707000,
        "salesrevenueservicesnet": 122846000,
        "salesrevenuenet": 175613000,
        "costofgoodssold": 198889000,
        "costofservices": 71507000,
        "grossprofit": 308157000,
        "researchanddevelopmentexpense": 27896000,
        "sellinggeneralandadministrativeexpense": 171021000,
        "amortizationofdeferredcharges": 5215000,
        "interestexpense": 5568000,
        "restructuringcharges": -500000,
        "othernonoperatingincomeexpense": 266000,
        "incomelossfromcontinuingoperationsbeforeincometaxesminorityinterestandincomelossfromequitymethodinvestments": 95605000,
        "incometaxexpensebenefit": 23422000,
        "netincomeloss": 72183000,
        "earningspersharebasic": 2.34,
        "weightedaveragenumberofsharesoutstandingbasic": -184576,
        "earningspersharediluted": 2.2800000000000002,
        "weightedaveragenumberofdilutedsharesoutstanding": -204616,
        "comprehensiveincomenetoftax": 88958000,
        "stockholdersequity": 625480000,
        "commonstocksharesoutstanding": -382320,
        "stockissuedduringperiodvaluetreasurystockreissued": 5464000,
        "exerciseofstockoptionsandrestrictedstockunitssharestreasurystockreissued": 61944,
        "treasurystockvalueacquiredcostmethod": 72050000,
        "treasurystocksharesacquired": -444264,
        "adjustmentstoadditionalpaidincapitalsharebasedcompensationrequisiteserviceperiodrecognitionvalue": 3270000,
        "othercomprehensiveincomelossnetoftaxportionattributabletoparent": 16775000
    },
    {
        "date": "2012-06-29",
        "symbol": "MTD",
        "period": "Q2",
        "salesrevenuegoodsnet": 450079000,
        "salesrevenueservicesnet": 120204000,
        "salesrevenuenet": 182565000,
        "costofgoodssold": 198612000,
        "costofservices": 72663000,
        "grossprofit": 299008000,
        "researchanddevelopmentexpense": 27966000,
        "sellinggeneralandadministrativeexpense": 169985000,
        "amortizationofdeferredcharges": 5357000,
        "interestexpense": 5706000,
        "restructuringcharges": 1100000,
        "othernonoperatingincomeexpense": -433000,
        "incomelossfromcontinuingoperationsbeforeincometaxesminorityinterestandincomelossfromequitymethodinvestments": 81726000,
        "incometaxexpensebenefit": 20022000,
        "netincomeloss": 61704000,
        "earningspersharebasic": 1.97,
        "weightedaveragenumberofsharesoutstandingbasic": -132127,
        "earningspersharediluted": 1.92,
        "weightedaveragenumberofdilutedsharesoutstanding": -173997,
        "comprehensiveincomenetoftax": 36969000,
        "stockholdersequity": 66595000,
        "commonstocksharesoutstanding": -422250,
        "stockissuedduringperiodvaluetreasurystockreissued": 6933000,
        "exerciseofstockoptionsandrestrictedstockunitssharestreasurystockreissued": 13068,
        "treasurystockvalueacquiredcostmethod": 72079000,
        "treasurystocksharesacquired": -435318,
        "adjustmentstoadditionalpaidincapitaltaxeffectfromsharebasedcompensation": 0,
        "adjustmentstoadditionalpaidincapitalsharebasedcompensationrequisiteserviceperiodrecognitionvalue": 2651000,
        "othercomprehensiveincomelossnetoftaxportionattributabletoparent": -24735000
    },
    {
        "date": "2012-03-30",
        "symbol": "MTD",
        "period": "Q1",
        "salesrevenuegoodsnet": 419991000,
        "salesrevenueservicesnet": 115409000,
        "salesrevenuenet": 175409000,
        "costofgoodssold": 187845000,
        "costofservices": 70453000,
        "grossprofit": 277102000,
        "researchanddevelopmentexpense": 28667000,
        "sellinggeneralandadministrativeexpense": 167641000,
        "amortizationofdeferredcharges": 5199000,
        "interestexpense": 5823000,
        "restructuringcharges": 200000,
        "othernonoperatingincomeexpense": -156000,
        "incomelossfromcontinuingoperationsbeforeincometaxesminorityinterestandincomelossfromequitymethodinvestments": 69308000,
        "incometaxexpensebenefit": 16981000,
        "netincomeloss": 52327000,
        "earningspersharebasic": 1.66,
        "weightedaveragenumberofsharesoutstandingbasic": 31531915,
        "earningspersharediluted": 1.62,
        "weightedaveragenumberofdilutedsharesoutstanding": 32386924,
        "comprehensiveincomenetoftax": 73118000,
        "stockholdersequity": -66147000,
        "commonstocksharesoutstanding": 31448402,
        "stockissuedduringperiodvaluetreasurystockreissued": 12838000,
        "exerciseofstockoptionsandrestrictedstockunitssharestreasurystockreissued": 220078,
        "treasurystockvalueacquiredcostmethod": 63721000,
        "treasurystocksharesacquired": -361777,
        "adjustmentstoadditionalpaidincapitaltaxeffectfromsharebasedcompensation": 298000,
        "adjustmentstoadditionalpaidincapitalsharebasedcompensationrequisiteserviceperiodrecognitionvalue": 3303000,
        "othercomprehensiveincomelossnetoftaxportionattributabletoparent": 20791000
    },
    {
        "date": "2011-09-29",
        "symbol": "MTD",
        "period": "Q3",
        "salesrevenuegoodsnet": 479241000,
        "salesrevenueservicesnet": 121873000,
        "salesrevenuenet": 311610000,
        "costofgoodssold": 214483000,
        "costofservices": 72214000,
        "grossprofit": 314417000,
        "researchanddevelopmentexpense": 30068000,
        "sellinggeneralandadministrativeexpense": 185832000,
        "amortizationofdeferredcharges": 4795000,
        "interestexpense": 5893000,
        "restructuringcharges": 0,
        "othernonoperatingincomeexpense": -409000,
        "incomelossfromcontinuingoperationsbeforeincometaxesminorityinterestandincomelossfromequitymethodinvestments": 87058000,
        "incometaxexpensebenefit": 18862000,
        "netincomeloss": 68196000,
        "earningspersharebasic": 2.1399999999999997,
        "weightedaveragenumberofsharesoutstandingbasic": -127985,
        "earningspersharediluted": 2.079999999999999,
        "weightedaveragenumberofdilutedsharesoutstanding": -162760,
        "stockholdersequity": -50960000,
        "commonstocksharesoutstanding": -300022,
        "stockissuedduringperiodvaluetreasurystockreissued": 22899000,
        "exerciseofstockoptionsandrestrictedstockunitssharestreasurystockreissued": 73565,
        "treasurystockvalueacquiredcostmethod": 57000000,
        "treasurystocksharesacquired": -1749745,
        "adjustmentstoadditionalpaidincapitaltaxeffectfromsharebasedcompensation": 1735000,
        "adjustmentstoadditionalpaidincapitalsharebasedcompensationrequisiteserviceperiodrecognitionvalue": 3113000,
        "othercomprehensiveincomederivativesqualifyingashedgesnetoftaxperiodincreasedecrease": -1696000,
        "othercomprehensiveincomeforeigncurrencytransactionandtranslationgainlossadjustmentnetoftax": -38946000,
        "othercomprehensiveincomedefinedbenefitplansadjustmentnetoftaxperiodincreasedecrease": 984000,
        "comprehensiveincomenetoftax": 28538000
    },
    {
        "date": "2011-06-29",
        "symbol": "MTD",
        "period": "Q2",
        "salesrevenuegoodsnet": 439321000,
        "salesrevenueservicesnet": 121767000,
        "salesrevenuenet": -263438000,
        "costofgoodssold": 189253000,
        "costofservices": 75644000,
        "grossprofit": 296191000,
        "researchanddevelopmentexpense": 29605000,
        "sellinggeneralandadministrativeexpense": 172054000,
        "amortizationofdeferredcharges": 4325000,
        "interestexpense": 5692000,
        "restructuringcharges": -298000,
        "othernonoperatingincomeexpense": -1207000,
        "incomelossfromcontinuingoperationsbeforeincometaxesminorityinterestandincomelossfromequitymethodinvestments": 81337000,
        "incometaxexpensebenefit": 21149000,
        "netincomeloss": 60188000,
        "earningspersharebasic": 1.8800000000000001,
        "weightedaveragenumberofsharesoutstandingbasic": -146372,
        "earningspersharediluted": 1.82,
        "weightedaveragenumberofdilutedsharesoutstanding": -138872,
        "stockholdersequity": -1186965000,
        "commonstocksharesoutstanding": -259341,
        "stockissuedduringperiodvaluetreasurystockreissued": -10833000,
        "exerciseofstockoptionsandrestrictedstockunitssharestreasurystockreissued": 74738,
        "treasurystockvalueacquiredcostmethod": 57000000,
        "treasurystocksharesacquired": 1042079,
        "adjustmentstoadditionalpaidincapitaltaxeffectfromsharebasedcompensation": 3047000,
        "adjustmentstoadditionalpaidincapitalsharebasedcompensationrequisiteserviceperiodrecognitionvalue": 2535000,
        "othercomprehensiveincomederivativesqualifyingashedgesnetoftaxperiodincreasedecrease": -1226000,
        "othercomprehensiveincomeforeigncurrencytransactionandtranslationgainlossadjustmentnetoftax": 35280000,
        "othercomprehensiveincomedefinedbenefitplansadjustmentnetoftaxperiodincreasedecrease": 3084000,
        "comprehensiveincomenetoftax": 97326000
    },
    {
        "date": "2011-03-30",
        "symbol": "MTD",
        "period": "Q1",
        "salesrevenuegoodsnet": 387074000,
        "salesrevenueservicesnet": 111692000,
        "salesrevenuenet": 498766000,
        "costofgoodssold": 167713000,
        "costofservices": 69546000,
        "grossprofit": 261507000,
        "researchanddevelopmentexpense": 26351000,
        "sellinggeneralandadministrativeexpense": 161378000,
        "amortizationofdeferredcharges": 3622000,
        "interestexpense": 5711000,
        "restructuringcharges": 498000,
        "othernonoperatingincomeexpense": -669000,
        "incomelossfromcontinuingoperationsbeforeincometaxesminorityinterestandincomelossfromequitymethodinvestments": 63278000,
        "incometaxexpensebenefit": 16451000,
        "netincomeloss": 46827000,
        "earningspersharebasic": 1.45,
        "weightedaveragenumberofsharesoutstandingbasic": 32290595,
        "earningspersharediluted": 1.41,
        "weightedaveragenumberofdilutedsharesoutstanding": 33291632,
        "stockholdersequity": 27117000,
        "commonstocksharesoutstanding": 32143475,
        "stockissuedduringperiodvaluetreasurystockreissued": 5695000,
        "exerciseofstockoptionsandrestrictedstockunitssharestreasurystockreissued": 72160,
        "treasurystockvalueacquiredcostmethod": 57179000,
        "treasurystocksharesacquired": -354000,
        "adjustmentstoadditionalpaidincapitaltaxeffectfromsharebasedcompensation": 2579000,
        "adjustmentstoadditionalpaidincapitalsharebasedcompensationrequisiteserviceperiodrecognitionvalue": 3187000,
        "othercomprehensiveincomederivativesqualifyingashedgesnetoftaxperiodincreasedecrease": 627000,
        "othercomprehensiveincomeforeigncurrencytransactionandtranslationgainlossadjustmentnetoftax": 19325000,
        "othercomprehensiveincomedefinedbenefitplansadjustmentnetoftaxperiodincreasedecrease": -1036000,
        "comprehensiveincomenetoftax": 65743000
    }
]