[
    {
        "date": "2024-09-29",
        "symbol": "PSX",
        "period": "Q3",
        "revenuefromcontractwithcustomerexcludingassessedtax": 35528000000,
        "incomelossfromequitymethodinvestments": 549000000,
        "nonoperatingincomeexpense": 84000000,
        "revenuesandotherincome": 36163000000,
        "costofgoodsandservicessold": 32194000000,
        "othercostandexpenseoperating": 1499000000,
        "sellinggeneralandadministrativeexpense": 1194000000,
        "depreciationdepletionandamortization": 543000000,
        "assetimpairmentcharges": -331000000,
        "taxesexcludingincomeandexcisetaxes": 53000000,
        "accretionexpenseincludingassetretirementobligations": 8000000,
        "interestanddebtexpense": 229000000,
        "foreigncurrencytransactiongainlossbeforetax": -1000000,
        "costandexpenses": 35750000000,
        "incomelossincludingportionattributabletononcontrollinginterest": 413000000,
        "incometaxexpensebenefit": 44000000,
        "profitloss": 369000000,
        "netincomelossattributabletononcontrollinginterest": 23000000,
        "netincomeloss": 346000000,
        "earningspersharebasic": 0.8400000000000001,
        "earningspersharediluted": 0.8400000000000007,
        "weightedaveragenumberofsharesoutstandingbasic": 423024000,
        "weightedaveragenumberofdilutedsharesoutstanding": 425555000,
        "othercomprehensiveincomelossreclassificationadjustmentfromaocipensionandotherpostretirementbenefitplansfornetgainlossbeforetax": -2000000,
        "othercomprehensiveincomelosspensionandotherpostretirementbenefitplanstax": 0,
        "othercomprehensiveincomelosspensionandotherpostretirementbenefitplansadjustmentnetoftax": -2000000,
        "othercomprehensiveincomelossforeigncurrencytransactionandtranslationadjustmentbeforetax": 168000000,
        "othercomprehensiveincomelossforeigncurrencytransactionandtranslationadjustmentnetoftax": 166000000,
        "othercomprehensiveincomelossnetoftax": 168000000,
        "comprehensiveincomenetoftaxincludingportionattributabletononcontrollinginterest": 537000000,
        "comprehensiveincomenetoftaxattributabletononcontrollinginterest": 23000000,
        "comprehensiveincomenetoftax": 514000000
    },
    {
        "date": "2024-06-29",
        "symbol": "PSX",
        "period": "Q2",
        "revenuefromcontractwithcustomerexcludingassessedtax": 38129000000,
        "incomelossfromequitymethodinvestments": 487000000,
        "nonoperatingincomeexpense": 58000000,
        "revenuesandotherincome": 38911000000,
        "costofgoodsandservicessold": 34628000000,
        "othercostandexpenseoperating": 1407000000,
        "sellinggeneralandadministrativeexpense": 552000000,
        "depreciationdepletionandamortization": 497000000,
        "assetimpairmentcharges": 225000000,
        "taxesexcludingincomeandexcisetaxes": 49000000,
        "accretionexpenseincludingassetretirementobligations": 10000000,
        "interestanddebtexpense": 231000000,
        "foreigncurrencytransactiongainlossbeforetax": -1000000,
        "costandexpenses": 37600000000,
        "incomelossincludingportionattributabletononcontrollinginterest": 1311000000,
        "incometaxexpensebenefit": 291000000,
        "profitloss": 1020000000,
        "netincomelossattributabletononcontrollinginterest": 5000000,
        "netincomeloss": 1015000000,
        "earningspersharebasic": 2.3899999999999997,
        "earningspersharediluted": 2.3699999999999997,
        "weightedaveragenumberofsharesoutstandingbasic": 425914000,
        "weightedaveragenumberofdilutedsharesoutstanding": 428993000,
        "othercomprehensiveincomelossreclassificationadjustmentfromaocipensionandotherpostretirementbenefitplansfornetgainlossbeforetax": -5000000,
        "othercomprehensiveincomelossdefinedbenefitplannonsponsoredplansreclassificationadjustmentfromaocibeforetax": 0,
        "othercomprehensiveincomelosspensionandotherpostretirementbenefitplanstax": -1000000,
        "othercomprehensiveincomelosspensionandotherpostretirementbenefitplansadjustmentnetoftax": -4000000,
        "othercomprehensiveincomelossforeigncurrencytransactionandtranslationadjustmentbeforetax": -1000000,
        "othercomprehensiveincomelossforeigncurrencytranslationadjustmenttax": 0,
        "othercomprehensiveincomelossforeigncurrencytransactionandtranslationadjustmentnetoftax": -1000000,
        "othercomprehensiveincomelossnetoftax": 3000000,
        "comprehensiveincomenetoftaxincludingportionattributabletononcontrollinginterest": 1023000000,
        "comprehensiveincomenetoftaxattributabletononcontrollinginterest": 5000000,
        "comprehensiveincomenetoftax": 1018000000
    },
    {
        "date": "2024-03-30",
        "symbol": "PSX",
        "period": "Q1",
        "revenuefromcontractwithcustomerexcludingassessedtax": 35811000000,
        "incomelossfromequitymethodinvestments": 528000000,
        "nonoperatingincomeexpense": 97000000,
        "revenuesandotherincome": 36436000000,
        "costofgoodsandservicessold": 32386000000,
        "othercostandexpenseoperating": 1452000000,
        "sellinggeneralandadministrativeexpense": 557000000,
        "depreciationdepletionandamortization": 504000000,
        "assetimpairmentcharges": 165000000,
        "taxesexcludingincomeandexcisetaxes": 165000000,
        "accretionexpenseincludingassetretirementobligations": 9000000,
        "interestanddebtexpense": 227000000,
        "foreigncurrencytransactiongainlossbeforetax": -7000000,
        "costandexpenses": 35472000000,
        "incomelossincludingportionattributabletononcontrollinginterest": 964000000,
        "incometaxexpensebenefit": 203000000,
        "profitloss": 761000000,
        "netincomelossattributabletononcontrollinginterest": 13000000,
        "netincomeloss": 748000000,
        "earningspersharebasic": 1.74,
        "earningspersharediluted": 1.73,
        "weightedaveragenumberofsharesoutstandingbasic": 428959000,
        "weightedaveragenumberofdilutedsharesoutstanding": 431906000,
        "othercomprehensiveincomelossreclassificationadjustmentfromaocipensionandotherpostretirementbenefitplansfornetgainlossbeforetax": -2000000,
        "othercomprehensiveincomelossdefinedbenefitplannonsponsoredplansreclassificationadjustmentfromaocibeforetax": 1000000,
        "othercomprehensiveincomelosspensionandotherpostretirementbenefitplanstax": -1000000,
        "othercomprehensiveincomelosspensionandotherpostretirementbenefitplansadjustmentnetoftax": -2000000,
        "othercomprehensiveincomelossforeigncurrencytransactionandtranslationadjustmentbeforetax": -34000000,
        "othercomprehensiveincomelossforeigncurrencytranslationadjustmenttax": -2000000,
        "othercomprehensiveincomelossforeigncurrencytransactionandtranslationadjustmentnetoftax": -32000000,
        "othercomprehensiveincomelossnetoftax": -30000000,
        "comprehensiveincomenetoftaxincludingportionattributabletononcontrollinginterest": 731000000,
        "comprehensiveincomenetoftaxattributabletononcontrollinginterest": 13000000,
        "comprehensiveincomenetoftax": 718000000
    },
    {
        "date": "2023-12-30",
        "symbol": "PSX",
        "period": "Q4",
        "revenuefromcontractwithcustomerexcludingassessedtax": 38270000000,
        "incomelossfromequitymethodinvestments": 281000000,
        "gainlossondisposition": -9000000,
        "nonoperatingincomeexpense": 197000000,
        "revenuesandotherincome": 38739000000,
        "costofgoodsandservicessold": 33844000000,
        "othercostandexpenseoperating": 1559000000,
        "sellinggeneralandadministrativeexpense": 658000000,
        "depreciationdepletionandamortization": 518000000,
        "assetimpairmentcharges": 9000000,
        "taxesexcludingincomeandexcisetaxes": 155000000,
        "accretionexpenseincludingassetretirementobligations": 10000000,
        "interestanddebtexpense": 218000000,
        "foreigncurrencytransactiongainlossbeforetax": -7000000,
        "costandexpenses": 36978000000,
        "incomelossincludingportionattributabletononcontrollinginterest": 1761000000,
        "incometaxexpensebenefit": 476000000,
        "profitloss": 1285000000,
        "netincomelossattributabletononcontrollinginterest": 25000000,
        "netincomeloss": 1260000000,
        "earningspersharebasic": 2.910000000000001,
        "earningspersharediluted": 2.8900000000000015,
        "weightedaveragenumberofsharesoutstandingbasic": 450136000,
        "weightedaveragenumberofdilutedsharesoutstanding": 453210000,
        "othercomprehensiveincomelossreclassificationadjustmentfromaocipensionandotherpostretirementbenefitplansfornetgainlossbeforetax": -2000000,
        "othercomprehensiveincomelosspensionandotherpostretirementbenefitplanstax": 7000000,
        "othercomprehensiveincomelosspensionandotherpostretirementbenefitplansadjustmentnetoftax": 13000000,
        "othercomprehensiveincomelossforeigncurrencytransactionandtranslationadjustmentbeforetax": 120000000,
        "othercomprehensiveincomelossforeigncurrencytranslationadjustmenttax": 1000000,
        "othercomprehensiveincomelossforeigncurrencytransactionandtranslationadjustmentnetoftax": 119000000,
        "othercomprehensiveincomelossnetoftax": 103000000,
        "comprehensiveincomenetoftaxincludingportionattributabletononcontrollinginterest": 1388000000,
        "comprehensiveincomenetoftaxattributabletononcontrollinginterest": 25000000,
        "comprehensiveincomenetoftax": 1363000000
    },
    {
        "date": "2023-09-29",
        "symbol": "PSX",
        "period": "Q3",
        "revenuefromcontractwithcustomerexcludingassessedtax": 109110000000,
        "incomelossfromequitymethodinvestments": 562000000,
        "gainlossondisposition": 102000000,
        "nonoperatingincomeexpense": 15000000,
        "revenuesandotherincome": 40322000000,
        "costofgoodsandservicessold": 34330000000,
        "othercostandexpenseoperating": 1633000000,
        "sellinggeneralandadministrativeexpense": 669000000,
        "depreciationdepletionandamortization": 488000000,
        "assetimpairmentcharges": 3000000,
        "taxesexcludingincomeandexcisetaxes": 171000000,
        "accretionexpenseincludingassetretirementobligations": 6000000,
        "interestanddebtexpense": 221000000,
        "foreigncurrencytransactiongainlossbeforetax": 12000000,
        "costandexpenses": 37509000000,
        "incomelossincludingportionattributabletononcontrollinginterest": 8321000000,
        "incometaxexpensebenefit": 670000000,
        "profitloss": 5801000000,
        "netincomelossattributabletononcontrollinginterest": 46000000,
        "netincomeloss": 2097000000,
        "earningspersharebasic": 4.71,
        "earningspersharediluted": 4.669999999999999,
        "weightedaveragenumberofsharesoutstandingbasic": -464820000,
        "weightedaveragenumberofdilutedsharesoutstanding": -465997000,
        "othercomprehensiveincomelossreclassificationadjustmentfromaocipensionandotherpostretirementbenefitplansfornetgainlossbeforetax": -2000000,
        "othercomprehensiveincomelosspensionandotherpostretirementbenefitplanstax": -1000000,
        "othercomprehensiveincomelosspensionandotherpostretirementbenefitplansadjustmentnetoftax": -1000000,
        "othercomprehensiveincomelossforeigncurrencytransactionandtranslationadjustmentbeforetax": -112000000,
        "othercomprehensiveincomelossforeigncurrencytranslationadjustmenttax": 2000000,
        "othercomprehensiveincomelossforeigncurrencytransactionandtranslationadjustmentnetoftax": -114000000,
        "othercomprehensiveincomelossnetoftax": -103000000,
        "comprehensiveincomenetoftaxincludingportionattributabletononcontrollinginterest": 2030000000,
        "comprehensiveincomenetoftaxattributabletononcontrollinginterest": 46000000,
        "comprehensiveincomenetoftax": 1984000000
    },
    {
        "date": "2023-06-29",
        "symbol": "PSX",
        "period": "Q2",
        "revenuefromcontractwithcustomerexcludingassessedtax": 10000000,
        "incomelossfromequitymethodinvestments": 563000000,
        "gainlossondisposition": -12000000,
        "nonoperatingincomeexpense": 99000000,
        "revenuesandotherincome": 35740000000,
        "costofgoodsandservicessold": 30571000000,
        "othercostandexpenseoperating": 1384000000,
        "sellinggeneralandadministrativeexpense": 593000000,
        "depreciationdepletionandamortization": 495000000,
        "assetimpairmentcharges": 4000000,
        "taxesexcludingincomeandexcisetaxes": 174000000,
        "accretionexpenseincludingassetretirementobligations": 7000000,
        "interestanddebtexpense": 266000000,
        "foreigncurrencytransactiongainlossbeforetax": -2000000,
        "costandexpenses": 33496000000,
        "incomelossincludingportionattributabletononcontrollinginterest": -330000000,
        "incometaxexpensebenefit": 510000000,
        "profitloss": 37000000,
        "netincomelossattributabletononcontrollinginterest": 37000000,
        "netincomeloss": 1697000000,
        "earningspersharebasic": 3.73,
        "earningspersharediluted": 3.72,
        "weightedaveragenumberofsharesoutstandingbasic": 454450000,
        "weightedaveragenumberofdilutedsharesoutstanding": 456168000,
        "othercomprehensiveincomelossreclassificationadjustmentfromaocipensionandotherpostretirementbenefitplansfornetgainlossbeforetax": -5000000,
        "othercomprehensiveincomelosspensionandotherpostretirementbenefitplanstax": -1000000,
        "othercomprehensiveincomelosspensionandotherpostretirementbenefitplansadjustmentnetoftax": -4000000,
        "othercomprehensiveincomelossforeigncurrencytransactionandtranslationadjustmentbeforetax": 98000000,
        "othercomprehensiveincomelossforeigncurrencytranslationadjustmenttax": 1000000,
        "othercomprehensiveincomelossforeigncurrencytransactionandtranslationadjustmentnetoftax": 97000000,
        "othercomprehensiveincomelossnetoftax": 101000000,
        "comprehensiveincomenetoftaxincludingportionattributabletononcontrollinginterest": 1835000000,
        "comprehensiveincomenetoftaxattributabletononcontrollinginterest": 37000000,
        "comprehensiveincomenetoftax": 1798000000
    },
    {
        "date": "2023-03-30",
        "symbol": "PSX",
        "period": "Q1",
        "revenuefromcontractwithcustomerexcludingassessedtax": 9000000,
        "incomelossfromequitymethodinvestments": 611000000,
        "gainlossondisposition": 34000000,
        "nonoperatingincomeexpense": 48000000,
        "revenuesandotherincome": 35089000000,
        "costofgoodsandservicessold": 29341000000,
        "othercostandexpenseoperating": 1578000000,
        "sellinggeneralandadministrativeexpense": 605000000,
        "depreciationdepletionandamortization": 476000000,
        "assetimpairmentcharges": 8000000,
        "taxesexcludingincomeandexcisetaxes": 207000000,
        "accretionexpenseincludingassetretirementobligations": 6000000,
        "interestanddebtexpense": 192000000,
        "foreigncurrencytransactiongainlossbeforetax": -25000000,
        "costandexpenses": 32438000000,
        "incomelossincludingportionattributabletononcontrollinginterest": -283000000,
        "incometaxexpensebenefit": 574000000,
        "profitloss": 116000000,
        "netincomelossattributabletononcontrollinginterest": 116000000,
        "netincomeloss": 1961000000,
        "earningspersharebasic": 4.21,
        "earningspersharediluted": 4.2,
        "weightedaveragenumberofsharesoutstandingbasic": 464810000,
        "weightedaveragenumberofdilutedsharesoutstanding": 467034000,
        "othercomprehensiveincomelossreclassificationadjustmentfromaocipensionandotherpostretirementbenefitplansfornetgainlossbeforetax": -10000000,
        "othercomprehensiveincomelossdefinedbenefitplannonsponsoredplansreclassificationadjustmentfromaocibeforetax": 3000000,
        "othercomprehensiveincomelosspensionandotherpostretirementbenefitplanstax": -3000000,
        "othercomprehensiveincomelosspensionandotherpostretirementbenefitplansadjustmentnetoftax": -10000000,
        "othercomprehensiveincomelossforeigncurrencytransactionandtranslationadjustmentbeforetax": 76000000,
        "othercomprehensiveincomelossforeigncurrencytranslationadjustmenttax": -1000000,
        "othercomprehensiveincomelossforeigncurrencytransactionandtranslationadjustmentnetoftax": 77000000,
        "othercomprehensiveincomelossnetoftax": 77000000,
        "comprehensiveincomenetoftaxincludingportionattributabletononcontrollinginterest": 2164000000,
        "comprehensiveincomenetoftaxattributabletononcontrollinginterest": 116000000,
        "comprehensiveincomenetoftax": 2048000000
    },
    {
        "date": "2022-12-30",
        "symbol": "PSX",
        "period": "Q4",
        "revenuefromcontractwithcustomerexcludingassessedtax": 8000000,
        "incomelossfromequitymethodinvestments": -1921000000,
        "nonoperatingincomeexpense": 39000000,
        "revenuesandotherincome": 40907000000,
        "costofgoodsandservicessold": 35146000000,
        "othercostandexpenseoperating": 1728000000,
        "sellinggeneralandadministrativeexpense": 630000000,
        "depreciationdepletionandamortization": 502000000,
        "taxesexcludingincomeandexcisetaxes": 130000000,
        "accretionexpenseincludingassetretirementobligations": 6000000,
        "interestanddebtexpense": 193000000,
        "foreigncurrencytransactiongainlossbeforetax": 25000000,
        "costandexpenses": 38360000000,
        "incomelossincludingportionattributabletononcontrollinginterest": -340000000,
        "incometaxexpensebenefit": 535000000,
        "profitloss": 7175000000,
        "netincomelossattributabletononcontrollinginterest": 128000000,
        "netincomeloss": 1884000000,
        "earningspersharebasic": 3.9899999999999967,
        "earningspersharediluted": 3.960000000000001,
        "weightedaveragenumberofsharesoutstandingbasic": 122000,
        "weightedaveragenumberofdilutedsharesoutstanding": 279000,
        "othercomprehensiveincomelossreclassificationadjustmentfromaocipensionandotherpostretirementbenefitplansfornetgainlossbeforetax": 3000000,
        "othercomprehensiveincomelossdefinedbenefitplannonsponsoredplansreclassificationadjustmentfromaocibeforetax": 65000000,
        "othercomprehensiveincomelosspensionandotherpostretirementbenefitplanstax": -70000000,
        "othercomprehensiveincomelosspensionandotherpostretirementbenefitplansadjustmentnetoftax": -200000000,
        "othercomprehensiveincomelossforeigncurrencytransactionandtranslationadjustmentbeforetax": 337000000,
        "othercomprehensiveincomelossforeigncurrencytransactionandtranslationadjustmentnetoftax": 334000000,
        "othercomprehensiveincomelossnetoftax": 334000000,
        "comprehensiveincomenetoftaxincludingportionattributabletononcontrollinginterest": 2546000000,
        "comprehensiveincomenetoftaxattributabletononcontrollinginterest": 128000000,
        "comprehensiveincomenetoftax": 2418000000
    },
    {
        "date": "2022-09-29",
        "symbol": "PSX",
        "period": "Q3",
        "revenuefromcontractwithcustomerexcludingassessedtax": 14000000,
        "incomelossfromequitymethodinvestments": 782000000,
        "nonoperatingincomeexpense": 3026000000,
        "revenuesandotherincome": 48764000000,
        "costofgoodsandservicessold": 38646000000,
        "othercostandexpenseoperating": 1612000000,
        "sellinggeneralandadministrativeexpense": 617000000,
        "depreciationdepletionandamortization": 430000000,
        "taxesexcludingincomeandexcisetaxes": 133000000,
        "accretionexpenseincludingassetretirementobligations": 5000000,
        "interestanddebtexpense": 158000000,
        "foreigncurrencytransactiongainlossbeforetax": -5000000,
        "costandexpenses": 41606000000,
        "incomelossincludingportionattributabletononcontrollinginterest": -320000000,
        "incometaxexpensebenefit": 1618000000,
        "profitloss": 149000000,
        "netincomelossattributabletononcontrollinginterest": 149000000,
        "netincomeloss": 5391000000,
        "earningspersharebasic": 11.340000000000003,
        "earningspersharediluted": 11.309999999999999,
        "weightedaveragenumberofsharesoutstandingbasic": 5089000,
        "weightedaveragenumberofdilutedsharesoutstanding": 5114000,
        "othercomprehensiveincomelossreclassificationadjustmentfromaocipensionandotherpostretirementbenefitplansfornetgainlossbeforetax": -42000000,
        "othercomprehensiveincomelossdefinedbenefitplannonsponsoredplansreclassificationadjustmentfromaocibeforetax": 9000000,
        "othercomprehensiveincomelosspensionandotherpostretirementbenefitplanstax": -7000000,
        "othercomprehensiveincomelosspensionandotherpostretirementbenefitplansadjustmentnetoftax": -40000000,
        "othercomprehensiveincomelossforeigncurrencytransactionandtranslationadjustmentbeforetax": -305000000,
        "othercomprehensiveincomelossforeigncurrencytransactionandtranslationadjustmentnetoftax": -301000000,
        "othercomprehensiveincomelossnetoftax": -301000000,
        "comprehensiveincomenetoftaxincludingportionattributabletononcontrollinginterest": 5279000000,
        "comprehensiveincomenetoftaxattributabletononcontrollinginterest": 149000000,
        "comprehensiveincomenetoftax": 5130000000
    },
    {
        "date": "2022-06-29",
        "symbol": "PSX",
        "period": "Q2",
        "revenuefromcontractwithcustomerexcludingassessedtax": 7000000,
        "incomelossfromequitymethodinvestments": 917000000,
        "gainlossondisposition": 0,
        "nonoperatingincomeexpense": -185000000,
        "revenuesandotherincome": 49309000000,
        "costofgoodsandservicessold": 42645000000,
        "othercostandexpenseoperating": 1431000000,
        "sellinggeneralandadministrativeexpense": 488000000,
        "depreciationdepletionandamortization": 359000000,
        "taxesexcludingincomeandexcisetaxes": 118000000,
        "accretionexpenseincludingassetretirementobligations": 6000000,
        "interestanddebtexpense": 133000000,
        "foreigncurrencytransactiongainlossbeforetax": -21000000,
        "costandexpenses": 45203000000,
        "incomelossincludingportionattributabletononcontrollinginterest": -260000000,
        "incometaxexpensebenefit": 924000000,
        "profitloss": 15000000,
        "netincomelossattributabletononcontrollinginterest": 15000000,
        "netincomeloss": 3167000000,
        "earningspersharebasic": 6.739999999999999,
        "earningspersharediluted": 6.71,
        "weightedaveragenumberofsharesoutstandingbasic": 16988000,
        "weightedaveragenumberofdilutedsharesoutstanding": 18327000,
        "othercomprehensiveincomelossreclassificationadjustmentfromaocipensionandotherpostretirementbenefitplansfornetgainlossbeforetax": -40000000,
        "othercomprehensiveincomelossdefinedbenefitplannonsponsoredplansreclassificationadjustmentfromaocibeforetax": 1000000,
        "othercomprehensiveincomelosspensionandotherpostretirementbenefitplanstax": -5000000,
        "othercomprehensiveincomelosspensionandotherpostretirementbenefitplansadjustmentnetoftax": -23000000,
        "othercomprehensiveincomelossforeigncurrencytransactionandtranslationadjustmentbeforetax": -245000000,
        "othercomprehensiveincomelossforeigncurrencytransactionandtranslationadjustmentnetoftax": -242000000,
        "othercomprehensiveincomelossnetoftax": -242000000,
        "comprehensiveincomenetoftaxincludingportionattributabletononcontrollinginterest": 2963000000,
        "comprehensiveincomenetoftaxattributabletononcontrollinginterest": 15000000,
        "comprehensiveincomenetoftax": 2948000000
    },
    {
        "date": "2022-03-30",
        "symbol": "PSX",
        "period": "Q1",
        "revenuefromcontractwithcustomerexcludingassessedtax": 5000000,
        "incomelossfromequitymethodinvestments": 685000000,
        "gainlossondisposition": 1000000,
        "nonoperatingincomeexpense": -143000000,
        "revenuesandotherincome": 36722000000,
        "costofgoodsandservicessold": 33495000000,
        "othercostandexpenseoperating": 1340000000,
        "sellinggeneralandadministrativeexpense": 433000000,
        "depreciationdepletionandamortization": 338000000,
        "taxesexcludingincomeandexcisetaxes": 149000000,
        "accretionexpenseincludingassetretirementobligations": 6000000,
        "interestanddebtexpense": 135000000,
        "foreigncurrencytransactiongainlossbeforetax": 2000000,
        "costandexpenses": 35894000000,
        "incomelossincludingportionattributabletononcontrollinginterest": -249000000,
        "incometaxexpensebenefit": 171000000,
        "profitloss": 75000000,
        "netincomelossattributabletononcontrollinginterest": 75000000,
        "netincomeloss": 582000000,
        "earningspersharebasic": 1.29,
        "earningspersharediluted": 1.29,
        "weightedaveragenumberofsharesoutstandingbasic": 449298000,
        "weightedaveragenumberofdilutedsharesoutstanding": 450011000,
        "othercomprehensiveincomelossreclassificationadjustmentfromaocipensionandotherpostretirementbenefitplansfornetgainlossbeforetax": -11000000,
        "othercomprehensiveincomelossdefinedbenefitplannonsponsoredplansreclassificationadjustmentfromaocibeforetax": 5000000,
        "othercomprehensiveincomelosspensionandotherpostretirementbenefitplanstax": -3000000,
        "othercomprehensiveincomelosspensionandotherpostretirementbenefitplansadjustmentnetoftax": -13000000,
        "othercomprehensiveincomelossforeigncurrencytransactionandtranslationadjustmentbeforetax": -82000000,
        "othercomprehensiveincomelossforeigncurrencytransactionandtranslationadjustmentnetoftax": -82000000,
        "othercomprehensiveincomelossnetoftax": -82000000,
        "comprehensiveincomenetoftaxincludingportionattributabletononcontrollinginterest": 588000000,
        "comprehensiveincomenetoftaxattributabletononcontrollinginterest": 75000000,
        "comprehensiveincomenetoftax": 513000000
    },
    {
        "date": "2021-12-30",
        "symbol": "PSX",
        "period": "Q4",
        "revenuefromcontractwithcustomerexcludingassessedtax": 11000000,
        "incomelossfromequitymethodinvestments": -1718000000,
        "nonoperatingincomeexpense": 150000000,
        "revenuesandotherincome": 33568000000,
        "costofgoodsandservicessold": 29290000000,
        "othercostandexpenseoperating": 1426000000,
        "sellinggeneralandadministrativeexpense": 479000000,
        "depreciationdepletionandamortization": 524000000,
        "taxesexcludingincomeandexcisetaxes": 67000000,
        "accretionexpenseincludingassetretirementobligations": 6000000,
        "interestanddebtexpense": 141000000,
        "costandexpenses": 31941000000,
        "incomelossincludingportionattributabletononcontrollinginterest": -246000000,
        "incometaxexpensebenefit": 256000000,
        "profitloss": 5946000000,
        "netincomelossattributabletononcontrollinginterest": 98000000,
        "netincomeloss": 1273000000,
        "earningspersharebasic": 2.8900000000000006,
        "earningspersharediluted": 2.8900000000000006,
        "weightedaveragenumberofsharesoutstandingbasic": 148000,
        "weightedaveragenumberofdilutedsharesoutstanding": 105000,
        "othercomprehensiveincomelossreclassificationadjustmentfromaocipensionandotherpostretirementbenefitplansfornetgainlossbeforetax": -17000000,
        "othercomprehensiveincomelossdefinedbenefitplannonsponsoredplansreclassificationadjustmentfromaocibeforetax": 63000000,
        "othercomprehensiveincomelosspensionandotherpostretirementbenefitplanstax": -45000000,
        "othercomprehensiveincomelosspensionandotherpostretirementbenefitplansadjustmentnetoftax": -145000000,
        "othercomprehensiveincomelossforeigncurrencytransactionandtranslationadjustmentbeforetax": -4000000,
        "othercomprehensiveincomelossforeigncurrencytransactionandtranslationadjustmentnetoftax": -2000000,
        "comprehensiveincomenetoftaxincludingportionattributabletononcontrollinginterest": 1515000000,
        "comprehensiveincomenetoftaxattributabletononcontrollinginterest": 98000000,
        "comprehensiveincomenetoftax": 1417000000
    },
    {
        "date": "2021-09-29",
        "symbol": "PSX",
        "period": "Q3",
        "revenuefromcontractwithcustomerexcludingassessedtax": 9000000,
        "incomelossfromequitymethodinvestments": 982000000,
        "nonoperatingincomeexpense": 238000000,
        "revenuesandotherincome": 31472000000,
        "costofgoodsandservicessold": 27529000000,
        "othercostandexpenseoperating": 1166000000,
        "sellinggeneralandadministrativeexpense": 424000000,
        "depreciationdepletionandamortization": 361000000,
        "taxesexcludingincomeandexcisetaxes": 85000000,
        "accretionexpenseincludingassetretirementobligations": 6000000,
        "interestanddebtexpense": 151000000,
        "costandexpenses": 31024000000,
        "incomelossincludingportionattributabletononcontrollinginterest": -231000000,
        "incometaxexpensebenefit": -40000000,
        "profitloss": 86000000,
        "netincomelossattributabletononcontrollinginterest": 86000000,
        "netincomeloss": 402000000,
        "earningspersharebasic": 0.9099999999999999,
        "earningspersharediluted": 0.9099999999999999,
        "weightedaveragenumberofsharesoutstandingbasic": 158000,
        "weightedaveragenumberofdilutedsharesoutstanding": 537000,
        "othercomprehensiveincomelossreclassificationadjustmentfromaocipensionandotherpostretirementbenefitplansfornetgainlossbeforetax": -36000000,
        "othercomprehensiveincomelossdefinedbenefitplannonsponsoredplansreclassificationadjustmentfromaocibeforetax": 4000000,
        "othercomprehensiveincomelosspensionandotherpostretirementbenefitplanstax": -8000000,
        "othercomprehensiveincomelosspensionandotherpostretirementbenefitplansadjustmentnetoftax": -32000000,
        "othercomprehensiveincomelossforeigncurrencytransactionandtranslationadjustmentbeforetax": -74000000,
        "othercomprehensiveincomelossforeigncurrencytransactionandtranslationadjustmentnetoftax": -72000000,
        "othercomprehensiveincomelosscashflowhedgegainlossafterreclassificationbeforetax": 0,
        "comprehensiveincomenetoftaxincludingportionattributabletononcontrollinginterest": 448000000,
        "comprehensiveincomenetoftaxattributabletononcontrollinginterest": 86000000,
        "comprehensiveincomenetoftax": 362000000
    },
    {
        "date": "2021-06-29",
        "symbol": "PSX",
        "period": "Q2",
        "revenuefromcontractwithcustomerexcludingassessedtax": 27002000000,
        "incomelossfromequitymethodinvestments": 830000000,
        "nonoperatingincomeexpense": 51000000,
        "revenuesandotherincome": 27885000000,
        "costofgoodsandservicessold": 25218000000,
        "othercostandexpenseoperating": 1175000000,
        "sellinggeneralandadministrativeexpense": 433000000,
        "depreciationdepletionandamortization": 364000000,
        "assetimpairmentcharges": 0,
        "taxesexcludingincomeandexcisetaxes": 119000000,
        "accretionexpenseincludingassetretirementobligations": 6000000,
        "interestanddebtexpense": 143000000,
        "costandexpenses": 27449000000,
        "incomelossincludingportionattributabletononcontrollinginterest": 436000000,
        "incometaxexpensebenefit": 62000000,
        "profitloss": 374000000,
        "netincomelossattributabletononcontrollinginterest": 78000000,
        "netincomeloss": 296000000,
        "earningspersharebasic": 0.66,
        "earningspersharediluted": 0.66,
        "weightedaveragenumberofsharesoutstandingbasic": 218000,
        "weightedaveragenumberofdilutedsharesoutstanding": 218000,
        "othercomprehensiveincomelossreclassificationadjustmentfromaocipensionandotherpostretirementbenefitplansfornetgainlossbeforetax": -47000000,
        "othercomprehensiveincomelossdefinedbenefitplannonsponsoredplansreclassificationadjustmentfromaocibeforetax": 23000000,
        "othercomprehensiveincomelosspensionandotherpostretirementbenefitplanstax": -68000000,
        "othercomprehensiveincomelosspensionandotherpostretirementbenefitplansadjustmentnetoftax": -212000000,
        "othercomprehensiveincomelossforeigncurrencytransactionandtranslationadjustmentbeforetax": 19000000,
        "othercomprehensiveincomelossforeigncurrencytransactionandtranslationadjustmentnetoftax": 19000000,
        "othercomprehensiveincomelosscashflowhedgegainlossafterreclassificationbeforetax": 1000000,
        "othercomprehensiveincomelosscashflowhedgegainlossafterreclassificationandtax": 0,
        "othercomprehensiveincomelossnetoftax": 231000000,
        "comprehensiveincomenetoftaxincludingportionattributabletononcontrollinginterest": 605000000,
        "comprehensiveincomenetoftaxattributabletononcontrollinginterest": 78000000,
        "comprehensiveincomenetoftax": 527000000
    },
    {
        "date": "2021-03-30",
        "symbol": "PSX",
        "period": "Q1",
        "revenuefromcontractwithcustomerexcludingassessedtax": 21627000000,
        "incomelossfromequitymethodinvestments": 285000000,
        "nonoperatingincomeexpense": 15000000,
        "revenuesandotherincome": 21927000000,
        "costofgoodsandservicessold": 20065000000,
        "othercostandexpenseoperating": 1380000000,
        "sellinggeneralandadministrativeexpense": 408000000,
        "depreciationdepletionandamortization": 356000000,
        "assetimpairmentcharges": 198000000,
        "taxesexcludingincomeandexcisetaxes": 139000000,
        "accretionexpenseincludingassetretirementobligations": 6000000,
        "interestanddebtexpense": 146000000,
        "costandexpenses": 22698000000,
        "incomelossincludingportionattributabletononcontrollinginterest": -771000000,
        "incometaxexpensebenefit": -132000000,
        "profitloss": -639000000,
        "netincomelossattributabletononcontrollinginterest": 15000000,
        "netincomeloss": -654000000,
        "earningspersharebasic": -1.49,
        "earningspersharediluted": -1.49,
        "weightedaveragenumberofsharesoutstandingbasic": 439504000,
        "weightedaveragenumberofdilutedsharesoutstanding": 439504000,
        "othercomprehensiveincomelossreclassificationadjustmentfromaocipensionandotherpostretirementbenefitplansfornetgainlossbeforetax": -22000000,
        "othercomprehensiveincomelossdefinedbenefitplannonsponsoredplansreclassificationadjustmentfromaocibeforetax": 6000000,
        "othercomprehensiveincomelosspensionandotherpostretirementbenefitplanstax": -6000000,
        "othercomprehensiveincomelosspensionandotherpostretirementbenefitplansadjustmentnetoftax": -22000000,
        "othercomprehensiveincomelossforeigncurrencytransactionandtranslationadjustmentbeforetax": -15000000,
        "othercomprehensiveincomelossforeigncurrencytransactionandtranslationadjustmentnetoftax": -15000000,
        "othercomprehensiveincomelosscashflowhedgegainlossafterreclassificationbeforetax": 2000000,
        "othercomprehensiveincomelosscashflowhedgegainlossafterreclassificationandtax": 2000000,
        "othercomprehensiveincomelossnetoftax": 9000000,
        "comprehensiveincomenetoftaxincludingportionattributabletononcontrollinginterest": -630000000,
        "comprehensiveincomenetoftaxattributabletononcontrollinginterest": 15000000,
        "comprehensiveincomenetoftax": -645000000
    },
    {
        "date": "2020-12-30",
        "symbol": "PSX",
        "period": "Q4",
        "revenuefromcontractwithcustomerexcludingassessedtax": 16409000000,
        "incomelossfromequitymethodinvestments": 320000000,
        "gainlossondisposition": 21000000,
        "nonoperatingincomeexpense": 18000000,
        "revenuesandotherincome": 16768000000,
        "costofgoodsandservicessold": 15150000000,
        "othercostandexpenseoperating": 1180000000,
        "sellinggeneralandadministrativeexpense": 432000000,
        "depreciationdepletionandamortization": 358000000,
        "taxesexcludingincomeandexcisetaxes": 87000000,
        "accretionexpenseincludingassetretirementobligations": 5000000,
        "interestanddebtexpense": 139000000,
        "costandexpenses": 17459000000,
        "incomelossincludingportionattributabletononcontrollinginterest": -691000000,
        "incometaxexpensebenefit": -197000000,
        "profitloss": -494000000,
        "netincomelossattributabletononcontrollinginterest": 45000000,
        "netincomeloss": -539000000,
        "earningspersharebasic": -1.2300000000000004,
        "earningspersharediluted": -1.2300000000000004,
        "weightedaveragenumberofsharesoutstandingbasic": -140000,
        "weightedaveragenumberofdilutedsharesoutstanding": -140000,
        "othercomprehensiveincomelossreclassificationadjustmentfromaocipensionandotherpostretirementbenefitplansfornetgainlossbeforetax": -32000000,
        "othercomprehensiveincomelossdefinedbenefitplannonsponsoredplansreclassificationadjustmentfromaocibeforetax": -86000000,
        "othercomprehensiveincomelosspensionandotherpostretirementbenefitplanstax": -3000000,
        "othercomprehensiveincomelosspensionandotherpostretirementbenefitplansadjustmentnetoftax": 18000000,
        "othercomprehensiveincomelossforeigncurrencytransactionandtranslationadjustmentbeforetax": 197000000,
        "othercomprehensiveincomelossforeigncurrencytransactionandtranslationadjustmentnetoftax": 195000000,
        "othercomprehensiveincomelossnetoftax": 178000000,
        "comprehensiveincomenetoftaxincludingportionattributabletononcontrollinginterest": -316000000,
        "comprehensiveincomenetoftaxattributabletononcontrollinginterest": 45000000,
        "comprehensiveincomenetoftax": -361000000
    },
    {
        "date": "2020-09-29",
        "symbol": "PSX",
        "period": "Q3",
        "revenuefromcontractwithcustomerexcludingassessedtax": 15929000000,
        "incomelossfromequitymethodinvestments": 349000000,
        "gainlossondisposition": 1000000,
        "nonoperatingincomeexpense": 20000000,
        "revenuesandotherincome": 16299000000,
        "costofgoodsandservicessold": 14509000000,
        "othercostandexpenseoperating": 1016000000,
        "sellinggeneralandadministrativeexpense": 384000000,
        "depreciationdepletionandamortization": 352000000,
        "taxesexcludingincomeandexcisetaxes": 106000000,
        "accretionexpenseincludingassetretirementobligations": 6000000,
        "interestanddebtexpense": 132000000,
        "costandexpenses": 17649000000,
        "incomelossincludingportionattributabletononcontrollinginterest": -1350000000,
        "incometaxexpensebenefit": -624000000,
        "profitloss": -726000000,
        "netincomelossattributabletononcontrollinginterest": 73000000,
        "netincomeloss": -799000000,
        "earningspersharebasic": -1.83,
        "earningspersharediluted": -1.83,
        "weightedaveragenumberofsharesoutstandingbasic": -380000,
        "weightedaveragenumberofdilutedsharesoutstanding": -380000,
        "othercomprehensiveincomelossreclassificationadjustmentfromaocipensionandotherpostretirementbenefitplansfornetgainlossbeforetax": -34000000,
        "othercomprehensiveincomelossdefinedbenefitplannonsponsoredplansreclassificationadjustmentfromaocibeforetax": 4000000,
        "othercomprehensiveincomelosspensionandotherpostretirementbenefitplanstax": -10000000,
        "othercomprehensiveincomelosspensionandotherpostretirementbenefitplansadjustmentnetoftax": -28000000,
        "othercomprehensiveincomelossforeigncurrencytransactionandtranslationadjustmentbeforetax": 155000000,
        "othercomprehensiveincomelossforeigncurrencytransactionandtranslationadjustmentnetoftax": 151000000,
        "othercomprehensiveincomelossnetoftax": 181000000,
        "comprehensiveincomenetoftaxincludingportionattributabletononcontrollinginterest": -545000000,
        "comprehensiveincomenetoftaxattributabletononcontrollinginterest": 73000000,
        "comprehensiveincomenetoftax": -618000000
    },
    {
        "date": "2020-06-29",
        "symbol": "PSX",
        "period": "Q2",
        "revenuefromcontractwithcustomerexcludingassessedtax": 10913000000,
        "incomelossfromequitymethodinvestments": 157000000,
        "gainlossondisposition": 85000000,
        "nonoperatingincomeexpense": 30000000,
        "revenuesandotherincome": 11183000000,
        "costofgoodsandservicessold": 9608000000,
        "othercostandexpenseoperating": 1026000000,
        "sellinggeneralandadministrativeexpense": 409000000,
        "depreciationdepletionandamortization": 343000000,
        "assetimpairmentcharges": 0,
        "taxesexcludingincomeandexcisetaxes": 114000000,
        "accretionexpenseincludingassetretirementobligations": 5000000,
        "interestanddebtexpense": 117000000,
        "costandexpenses": 11628000000,
        "incomelossincludingportionattributabletononcontrollinginterest": -445000000,
        "incometaxexpensebenefit": -378000000,
        "profitloss": -67000000,
        "netincomelossattributabletononcontrollinginterest": 74000000,
        "netincomeloss": -141000000,
        "earningspersharebasic": -0.33999999999999986,
        "earningspersharediluted": -0.33999999999999986,
        "weightedaveragenumberofsharesoutstandingbasic": -1295000,
        "weightedaveragenumberofdilutedsharesoutstanding": -1295000,
        "othercomprehensiveincomelossreclassificationadjustmentfromaocipensionandotherpostretirementbenefitplansfornetgainlossbeforetax": -55000000,
        "othercomprehensiveincomelossdefinedbenefitplannonsponsoredplansreclassificationadjustmentfromaocibeforetax": 3000000,
        "othercomprehensiveincomelosspensionandotherpostretirementbenefitplanstax": 59000000,
        "othercomprehensiveincomelosspensionandotherpostretirementbenefitplansadjustmentnetoftax": 183000000,
        "othercomprehensiveincomelossforeigncurrencytransactionandtranslationadjustmentbeforetax": 26000000,
        "othercomprehensiveincomelossforeigncurrencytranslationadjustmenttax": 0,
        "othercomprehensiveincomelossforeigncurrencytransactionandtranslationadjustmentnetoftax": 26000000,
        "othercomprehensiveincomelosscashflowhedgegainlossafterreclassificationbeforetax": 0,
        "othercomprehensiveincomelosscashflowhedgegainlossafterreclassificationtax": 0,
        "othercomprehensiveincomelosscashflowhedgegainlossafterreclassificationandtax": 0,
        "othercomprehensiveincomelossnetoftax": -157000000,
        "comprehensiveincomenetoftaxincludingportionattributabletononcontrollinginterest": -224000000,
        "comprehensiveincomenetoftaxattributabletononcontrollinginterest": 74000000,
        "comprehensiveincomenetoftax": -298000000
    },
    {
        "date": "2020-03-30",
        "symbol": "PSX",
        "period": "Q1",
        "incomelossfromcontinuingoperationsincludingportionattributabletononcontrollinginterest": -2427000000,
        "othercomprehensiveincomelossreclassificationadjustmentfromaocipensionandotherpostretirementbenefitplansfornetgainlossbeforetax": -23000000,
        "othercomprehensiveincomelossdefinedbenefitplannonsponsoredplansreclassificationadjustmentfromaocibeforetax": 2000000,
        "othercomprehensiveincomelosspensionandotherpostretirementbenefitplanstax": -5000000,
        "othercomprehensiveincomelosspensionandotherpostretirementbenefitplansadjustmentnetoftax": -20000000,
        "othercomprehensiveincomelossforeigncurrencytransactionandtranslationadjustmentbeforetax": -222000000,
        "othercomprehensiveincomelossforeigncurrencytranslationadjustmenttax": -1000000,
        "othercomprehensiveincomelossforeigncurrencytransactionandtranslationadjustmentnetoftax": -221000000,
        "othercomprehensiveincomelosscashflowhedgegainlossafterreclassificationbeforetax": -9000000,
        "othercomprehensiveincomelosscashflowhedgegainlossafterreclassificationtax": -2000000,
        "othercomprehensiveincomelosscashflowhedgegainlossafterreclassificationandtax": -7000000,
        "othercomprehensiveincomelossnetoftax": -208000000,
        "comprehensiveincomenetoftaxincludingportionattributabletononcontrollinginterest": -2635000000,
        "comprehensiveincomenetoftaxattributabletononcontrollinginterest": 69000000,
        "comprehensiveincomenetoftax": -2704000000,
        "revenuefromcontractwithcustomerexcludingassessedtax": 20878000000,
        "incomelossfromequitymethodinvestments": 365000000,
        "gainlossondisposition": 1000000,
        "nonoperatingincomeexpense": -2000000,
        "revenuesandotherincome": 21244000000,
        "costofgoodsandservicessold": 18440000000,
        "othercostandexpenseoperating": 1341000000,
        "sellinggeneralandadministrativeexpense": 319000000,
        "depreciationdepletionandamortization": 342000000,
        "assetimpairmentcharges": 3006000000,
        "taxesexcludingincomeandexcisetaxes": 157000000,
        "accretionexpenseincludingassetretirementobligations": 6000000,
        "interestanddebtexpense": 111000000,
        "costandexpenses": 23722000000,
        "incomelossincludingportionattributabletononcontrollinginterest": -2478000000,
        "incometaxexpensebenefit": -51000000,
        "profitloss": -2427000000,
        "netincomelossattributabletononcontrollinginterest": 69000000,
        "netincomeloss": -2496000000,
        "earningspersharebasic": -5.66,
        "earningspersharediluted": -5.66,
        "weightedaveragenumberofsharesoutstandingbasic": 441345000,
        "weightedaveragenumberofdilutedsharesoutstanding": 441345000
    },
    {
        "date": "2019-12-30",
        "symbol": "PSX",
        "period": "Q4",
        "profitloss": 810000000,
        "othercomprehensiveincomelossreclassificationadjustmentfromaocipensionandotherpostretirementbenefitplansfornetgainlossbeforetax": -12000000,
        "othercomprehensiveincomelossdefinedbenefitplannonsponsoredplansreclassificationadjustmentfromaocibeforetax": -28000000,
        "othercomprehensiveincomelosspensionandotherpostretirementbenefitplanstax": 34000000,
        "othercomprehensiveincomelosspensionandotherpostretirementbenefitplansadjustmentnetoftax": 136000000,
        "othercomprehensiveincomelossforeigncurrencytransactionandtranslationadjustmentbeforetax": 218000000,
        "othercomprehensiveincomelossforeigncurrencytransactionandtranslationadjustmentnetoftax": 219000000,
        "othercomprehensiveincomelossnetoftax": 83000000,
        "comprehensiveincomenetoftaxincludingportionattributabletononcontrollinginterest": 893000000,
        "comprehensiveincomenetoftaxattributabletononcontrollinginterest": 74000000,
        "comprehensiveincomenetoftax": 819000000,
        "revenuefromcontractwithcustomerexcludingassessedtax": 29125000000,
        "incomelossfromequitymethodinvestments": 464000000,
        "nonoperatingincomeexpense": 22000000,
        "revenuesandotherincome": 29612000000,
        "costofgoodsandservicessold": 26114000000,
        "othercostandexpenseoperating": 1396000000,
        "sellinggeneralandadministrativeexpense": 491000000,
        "depreciationandamortization": 340000000,
        "assetimpairmentcharges": 5000000,
        "accretionexpenseincludingassetretirementobligations": 6000000,
        "interestanddebtexpense": 115000000,
        "foreigncurrencytransactiongainlossbeforetax": 0,
        "costandexpenses": 28546000000,
        "incomelossincludingportionattributabletononcontrollinginterest": 1066000000,
        "incometaxexpensebenefit": 256000000,
        "netincomelossattributabletononcontrollinginterest": 74000000,
        "netincomeloss": 736000000,
        "earningspersharebasic": 1.65,
        "earningspersharediluted": 1.6399999999999997,
        "weightedaveragenumberofsharesoutstandingbasic": -453271000,
        "weightedaveragenumberofdilutedsharesoutstanding": -454733000
    },
    {
        "date": "2019-09-29",
        "symbol": "PSX",
        "period": "Q3",
        "incomelossfromcontinuingoperationsincludingportionattributabletononcontrollinginterest": 793000000,
        "othercomprehensiveincomelossreclassificationadjustmentfromaocipensionandotherpostretirementbenefitplansfornetgainlossbeforetax": -17000000,
        "othercomprehensiveincomelossdefinedbenefitplannonsponsoredplansreclassificationadjustmentfromaocibeforetax": 2000000,
        "othercomprehensiveincomelosspensionandotherpostretirementbenefitplanstax": -4000000,
        "othercomprehensiveincomelosspensionandotherpostretirementbenefitplansadjustmentnetoftax": -15000000,
        "othercomprehensiveincomelossforeigncurrencytransactionandtranslationadjustmentbeforetax": -119000000,
        "othercomprehensiveincomelossforeigncurrencytranslationadjustmenttax": -1000000,
        "othercomprehensiveincomelossforeigncurrencytransactionandtranslationadjustmentnetoftax": -118000000,
        "othercomprehensiveincomelossderivativeexcludedcomponentincreasedecreaseafteradjustmentsbeforetax": -2000000,
        "othercomprehensiveincomelossderivativeexcludedcomponentincreasedecreaseafteradjustmentstax": -1000000,
        "othercomprehensiveincomelossderivativeexcludedcomponentincreasedecreaseafteradjustmentsandtax": -1000000,
        "othercomprehensiveincomelossnetoftax": -104000000,
        "comprehensiveincomenetoftaxincludingportionattributabletononcontrollinginterest": 689000000,
        "comprehensiveincomenetoftaxattributabletononcontrollinginterest": 81000000,
        "comprehensiveincomenetoftax": 608000000,
        "revenuefromcontractwithcustomerexcludingassessedtax": 27218000000,
        "incomelossfromequitymethodinvestments": 499000000,
        "gainlossondisposition": 18000000,
        "nonoperatingincomeexpense": 36000000,
        "revenuesandotherincome": 27771000000,
        "costofgoodsandservicessold": 23806000000,
        "othercostandexpenseoperating": 1206000000,
        "sellinggeneralandadministrativeexpense": 416000000,
        "depreciationandamortization": 336000000,
        "assetimpairmentcharges": 853000000,
        "taxesotherthanincometaxes": 105000000,
        "accretionexpenseincludingassetretirementobligations": 6000000,
        "interestanddebtexpense": 109000000,
        "foreigncurrencytransactiongainlossbeforetax": 9000000,
        "costandexpenses": 26828000000,
        "incomelossincludingportionattributabletononcontrollinginterest": 943000000,
        "incometaxexpensebenefit": 150000000,
        "profitloss": 793000000,
        "netincomelossattributabletononcontrollinginterest": 81000000,
        "netincomeloss": 712000000,
        "earningspersharebasic": 1.58,
        "earningspersharediluted": 1.58,
        "weightedaveragenumberofsharesoutstandingbasic": 449005000,
        "weightedaveragenumberofdilutedsharesoutstanding": 451001000
    },
    {
        "date": "2019-06-29",
        "symbol": "PSX",
        "period": "Q2",
        "incomelossfromcontinuingoperationsincludingportionattributabletononcontrollinginterest": 1504000000,
        "othercomprehensiveincomelossreclassificationadjustmentfromaocipensionandotherpostretirementbenefitplansfornetgainlossbeforetax": -15000000,
        "othercomprehensiveincomelossdefinedbenefitplannonsponsoredplansreclassificationadjustmentfromaocibeforetax": 1000000,
        "othercomprehensiveincomelosspensionandotherpostretirementbenefitplanstax": -4000000,
        "othercomprehensiveincomelosspensionandotherpostretirementbenefitplansadjustmentnetoftax": -12000000,
        "othercomprehensiveincomelossforeigncurrencytransactionandtranslationadjustmentbeforetax": -62000000,
        "othercomprehensiveincomelossforeigncurrencytransactionandtranslationadjustmentnetoftax": -63000000,
        "othercomprehensiveincomelossderivativeexcludedcomponentincreasedecreaseafteradjustmentsbeforetax": -7000000,
        "othercomprehensiveincomelossderivativeexcludedcomponentincreasedecreaseafteradjustmentstax": 0,
        "othercomprehensiveincomelossderivativeexcludedcomponentincreasedecreaseafteradjustmentsandtax": -7000000,
        "othercomprehensiveincomelossnetoftax": -43000000,
        "comprehensiveincomenetoftaxincludingportionattributabletononcontrollinginterest": 2286000000,
        "comprehensiveincomenetoftaxattributabletononcontrollinginterest": 80000000,
        "comprehensiveincomenetoftax": 1366000000,
        "revenuefromcontractwithcustomerexcludingassessedtax": 55326000000,
        "incomelossfromequitymethodinvestments": 1525000000,
        "gainlossondisposition": 0,
        "nonoperatingincomeexpense": 23000000,
        "revenuesandotherincome": 56913000000,
        "costofgoodsandservicessold": 49888000000,
        "othercostandexpenseoperating": 2491000000,
        "sellinggeneralandadministrativeexpense": 776000000,
        "depreciationandamortization": 561000000,
        "assetimpairmentcharges": 2000000,
        "taxesotherthanincometaxes": 192000000,
        "accretionexpenseincludingassetretirementobligations": 10000000,
        "interestanddebtexpense": 311000000,
        "foreigncurrencytransactiongainlossbeforetax": -9000000,
        "costandexpenses": 54383000000,
        "incomelossincludingportionattributabletononcontrollinginterest": 2530000000,
        "incometaxexpensebenefit": 414000000,
        "profitloss": 1570000000,
        "netincomelossattributabletononcontrollinginterest": 80000000,
        "netincomeloss": 1989000000,
        "earningspersharebasic": 3.13,
        "earningspersharediluted": 3.11,
        "weightedaveragenumberofsharesoutstandingbasic": -1969000,
        "weightedaveragenumberofdilutedsharesoutstanding": -1669000
    },
    {
        "date": "2019-03-30",
        "symbol": "PSX",
        "period": "Q1",
        "incomelossfromcontinuingoperationsincludingportionattributabletononcontrollinginterest": 270000000,
        "othercomprehensiveincomelossreclassificationadjustmentfromaocipensionandotherpostretirementbenefitplansfornetgainlossbeforetax": -19000000,
        "othercomprehensiveincomelossdefinedbenefitplannonsponsoredplansreclassificationadjustmentfromaocibeforetax": 4000000,
        "othercomprehensiveincomelosspensionandotherpostretirementbenefitplanstax": -5000000,
        "othercomprehensiveincomelosspensionandotherpostretirementbenefitplansadjustmentnetoftax": -18000000,
        "othercomprehensiveincomelossforeigncurrencytransactionandtranslationadjustmentbeforetax": 57000000,
        "othercomprehensiveincomelossforeigncurrencytransactionandtranslationadjustmentnetoftax": 57000000,
        "othercomprehensiveincomelossderivativeexcludedcomponentincreasedecreaseafteradjustmentsbeforetax": -4000000,
        "othercomprehensiveincomelossderivativeexcludedcomponentincreasedecreaseafteradjustmentstax": -1000000,
        "othercomprehensiveincomelossderivativeexcludedcomponentincreasedecreaseafteradjustmentsandtax": -3000000,
        "othercomprehensiveincomelossnetoftax": 57000000,
        "comprehensiveincomenetoftaxincludingportionattributabletononcontrollinginterest": -498000000,
        "comprehensiveincomenetoftaxattributabletononcontrollinginterest": 66000000,
        "comprehensiveincomenetoftax": 276000000,
        "revenuefromcontractwithcustomerexcludingassessedtax": -4376000000,
        "incomelossfromequitymethodinvestments": -361000000,
        "gainlossondisposition": 1000000,
        "nonoperatingincomeexpense": 38000000,
        "revenuesandotherincome": -4737000000,
        "costofgoodsandservicessold": -4279000000,
        "othercostandexpenseoperating": -19000000,
        "sellinggeneralandadministrativeexpense": -2000000,
        "depreciationandamortization": 104000000,
        "assetimpairmentcharges": 1000000,
        "taxesotherthanincometaxes": 33000000,
        "accretionexpenseincludingassetretirementobligations": 1000000,
        "interestanddebtexpense": -77000000,
        "foreigncurrencytransactiongainlossbeforetax": -5000000,
        "costandexpenses": -4376000000,
        "incomelossincludingportionattributabletononcontrollinginterest": -361000000,
        "incometaxexpensebenefit": -19000000,
        "profitloss": 204000000,
        "netincomelossattributabletononcontrollinginterest": 66000000,
        "netincomeloss": -361000000,
        "earningspersharebasic": 0.44,
        "earningspersharediluted": 0.44,
        "weightedaveragenumberofsharesoutstandingbasic": 457599000,
        "weightedaveragenumberofdilutedsharesoutstanding": 459289000
    },
    {
        "date": "2018-09-29",
        "symbol": "PSX",
        "period": "Q3",
        "incomelossfromcontinuingoperationsincludingportionattributabletononcontrollinginterest": 1694000000,
        "othercomprehensiveincomelossreclassificationadjustmentfromaocipensionandotherpostretirementbenefitplansfornetgainlossbeforetax": -68000000,
        "othercomprehensiveincomelossnonsponsoreddefinedbenefitplansbeforetax": 4000000,
        "othercomprehensiveincomelosspensionandotherpostretirementbenefitplanstax": -18000000,
        "othercomprehensiveincomelosspensionandotherpostretirementbenefitplansadjustmentnetoftax": -54000000,
        "othercomprehensiveincomelossforeigncurrencytransactionandtranslationadjustmentbeforetax": -15000000,
        "othercomprehensiveincomelossforeigncurrencytranslationadjustmenttax": -1000000,
        "othercomprehensiveincomelossforeigncurrencytransactionandtranslationadjustmentnetoftax": -14000000,
        "othercomprehensiveincomeunrealizedgainlossonderivativesarisingduringperiodbeforetax": 2000000,
        "othercomprehensiveincomelossderivativesqualifyingashedgesnetoftax": 1000000,
        "othercomprehensiveincomelossnetoftax": -14000000,
        "comprehensiveincomenetoftaxincludingportionattributabletononcontrollinginterest": -2173000000,
        "comprehensiveincomenetoftaxattributabletononcontrollinginterest": 76000000,
        "comprehensiveincomenetoftax": 1533000000,
        "incomelossfromequitymethodinvestments": -2140000000,
        "nonoperatingincomeexpense": 1000000,
        "revenuesandotherincome": -7602000000,
        "othercostandexpenseoperating": -20000000,
        "sellinggeneralandadministrativeexpense": -3000000,
        "depreciationandamortization": 114000000,
        "taxesotherthanincometaxes": 25000000,
        "accretionexpenseincludingassetretirementobligations": 1000000,
        "interestanddebtexpense": -73000000,
        "foreigncurrencytransactiongainlossbeforetax": 0,
        "costandexpenses": -5462000000,
        "incomelossincludingportionattributabletononcontrollinginterest": -2140000000,
        "incometaxexpensebenefit": -21000000,
        "profitloss": 2354000000,
        "netincomelossattributabletononcontrollinginterest": 76000000,
        "netincomeloss": -2140000000,
        "earningspersharebasic": 3.1799999999999997,
        "earningspersharediluted": 3.16,
        "commonstockdividendspersharecashpaid": 0.7999999999999998,
        "weightedaveragenumberofsharesoutstandingbasic": -3887000,
        "weightedaveragenumberofdilutedsharesoutstanding": -3775000
    },
    {
        "date": "2018-06-29",
        "symbol": "PSX",
        "period": "Q2",
        "incomelossfromcontinuingoperationsincludingportionattributabletononcontrollinginterest": 1339000000,
        "othercomprehensiveincomelossreclassificationadjustmentfromaocipensionandotherpostretirementbenefitplansfornetgainlossbeforetax": -21000000,
        "othercomprehensiveincomelossnonsponsoreddefinedbenefitplansbeforetax": 3000000,
        "othercomprehensiveincomelosspensionandotherpostretirementbenefitplanstax": -5000000,
        "othercomprehensiveincomelosspensionandotherpostretirementbenefitplansadjustmentnetoftax": -19000000,
        "othercomprehensiveincomelossforeigncurrencytransactionandtranslationadjustmentbeforetax": -201000000,
        "othercomprehensiveincomelossforeigncurrencytranslationadjustmenttax": -4000000,
        "othercomprehensiveincomelossforeigncurrencytransactionandtranslationadjustmentnetoftax": -197000000,
        "othercomprehensiveincomeunrealizedgainlossonderivativesarisingduringperiodbeforetax": 2000000,
        "othercomprehensiveincomeunrealizedgainlossonderivativesarisingduringperiodtax": 0,
        "othercomprehensiveincomelossderivativesqualifyingashedgesnetoftax": 2000000,
        "othercomprehensiveincomelossnetoftax": -197000000,
        "comprehensiveincomenetoftaxincludingportionattributabletononcontrollinginterest": -1374000000,
        "comprehensiveincomenetoftaxattributabletononcontrollinginterest": 65000000,
        "comprehensiveincomenetoftax": 1163000000,
        "incomelossfromequitymethodinvestments": -1733000000,
        "gainlossondisposition": 0,
        "nonoperatingincomeexpense": 10000000,
        "revenuesandotherincome": -6655000000,
        "othercostandexpenseoperating": -16000000,
        "sellinggeneralandadministrativeexpense": -2000000,
        "depreciationandamortization": 108000000,
        "taxesotherthanincometaxes": 27000000,
        "accretionexpenseincludingassetretirementobligations": 2000000,
        "interestanddebtexpense": -79000000,
        "foreigncurrencytransactiongainlossbeforetax": 14000000,
        "costandexpenses": -4922000000,
        "incomelossincludingportionattributabletononcontrollinginterest": -1733000000,
        "incometaxexpensebenefit": -24000000,
        "profitloss": 1986000000,
        "netincomelossattributabletononcontrollinginterest": 65000000,
        "netincomeloss": -1733000000,
        "earningspersharebasic": 2.8200000000000003,
        "earningspersharediluted": 2.8,
        "commonstockdividendspersharecashpaid": 0.8,
        "weightedaveragenumberofsharesoutstandingbasic": -9418000,
        "weightedaveragenumberofdilutedsharesoutstanding": -8673000
    },
    {
        "date": "2018-03-30",
        "symbol": "PSX",
        "period": "Q1",
        "incomelossfromcontinuingoperationsincludingportionattributabletononcontrollinginterest": 524000000,
        "othercomprehensiveincomelossreclassificationadjustmentfromaocipensionandotherpostretirementbenefitplansfornetgainlossbeforetax": -22000000,
        "othercomprehensiveincomelossnonsponsoreddefinedbenefitplansbeforetax": 6000000,
        "othercomprehensiveincomelosspensionandotherpostretirementbenefitplanstax": -7000000,
        "othercomprehensiveincomelosspensionandotherpostretirementbenefitplansadjustmentnetoftax": -21000000,
        "othercomprehensiveincomelossforeigncurrencytransactionandtranslationadjustmentbeforetax": 91000000,
        "othercomprehensiveincomelossforeigncurrencytranslationadjustmenttax": 3000000,
        "othercomprehensiveincomelossforeigncurrencytransactionandtranslationadjustmentnetoftax": 88000000,
        "othercomprehensiveincomeunrealizedgainlossonderivativesarisingduringperiodbeforetax": 6000000,
        "othercomprehensiveincomeunrealizedgainlossonderivativesarisingduringperiodtax": 2000000,
        "othercomprehensiveincomelossderivativesqualifyingashedgesnetoftax": 4000000,
        "othercomprehensiveincomelossnetoftax": 88000000,
        "comprehensiveincomenetoftaxincludingportionattributabletononcontrollinginterest": -1186000000,
        "comprehensiveincomenetoftaxattributabletononcontrollinginterest": 61000000,
        "comprehensiveincomenetoftax": 637000000,
        "salesrevenuenet": 1904000000,
        "incomelossfromequitymethodinvestments": -985000000,
        "gainlossondisposition": 10000000,
        "nonoperatingincomeexpense": 11000000,
        "revenuesandotherincome": -4443000000,
        "costofpurchasedoilandgas": -3376000000,
        "othercostandexpenseoperating": -15000000,
        "sellinggeneralandadministrativeexpense": -3000000,
        "depreciationandamortization": 106000000,
        "taxesotherthanincometaxes": 28000000,
        "accretionexpenseincludingassetretirementobligations": 1000000,
        "interestanddebtexpense": -64000000,
        "foreigncurrencytransactiongainlossbeforetax": 16000000,
        "costandexpenses": -3458000000,
        "incomelossincludingportionattributabletononcontrollinginterest": -985000000,
        "incometaxexpensebenefit": -20000000,
        "profitloss": -985000000,
        "netincomelossattributabletononcontrollinginterest": 61000000,
        "netincomeloss": -985000000,
        "earningspersharebasic": 1.07,
        "earningspersharediluted": 1.07,
        "commonstockdividendspersharecashpaid": 0.7,
        "weightedaveragenumberofsharesoutstandingbasic": 487065000,
        "weightedaveragenumberofdilutedsharesoutstanding": 489668000
    },
    {
        "date": "2017-12-30",
        "symbol": "PSX",
        "period": "Q4",
        "othercomprehensiveincomelossreclassificationadjustmentfromaocipensionandotherpostretirementbenefitplansfornetgainlossbeforetax": -31000000,
        "othercomprehensiveincomelossnonsponsoreddefinedbenefitplansbeforetax": 2000000,
        "othercomprehensiveincomelosspensionandotherpostretirementbenefitplanstax": -14000000,
        "othercomprehensiveincomelosspensionandotherpostretirementbenefitplansadjustmentnetoftax": -18000000,
        "othercomprehensiveincomelossforeigncurrencytransactionandtranslationadjustmentbeforetax": 46000000,
        "othercomprehensiveincomelossforeigncurrencytranslationadjustmenttax": 1000000,
        "othercomprehensiveincomelossforeigncurrencytransactionandtranslationadjustmentnetoftax": 45000000,
        "othercomprehensiveincomelossnetoftax": -33000000,
        "comprehensiveincomenetoftaxincludingportionattributabletononcontrollinginterest": -4737000000,
        "comprehensiveincomenetoftaxattributabletononcontrollinginterest": 57000000,
        "comprehensiveincomenetoftax": 3265000000,
        "salesrevenuenet": 12674000000,
        "incomelossfromequitymethodinvestments": 3133000000,
        "gainlossondisposition": -1000000,
        "nonoperatingincomeexpense": -47000000,
        "revenuesandotherincome": -8849000000,
        "costofpurchasedoilandgas": -4166000000,
        "othercostandexpenseoperating": -14000000,
        "sellinggeneralandadministrativeexpense": -3000000,
        "depreciationandamortization": 111000000,
        "assetimpairmentcharges": -14000000,
        "taxesotherthanincometaxes": 1997000000,
        "accretionexpenseincludingassetretirementobligations": 1000000,
        "interestanddebtexpense": 596000000,
        "costandexpenses": -4241000000,
        "incometaxexpensebenefit": 766000000,
        "netincomelossattributabletononcontrollinginterest": 57000000,
        "earningspersharebasic": 6.220000000000001,
        "earningspersharediluted": 6.17,
        "commonstockdividendspersharecashpaid": 0.7000000000000003,
        "weightedaveragenumberofsharesoutstandingbasic": -1037265000,
        "weightedaveragenumberofdilutedsharesoutstanding": -1042132000,
        "exciseandsalestaxes": 3390000000
    },
    {
        "date": "2017-09-29",
        "symbol": "PSX",
        "period": "Q3",
        "incomelossfromcontinuingoperationsincludingportionattributabletononcontrollinginterest": -1130000000,
        "othercomprehensiveincomelossreclassificationadjustmentfromaocipensionandotherpostretirementbenefitplansfornetgainlossbeforetax": -45000000,
        "othercomprehensiveincomelossnonsponsoreddefinedbenefitplansbeforetax": 2000000,
        "othercomprehensiveincomelosspensionandotherpostretirementbenefitplanstax": -17000000,
        "othercomprehensiveincomelosspensionandotherpostretirementbenefitplansadjustmentnetoftax": -30000000,
        "othercomprehensiveincomelossforeigncurrencytransactionandtranslationadjustmentbeforetax": 94000000,
        "othercomprehensiveincomelossforeigncurrencytranslationadjustmenttax": -1000000,
        "othercomprehensiveincomelossforeigncurrencytransactionandtranslationadjustmentnetoftax": 95000000,
        "othercomprehensiveincomelossnetoftax": 125000000,
        "comprehensiveincomenetoftaxincludingportionattributabletononcontrollinginterest": -1341000000,
        "comprehensiveincomenetoftaxattributabletononcontrollinginterest": 26000000,
        "comprehensiveincomenetoftax": 948000000,
        "salesrevenuenet": 6000000,
        "incomelossfromequitymethodinvestments": -1130000000,
        "gainlossondisposition": -1000000,
        "nonoperatingincomeexpense": 15000000,
        "revenuesandotherincome": -5457000000,
        "costofpurchasedoilandgas": -4262000000,
        "othercostandexpenseoperating": -8000000,
        "sellinggeneralandadministrativeexpense": -3000000,
        "depreciationandamortization": 112000000,
        "assetimpairmentcharges": 1000000,
        "taxesotherthanincometaxes": 1992000000,
        "accretionexpenseincludingassetretirementobligations": 2000000,
        "interestanddebtexpense": -54000000,
        "foreigncurrencytransactiongainlossbeforetax": -7000000,
        "costandexpenses": -4327000000,
        "incomelossfromcontinuingoperationsbeforeincometaxesextraordinaryitemsnoncontrollinginterest": -1130000000,
        "incometaxexpensebenefit": -31000000,
        "netincomelossattributabletononcontrollinginterest": 26000000,
        "incomelossfromcontinuingoperations": -141000000,
        "earningspersharebasic": 1.6,
        "earningspersharediluted": 1.6,
        "commonstockdividendspersharecashpaid": 0.7,
        "weightedaveragenumberofsharesoutstandingbasic": 512923000,
        "weightedaveragenumberofdilutedsharesoutstanding": 515960000,
        "exciseandsalestaxes": 3376000000
    },
    {
        "date": "2017-06-29",
        "symbol": "PSX",
        "period": "Q2",
        "incomelossfromcontinuingoperationsincludingportionattributabletononcontrollinginterest": -852000000,
        "othercomprehensiveincomelossreclassificationadjustmentfromaocipensionandotherpostretirementbenefitplansfornetgainlossbeforetax": -77000000,
        "othercomprehensiveincomelossnonsponsoreddefinedbenefitplansbeforetax": 3000000,
        "othercomprehensiveincomelosspensionandotherpostretirementbenefitplanstax": -30000000,
        "othercomprehensiveincomelosspensionandotherpostretirementbenefitplansadjustmentnetoftax": -50000000,
        "othercomprehensiveincomelossforeigncurrencytransactionandtranslationadjustmentbeforetax": 102000000,
        "othercomprehensiveincomelossforeigncurrencytranslationadjustmenttax": 7000000,
        "othercomprehensiveincomelossforeigncurrencytransactionandtranslationadjustmentnetoftax": 95000000,
        "derivativeinstrumentsgainlossrecognizedinothercomprehensiveincomeeffectiveportionnet": -3000000,
        "othercomprehensiveincomeunrealizedgainlossonderivativesarisingduringperiodtax": -1000000,
        "othercomprehensiveincomelossderivativesqualifyingashedgesnetoftax": -2000000,
        "othercomprehensiveincomelossnetoftax": 143000000,
        "comprehensiveincomenetoftaxincludingportionattributabletononcontrollinginterest": -1092000000,
        "comprehensiveincomenetoftaxattributabletononcontrollinginterest": 31000000,
        "comprehensiveincomenetoftax": 693000000,
        "salesrevenuenet": 7000000,
        "incomelossfromequitymethodinvestments": -852000000,
        "gainlossondisposition": 15000000,
        "nonoperatingincomeexpense": 9000000,
        "revenuesandotherincome": -4016000000,
        "costofpurchasedoilandgas": -3089000000,
        "othercostandexpenseoperating": -20000000,
        "sellinggeneralandadministrativeexpense": -3000000,
        "depreciationandamortization": 102000000,
        "assetimpairmentcharges": 15000000,
        "taxesotherthanincometaxes": 1905000000,
        "accretionexpenseincludingassetretirementobligations": 1000000,
        "interestanddebtexpense": -52000000,
        "costandexpenses": -3164000000,
        "incomelossfromcontinuingoperationsbeforeincometaxesextraordinaryitemsnoncontrollinginterest": -852000000,
        "incometaxexpensebenefit": -30000000,
        "netincomelossattributabletononcontrollinginterest": 31000000,
        "incomelossfromcontinuingoperations": -143000000,
        "earningspersharebasic": 1.06,
        "earningspersharediluted": 1.06,
        "commonstockdividendspersharecashpaid": 0.7,
        "weightedaveragenumberofsharesoutstandingbasic": 517785000,
        "weightedaveragenumberofdilutedsharesoutstanding": 520160000,
        "exciseandsalestaxes": 3252000000
    },
    {
        "date": "2017-03-30",
        "symbol": "PSX",
        "period": "Q1",
        "incomelossfromcontinuingoperationsincludingportionattributabletononcontrollinginterest": 535000000,
        "othercomprehensiveincomelossreclassificationadjustmentfromaocipensionandotherpostretirementbenefitplansfornetgainlossbeforetax": -23000000,
        "othercomprehensiveincomelossnonsponsoreddefinedbenefitplansbeforetax": 3000000,
        "othercomprehensiveincomelosspensionandotherpostretirementbenefitplanstax": -9000000,
        "othercomprehensiveincomelosspensionandotherpostretirementbenefitplansadjustmentnetoftax": -17000000,
        "othercomprehensiveincomelossforeigncurrencytransactionandtranslationadjustmentbeforetax": 26000000,
        "othercomprehensiveincomelossforeigncurrencytranslationadjustmenttax": 2000000,
        "othercomprehensiveincomelossforeigncurrencytransactionandtranslationadjustmentnetoftax": 24000000,
        "derivativeinstrumentsgainlossrecognizedinothercomprehensiveincomeeffectiveportionnet": 3000000,
        "othercomprehensiveincomeunrealizedgainlossonderivativesarisingduringperiodtax": 1000000,
        "othercomprehensiveincomelossderivativesqualifyingashedgesnetoftax": 2000000,
        "othercomprehensiveincomelossnetoftax": 24000000,
        "comprehensiveincomenetoftaxincludingportionattributabletononcontrollinginterest": -900000000,
        "comprehensiveincomenetoftaxattributabletononcontrollinginterest": 28000000,
        "comprehensiveincomenetoftax": 578000000,
        "salesrevenuenet": -3335000000,
        "incomelossfromequitymethodinvestments": -829000000,
        "gainlossondisposition": 1000000,
        "nonoperatingincomeexpense": 26000000,
        "revenuesandotherincome": -4164000000,
        "costofpurchasedoilandgas": -3265000000,
        "othercostandexpenseoperating": -16000000,
        "sellinggeneralandadministrativeexpense": -2000000,
        "depreciationandamortization": 101000000,
        "assetimpairmentcharges": 2000000,
        "taxesotherthanincometaxes": 1784000000,
        "accretionexpenseincludingassetretirementobligations": 1000000,
        "interestanddebtexpense": -52000000,
        "foreigncurrencytransactiongainlossbeforetax": 1000000,
        "costandexpenses": -3335000000,
        "incomelossfromcontinuingoperationsbeforeincometaxesextraordinaryitemsnoncontrollinginterest": -829000000,
        "incometaxexpensebenefit": -33000000,
        "netincomelossattributabletononcontrollinginterest": 28000000,
        "incomelossfromcontinuingoperations": -829000000,
        "earningspersharebasic": 1.02,
        "earningspersharediluted": 1.02,
        "commonstockdividendspersharecashpaid": 0.63,
        "weightedaveragenumberofsharesoutstandingbasic": 521647000,
        "weightedaveragenumberofdilutedsharesoutstanding": 524520000,
        "exciseandsalestaxes": 3036000000
    },
    {
        "date": "2016-09-29",
        "symbol": "PSX",
        "period": "Q3",
        "incomelossfromcontinuingoperationsincludingportionattributabletononcontrollinginterest": -809000000,
        "othercomprehensiveincomelosspensionandotherpostretirementbenefitplansnetunamortizedgainlossarisingduringperiodbeforetax": -28000000,
        "othercomprehensiveincomelossreclassificationadjustmentfromaocipensionandotherpostretirementbenefitplansfornetgainlossbeforetax": -23000000,
        "othercomprehensiveincomelossfinalizationofpensionandnonpensionpostretirementplanvaluationbeforetax": 31000000,
        "othercomprehensiveincomelossnonsponsoreddefinedbenefitplansbeforetax": 2000000,
        "othercomprehensiveincomelosspensionandotherpostretirementbenefitplanstax": -9000000,
        "othercomprehensiveincomelosspensionandotherpostretirementbenefitplansadjustmentnetoftax": -19000000,
        "othercomprehensiveincomelossforeigncurrencytransactionandtranslationadjustmentbeforetax": -61000000,
        "othercomprehensiveincomelossforeigncurrencytranslationadjustmenttax": 1000000,
        "othercomprehensiveincomelossforeigncurrencytransactionandtranslationadjustmentnetoftax": -62000000,
        "derivativeinstrumentsgainlossrecognizedinothercomprehensiveincomeeffectiveportionnet": 4000000,
        "othercomprehensiveincomeunrealizedgainlossonderivativesarisingduringperiodtax": 1000000,
        "othercomprehensiveincomelossderivativesqualifyingashedgesnetoftax": 3000000,
        "othercomprehensiveincomelossnetoftax": -40000000,
        "comprehensiveincomenetoftaxincludingportionattributabletononcontrollinginterest": -713000000,
        "comprehensiveincomenetoftaxattributabletononcontrollinginterest": 25000000,
        "comprehensiveincomenetoftax": 471000000,
        "salesrevenuenet": 8000000,
        "incomelossfromequitymethodinvestments": -809000000,
        "gainlossondisposition": -11000000,
        "nonoperatingincomeexpense": 10000000,
        "revenuesandotherincome": -3667000000,
        "costofpurchasedoilandgas": -2804000000,
        "othercostandexpenseoperating": -9000000,
        "sellinggeneralandadministrativeexpense": -3000000,
        "depreciationandamortization": 206000000,
        "assetimpairmentcharges": 1000000,
        "taxesotherthanincometaxes": 1390000000,
        "accretionexpenseincludingassetretirementobligations": 3000000,
        "interestanddebtexpense": -42000000,
        "foreigncurrencytransactiongainlossbeforetax": 9000000,
        "costandexpenses": -2858000000,
        "incomelossfromcontinuingoperationsbeforeincometaxesextraordinaryitemsnoncontrollinginterest": -809000000,
        "incometaxexpensebenefit": 225000000,
        "netincomelossattributabletononcontrollinginterest": 25000000,
        "incomelossfromcontinuingoperations": -109000000,
        "earningspersharebasic": 0.97,
        "earningspersharediluted": 0.96,
        "commonstockdividendspersharecashpaid": 0.63,
        "weightedaveragenumberofsharesoutstandingbasic": 525991000,
        "weightedaveragenumberofdilutedsharesoutstanding": 528798000,
        "exciseandsalestaxes": 3357000000
    },
    {
        "date": "2016-06-29",
        "symbol": "PSX",
        "period": "Q2",
        "incomelossfromcontinuingoperationsincludingportionattributabletononcontrollinginterest": 496000000,
        "othercomprehensiveincomelossreclassificationadjustmentfromaocipensionandotherpostretirementbenefitplansfornetgainlossbeforetax": -24000000,
        "othercomprehensiveincomelossnonsponsoreddefinedbenefitplansbeforetax": 3000000,
        "othercomprehensiveincomelosspensionandotherpostretirementbenefitplanstax": -9000000,
        "othercomprehensiveincomelosspensionandotherpostretirementbenefitplansadjustmentnetoftax": -18000000,
        "othercomprehensiveincomelossforeigncurrencytransactionandtranslationadjustmentbeforetax": -107000000,
        "othercomprehensiveincomelossforeigncurrencytranslationadjustmenttax": 1000000,
        "othercomprehensiveincomelossforeigncurrencytransactionandtranslationadjustmentnetoftax": -108000000,
        "derivativeinstrumentslossrecognizedinothercomprehensiveincomeeffectiveportion": 8000000,
        "othercomprehensiveincomeunrealizedgainlossonderivativesarisingduringperiodtax": -3000000,
        "othercomprehensiveincomelossderivativesqualifyingashedgesnetoftax": -5000000,
        "othercomprehensiveincomelossnetoftax": -108000000,
        "comprehensiveincomenetoftaxincludingportionattributabletononcontrollinginterest": -480000000,
        "comprehensiveincomenetoftaxattributabletononcontrollinginterest": 20000000,
        "comprehensiveincomenetoftax": 401000000,
        "salesrevenuenet": 1781000000,
        "incomelossfromequitymethodinvestments": -682000000,
        "nonoperatingincomeexpense": 9000000,
        "revenuesandotherincome": -3027000000,
        "costofpurchasedoilandgas": -2289000000,
        "othercostandexpenseoperating": -10000000,
        "sellinggeneralandadministrativeexpense": -2000000,
        "depreciationandamortization": 203000000,
        "taxesotherthanincometaxes": 1397000000,
        "accretionexpenseincludingassetretirementobligations": 4000000,
        "interestanddebtexpense": -44000000,
        "foreigncurrencytransactiongainlossbeforetax": 0,
        "costandexpenses": -2345000000,
        "incomelossfromcontinuingoperationsbeforeincometaxesextraordinaryitemsnoncontrollinginterest": -682000000,
        "incometaxexpensebenefit": 216000000,
        "netincomelossattributabletononcontrollinginterest": 20000000,
        "incomelossfromcontinuingoperations": 360000000,
        "earningspersharebasic": 0.94,
        "earningspersharediluted": 0.9299999999999999,
        "commonstockdividendspersharecashpaid": 0.6299999999999999,
        "weightedaveragenumberofsharesoutstandingbasic": -1746000,
        "weightedaveragenumberofdilutedsharesoutstanding": -1894000,
        "exciseandsalestaxes": 3508000000
    },
    {
        "date": "2016-03-30",
        "symbol": "PSX",
        "period": "Q1",
        "incomelossfromcontinuingoperationsincludingportionattributabletononcontrollinginterest": 385000000,
        "othercomprehensiveincomelossreclassificationadjustmentfromaocipensionandotherpostretirementbenefitplansfornetgainlossbeforetax": -23000000,
        "othercomprehensiveincomelossnonsponsoreddefinedbenefitplansbeforetax": 6000000,
        "othercomprehensiveincomelosspensionandotherpostretirementbenefitplanstax": -11000000,
        "othercomprehensiveincomelosspensionandotherpostretirementbenefitplansadjustmentnetoftax": -18000000,
        "othercomprehensiveincomelossforeigncurrencytransactionandtranslationadjustmentbeforetax": -15000000,
        "othercomprehensiveincomelossforeigncurrencytranslationadjustmenttax": 2000000,
        "othercomprehensiveincomelossforeigncurrencytransactionandtranslationadjustmentnetoftax": -17000000,
        "derivativeinstrumentslossrecognizedinothercomprehensiveincomeeffectiveportion": 8000000,
        "othercomprehensiveincomeunrealizedgainlossonderivativesarisingduringperiodtax": -3000000,
        "othercomprehensiveincomelossderivativesqualifyingashedgesnetoftax": -5000000,
        "othercomprehensiveincomelossnetoftax": -17000000,
        "comprehensiveincomenetoftaxincludingportionattributabletononcontrollinginterest": -582000000,
        "comprehensiveincomenetoftaxattributabletononcontrollinginterest": 13000000,
        "comprehensiveincomenetoftax": 381000000,
        "salesrevenuenet": -1765000000,
        "incomelossfromequitymethodinvestments": -598000000,
        "nonoperatingincomeexpense": 15000000,
        "revenuesandotherincome": -2363000000,
        "costofpurchasedoilandgas": -1709000000,
        "othercostandexpenseoperating": -8000000,
        "sellinggeneralandadministrativeexpense": -3000000,
        "depreciationandamortization": 200000000,
        "taxesotherthanincometaxes": 1344000000,
        "accretionexpenseincludingassetretirementobligations": 4000000,
        "interestanddebtexpense": -45000000,
        "foreigncurrencytransactiongainlossbeforetax": 7000000,
        "costandexpenses": -1765000000,
        "incomelossfromcontinuingoperationsbeforeincometaxesextraordinaryitemsnoncontrollinginterest": -598000000,
        "incometaxexpensebenefit": 173000000,
        "netincomelossattributabletononcontrollinginterest": 13000000,
        "incomelossfromcontinuingoperations": -598000000,
        "earningspersharebasic": 0.72,
        "earningspersharediluted": 0.72,
        "commonstockdividendspersharecashpaid": 0.56,
        "weightedaveragenumberofsharesoutstandingbasic": 531739000,
        "weightedaveragenumberofdilutedsharesoutstanding": 534709000,
        "exciseandsalestaxes": 3360000000
    },
    {
        "date": "2015-09-29",
        "symbol": "PSX",
        "period": "Q3",
        "profitloss": -2089000000,
        "othercomprehensiveincomelosspensionandotherpostretirementbenefitplansnetunamortizedgainlossarisingduringperiodbeforetax": -116000000,
        "othercomprehensiveincomelossreclassificationadjustmentfromaocipensionandotherpostretirementbenefitplansfornetgainlossbeforetax": -98000000,
        "othercomprehensiveincomelossnonsponsoreddefinedbenefitplansbeforetax": 4000000,
        "othercomprehensiveincomelosspensionandotherpostretirementbenefitplanstax": 6000000,
        "othercomprehensiveincomelosspensionandotherpostretirementbenefitplansadjustmentnetoftax": 8000000,
        "othercomprehensiveincomelossforeigncurrencytransactionandtranslationadjustmentbeforetax": -106000000,
        "othercomprehensiveincomelossforeigncurrencytranslationadjustmenttax": 5000000,
        "othercomprehensiveincomelossforeigncurrencytransactionandtranslationadjustmentnetoftax": -111000000,
        "othercomprehensiveincomelossnetoftax": -119000000,
        "comprehensiveincomenetoftaxincludingportionattributabletononcontrollinginterest": -1869000000,
        "comprehensiveincomenetoftaxattributabletononcontrollinginterest": 14000000,
        "comprehensiveincomenetoftax": 1459000000,
        "salesrevenuenet": 1000000,
        "incomelossfromequitymethodinvestments": -2089000000,
        "gainlossondisposition": 22000000,
        "othernonoperatingincome": 12000000,
        "revenuesandotherincome": -4909000000,
        "costofpurchasedoilandgas": -2768000000,
        "othercostandexpenseoperating": -7000000,
        "sellinggeneralandadministrativeexpense": -11000000,
        "depreciationandamortization": 206000000,
        "assetimpairmentcharges": 1000000,
        "taxesotherthanincometaxes": 1396000000,
        "accretionexpenseincludingassetretirementobligations": 4000000,
        "interestanddebtexpense": -34000000,
        "foreigncurrencytransactiongainlossbeforetax": -1000000,
        "costandexpenses": -2820000000,
        "incomelossfromcontinuingoperationsbeforeincometaxesextraordinaryitemsnoncontrollinginterest": -2089000000,
        "incometaxexpensebenefit": 656000000,
        "incomelossfromcontinuingoperationsincludingportionattributabletononcontrollinginterest": -2089000000,
        "netincomelossattributabletononcontrollinginterest": 14000000,
        "netincomeloss": -116000000,
        "incomelossfromcontinuingoperations": 1578000000,
        "incomelossfromcontinuingoperationsperbasicshare": 2.92,
        "earningspersharebasic": 2.92,
        "incomelossfromcontinuingoperationsperdilutedshare": 2.9,
        "earningspersharediluted": 2.9,
        "commonstockdividendspersharecashpaid": 0.56,
        "weightedaveragenumberofsharesoutstandingbasic": 540357000,
        "weightedaveragenumberofdilutedsharesoutstanding": 544696000,
        "exciseandsalestaxes": 3513000000
    },
    {
        "date": "2015-06-29",
        "symbol": "PSX",
        "period": "Q2",
        "profitloss": 1012000000,
        "othercomprehensiveincomelossreclassificationadjustmentfromaocipensionandotherpostretirementbenefitplansfornetgainlossbeforetax": -19000000,
        "othercomprehensiveincomelossnonsponsoreddefinedbenefitplansbeforetax": 5000000,
        "othercomprehensiveincomelosspensionandotherpostretirementbenefitplanstax": -10000000,
        "othercomprehensiveincomelosspensionandotherpostretirementbenefitplansadjustmentnetoftax": -14000000,
        "othercomprehensiveincomelossforeigncurrencytransactionandtranslationadjustmentbeforetax": 212000000,
        "othercomprehensiveincomelossforeigncurrencytranslationadjustmenttax": 1000000,
        "othercomprehensiveincomelossforeigncurrencytransactionandtranslationadjustmentnetoftax": 211000000,
        "othercomprehensiveincomelossnetoftax": 211000000,
        "comprehensiveincomenetoftaxincludingportionattributabletononcontrollinginterest": -1647000000,
        "comprehensiveincomenetoftaxattributabletononcontrollinginterest": 13000000,
        "comprehensiveincomenetoftax": 1237000000,
        "salesrevenuenet": 12000000,
        "incomelossfromequitymethodinvestments": -1207000000,
        "gainlossondisposition": 247000000,
        "othernonoperatingincome": 19000000,
        "revenuesandotherincome": -4550000000,
        "costofpurchasedoilandgas": -3307000000,
        "othercostandexpenseoperating": -10000000,
        "sellinggeneralandadministrativeexpense": -1000000,
        "depreciationandamortization": 214000000,
        "taxesotherthanincometaxes": 1435000000,
        "accretionexpenseincludingassetretirementobligations": 4000000,
        "interestanddebtexpense": -25000000,
        "foreigncurrencytransactiongainlossbeforetax": 0,
        "costandexpenses": -3343000000,
        "incomelossfromcontinuingoperationsbeforeincometaxesextraordinaryitemsnoncontrollinginterest": -1207000000,
        "incometaxexpensebenefit": 553000000,
        "incomelossfromcontinuingoperationsincludingportionattributabletononcontrollinginterest": -1207000000,
        "netincomelossattributabletononcontrollinginterest": 13000000,
        "netincomeloss": -123000000,
        "incomelossfromcontinuingoperations": 1012000000,
        "incomelossfromcontinuingoperationsperbasicshare": 1.8499999999999999,
        "earningspersharebasic": 1.8499999999999999,
        "incomelossfromcontinuingoperationsperdilutedshare": 1.8399999999999999,
        "earningspersharediluted": 1.8399999999999999,
        "commonstockdividendspersharecashpaid": 0.56,
        "weightedaveragenumberofsharesoutstandingbasic": -1802000,
        "weightedaveragenumberofdilutedsharesoutstanding": -1352000,
        "exciseandsalestaxes": 3463000000
    },
    {
        "date": "2015-03-30",
        "symbol": "PSX",
        "period": "Q1",
        "profitloss": 987000000,
        "othercomprehensiveincomelossreclassificationadjustmentfromaocipensionandotherpostretirementbenefitplansfornetgainlossbeforetax": -30000000,
        "othercomprehensiveincomelossnonsponsoreddefinedbenefitplansbeforetax": 5000000,
        "othercomprehensiveincomelosspensionandotherpostretirementbenefitplanstax": -10000000,
        "othercomprehensiveincomelosspensionandotherpostretirementbenefitplansadjustmentnetoftax": -25000000,
        "othercomprehensiveincomelossforeigncurrencytransactionandtranslationadjustmentbeforetax": -197000000,
        "othercomprehensiveincomelossforeigncurrencytranslationadjustmenttax": -9000000,
        "othercomprehensiveincomelossforeigncurrencytransactionandtranslationadjustmentnetoftax": -188000000,
        "othercomprehensiveincomelossnetoftax": -188000000,
        "comprehensiveincomenetoftaxincludingportionattributabletononcontrollinginterest": -1028000000,
        "comprehensiveincomenetoftaxattributabletononcontrollinginterest": 10000000,
        "comprehensiveincomenetoftax": 824000000,
        "salesrevenuenet": 9000000,
        "incomelossfromequitymethodinvestments": -1367000000,
        "gainlossondisposition": -5000000,
        "othernonoperatingincome": 70000000,
        "revenuesandotherincome": -3656000000,
        "costofpurchasedoilandgas": -2255000000,
        "othercostandexpenseoperating": -14000000,
        "sellinggeneralandadministrativeexpense": -1000000,
        "depreciationandamortization": 194000000,
        "taxesotherthanincometaxes": 1381000000,
        "accretionexpenseincludingassetretirementobligations": 4000000,
        "interestanddebtexpense": -19000000,
        "foreigncurrencytransactiongainlossbeforetax": -49000000,
        "costandexpenses": -2289000000,
        "incomelossfromcontinuingoperationsbeforeincometaxesextraordinaryitemsnoncontrollinginterest": -1367000000,
        "incometaxexpensebenefit": 423000000,
        "incomelossfromcontinuingoperationsincludingportionattributabletononcontrollinginterest": -1367000000,
        "netincomelossattributabletononcontrollinginterest": 10000000,
        "netincomeloss": -125000000,
        "incomelossfromcontinuingoperations": 987000000,
        "incomelossfromcontinuingoperationsperbasicshare": 1.8,
        "earningspersharebasic": 1.8,
        "incomelossfromcontinuingoperationsperdilutedshare": 1.79,
        "earningspersharediluted": 1.79,
        "commonstockdividendspersharecashpaid": 0.5,
        "weightedaveragenumberofsharesoutstandingbasic": 548200000,
        "weightedaveragenumberofdilutedsharesoutstanding": 552337000,
        "exciseandsalestaxes": 3362000000
    },
    {
        "date": "2014-09-29",
        "symbol": "PSX",
        "period": "Q3",
        "profitloss": -1613000000,
        "amortizationtonetincomeofnetactuariallosses": -15000000,
        "othercomprehensiveincomelosspensionandotherpostretirementbenefitplanstax": -5000000,
        "othercomprehensiveincomelosspensionandotherpostretirementbenefitplansadjustmentnetoftax": -14000000,
        "othercomprehensiveincomeforeigncurrencytransactionandtranslationgainlossbeforereclassificationandtax": -233000000,
        "othercomprehensiveincomeforeigncurrencytranslationgainlossarisingduringperiodtax": -8000000,
        "othercomprehensiveincomelossforeigncurrencytransactionandtranslationadjustmentnetoftax": -225000000,
        "othercomprehensiveincomelossnetoftax": 14000000,
        "comprehensiveincomenetoftaxincludingportionattributabletononcontrollinginterest": -2045000000,
        "comprehensiveincomenetoftaxattributabletononcontrollinginterest": 9000000,
        "comprehensiveincomenetoftax": 969000000,
        "salesrevenuenet": 27700000000,
        "incomelossfromequitymethodinvestments": 5101000000,
        "gainlossondisposition": 109000000,
        "othernonoperatingincome": 11000000,
        "revenuesandotherincome": 70641000000,
        "costofpurchasedoilandgas": 43543000000,
        "othercostandexpenseoperating": 636000000,
        "sellinggeneralandadministrativeexpense": 898000000,
        "depreciationandamortization": -193000000,
        "assetimpairmentcharges": 12000000,
        "taxesotherthanincometaxes": 4506000000,
        "accretionexpenseincludingassetretirementobligations": -5000000,
        "interestanddebtexpense": 19000000,
        "foreigncurrencytransactiongainlossbeforetax": -13000000,
        "costandexpenses": -74760000000,
        "incomelossfromcontinuingoperationsbeforeincometaxesextraordinaryitemsnoncontrollinginterest": 2690000000,
        "incometaxexpensebenefit": -24000000,
        "incomelossfromcontinuingoperationsincludingportionattributabletononcontrollinginterest": 2664000000,
        "netincomelossattributabletononcontrollinginterest": 9000000,
        "netincomeloss": -1831000000,
        "incomelossfromcontinuingoperations": 1180000000,
        "incomelossfromcontinuingoperationsperbasicshare": 2.0999999999999996,
        "incomelossfromdiscontinuedoperationsnetoftaxperbasicshare": 0.010000000000000009,
        "earningspersharebasic": 2.109999999999999,
        "incomelossfromcontinuingoperationsperdilutedshare": 2.0700000000000003,
        "incomelossfromdiscontinuedoperationsnetoftaxperdilutedshare": 0.020000000000000018,
        "earningspersharediluted": 2.09,
        "commonstockdividendspersharecashpaid": 0.4999999999999999,
        "weightedaveragenumberofsharesoutstandingbasic": -5184000,
        "weightedaveragenumberofdilutedsharesoutstanding": -5206000,
        "exciseandsalestaxes": 3781000000
    },
    {
        "date": "2014-06-29",
        "symbol": "PSX",
        "period": "Q2",
        "profitloss": -2968000000,
        "amortizationtonetincomeofnetactuariallosses": -14000000,
        "othercomprehensiveincomelosspensionandotherpostretirementbenefitplanstax": -6000000,
        "othercomprehensiveincomelosspensionandotherpostretirementbenefitplansadjustmentnetoftax": -11000000,
        "othercomprehensiveincomeforeigncurrencytransactionandtranslationgainlossbeforereclassificationandtax": 96000000,
        "othercomprehensiveincomeforeigncurrencytranslationgainlossarisingduringperiodtax": -2000000,
        "othercomprehensiveincomelossforeigncurrencytransactionandtranslationadjustmentnetoftax": 98000000,
        "othercomprehensiveincomelossnetoftax": 11000000,
        "comprehensiveincomenetoftaxincludingportionattributabletononcontrollinginterest": 3824000000,
        "comprehensiveincomenetoftaxattributabletononcontrollinginterest": 9000000,
        "comprehensiveincomenetoftax": 972000000,
        "salesrevenuenet": 62363000000,
        "incomelossfromequitymethodinvestments": -2892000000,
        "gainlossondisposition": 9000000,
        "othernonoperatingincome": 17000000,
        "revenuesandotherincome": -31721000000,
        "costofpurchasedoilandgas": 38237000000,
        "othercostandexpenseoperating": -901000000,
        "sellinggeneralandadministrativeexpense": 2000000,
        "depreciationandamortization": 183000000,
        "assetimpairmentcharges": 1000000,
        "taxesotherthanincometaxes": 1416000000,
        "accretionexpenseincludingassetretirementobligations": 8000000,
        "interestanddebtexpense": 2000000,
        "foreigncurrencytransactiongainlossbeforetax": 9000000,
        "costandexpenses": 57447000000,
        "incomelossfromcontinuingoperationsbeforeincometaxesextraordinaryitemsnoncontrollinginterest": 2858000000,
        "incometaxexpensebenefit": -24000000,
        "incomelossfromcontinuingoperationsincludingportionattributabletononcontrollinginterest": -878000000,
        "incomelossfromdiscontinuedoperationsnetoftax": 0,
        "netincomelossattributabletononcontrollinginterest": 9000000,
        "netincomeloss": 2189000000,
        "incomelossfromcontinuingoperations": 863000000,
        "incomelossfromdiscontinuedoperationsnetoftaxattributabletoreportingentity": 0,
        "incomelossfromcontinuingoperationsperbasicshare": 1.52,
        "incomelossfromdiscontinuedoperationsnetoftaxperbasicshare": 0.020000000000000018,
        "earningspersharebasic": 1.5400000000000005,
        "incomelossfromcontinuingoperationsperdilutedshare": 1.51,
        "incomelossfromdiscontinuedoperationsnetoftaxperdilutedshare": 0.010000000000000009,
        "earningspersharediluted": 1.5200000000000005,
        "commonstockdividendspersharecashpaid": 0.5,
        "weightedaveragenumberofsharesoutstandingbasic": -9177000,
        "weightedaveragenumberofdilutedsharesoutstanding": -8780000,
        "exciseandsalestaxes": 3743000000,
        "discontinuedoperationtaxeffectofdiscontinuedoperation": 0
    },
    {
        "date": "2014-03-30",
        "symbol": "PSX",
        "period": "Q1",
        "profitloss": 922000000,
        "amortizationtonetincomeofnetactuariallosses": -12000000,
        "definedbenefitpensionplansotherplansbeforetax": -3000000,
        "othercomprehensiveincomelosspensionandotherpostretirementbenefitplanstax": -5000000,
        "othercomprehensiveincomelosspensionandotherpostretirementbenefitplansadjustmentnetoftax": -10000000,
        "othercomprehensiveincomeforeigncurrencytransactionandtranslationgainlossbeforereclassificationandtax": 31000000,
        "othercomprehensiveincomeforeigncurrencytranslationgainlossarisingduringperiodtax": 1000000,
        "othercomprehensiveincomelossforeigncurrencytransactionandtranslationadjustmentnetoftax": 30000000,
        "othercomprehensiveincomelossnetoftax": 10000000,
        "comprehensiveincomenetoftaxincludingportionattributabletononcontrollinginterest": -1240000000,
        "comprehensiveincomenetoftaxattributabletononcontrollinginterest": 6000000,
        "comprehensiveincomenetoftax": 1612000000,
        "salesrevenuenet": -4979000000,
        "incomelossfromequitymethodinvestments": 846000000,
        "gainlossondisposition": 7000000,
        "othernonoperatingincome": 31000000,
        "revenuesandotherincome": 17939000000,
        "costofpurchasedoilandgas": -4941000000,
        "othercostandexpenseoperating": 903000000,
        "sellinggeneralandadministrativeexpense": 3000000,
        "depreciationandamortization": 180000000,
        "assetimpairmentcharges": 1000000,
        "taxesotherthanincometaxes": 1301000000,
        "accretionexpenseincludingassetretirementobligations": 1000000,
        "interestanddebtexpense": 4000000,
        "foreigncurrencytransactiongainlossbeforetax": -19000000,
        "costandexpenses": 71000000,
        "incomelossfromcontinuingoperationsbeforeincometaxesextraordinaryitemsnoncontrollinginterest": -1168000000,
        "incometaxexpensebenefit": -25000000,
        "incomelossfromcontinuingoperationsincludingportionattributabletononcontrollinginterest": -1168000000,
        "incomelossfromdiscontinuedoperationsnetoftax": 10000000,
        "netincomelossattributabletononcontrollinginterest": 6000000,
        "netincomeloss": 246000000,
        "incomelossfromcontinuingoperations": 866000000,
        "incomelossfromdiscontinuedoperationsnetoftaxattributabletoreportingentity": 706000000,
        "incomelossfromcontinuingoperationsperbasicshare": 1.48,
        "incomelossfromdiscontinuedoperationsnetoftaxperbasicshare": 1.21,
        "earningspersharebasic": 2.69,
        "incomelossfromcontinuingoperationsperdilutedshare": 1.47,
        "incomelossfromdiscontinuedoperationsnetoftaxperdilutedshare": 1.2,
        "earningspersharediluted": 2.67,
        "commonstockdividendspersharecashpaid": 0.39,
        "weightedaveragenumberofsharesoutstandingbasic": 584053000,
        "weightedaveragenumberofdilutedsharesoutstanding": 589575000,
        "exciseandsalestaxes": 3522000000,
        "discontinuedoperationtaxeffectofdiscontinuedoperation": 5000000
    },
    {
        "date": "2013-09-29",
        "symbol": "PSX",
        "period": "Q3",
        "profitloss": 5883000000,
        "amortizationtonetincomeofnetactuariallosses": -22000000,
        "definedbenefitpensionplansotherplansbeforetax": -6000000,
        "othercomprehensiveincomelosspensionandotherpostretirementbenefitplanstax": -11000000,
        "othercomprehensiveincomelosspensionandotherpostretirementbenefitplansadjustmentnetoftax": -17000000,
        "othercomprehensiveincomeforeigncurrencytransactionandtranslationgainlossbeforereclassificationandtax": 186000000,
        "othercomprehensiveincomeforeigncurrencytranslationgainlossarisingduringperiodtax": 4000000,
        "othercomprehensiveincomelossforeigncurrencytransactionandtranslationadjustmentnetoftax": 182000000,
        "othercomprehensiveincomelossnetoftax": -165000000,
        "comprehensiveincomenetoftaxincludingportionattributabletononcontrollinginterest": 495000000,
        "comprehensiveincomenetoftaxattributabletononcontrollinginterest": 5000000,
        "comprehensiveincomenetoftax": 734000000,
        "salesrevenuenet": 29196000000,
        "incomelossfromequitymethodinvestments": 572000000,
        "gainlossondisposition": -1000000,
        "othernonoperatingincome": -7000000,
        "revenuesandotherincome": 51484000000,
        "costofpurchasedoilandgas": 68148000000,
        "othercostandexpenseoperating": 1402000000,
        "sellinggeneralandadministrativeexpense": -396000000,
        "depreciationandamortization": 182000000,
        "assetimpairmentcharges": 0,
        "taxesotherthanincometaxes": 1324000000,
        "accretionexpenseincludingassetretirementobligations": -2000000,
        "interestanddebtexpense": 83000000,
        "foreigncurrencytransactiongainlossbeforetax": -18000000,
        "costandexpenses": 85440000000,
        "incomelossfromcontinuingoperationsbeforeincometaxesextraordinaryitemsnoncontrollinginterest": 4006000000,
        "incometaxexpensebenefit": -161000000,
        "netincomelossattributabletononcontrollinginterest": 5000000,
        "netincomeloss": 1520000000,
        "earningspersharebasic": 0.8900000000000006,
        "earningspersharediluted": 0.8900000000000001,
        "commonstockdividendspersharecashpaid": 0.3125,
        "weightedaveragenumberofsharesoutstandingbasic": -626519000,
        "weightedaveragenumberofdilutedsharesoutstanding": -632349000,
        "exciseandsalestaxes": 3568000000
    },
    {
        "date": "2013-06-29",
        "symbol": "PSX",
        "period": "Q2",
        "profitloss": -1291000000,
        "amortizationtonetincomeofnetactuariallosses": -24000000,
        "definedbenefitpensionplansotherplansbeforetax": -5000000,
        "othercomprehensiveincomelosspensionandotherpostretirementbenefitplanstax": -11000000,
        "othercomprehensiveincomelosspensionandotherpostretirementbenefitplansadjustmentnetoftax": -18000000,
        "othercomprehensiveincomeforeigncurrencytransactionandtranslationgainlossbeforereclassificationandtax": 38000000,
        "othercomprehensiveincomeforeigncurrencytranslationgainlossarisingduringperiodtax": 1000000,
        "othercomprehensiveincomelossforeigncurrencytransactionandtranslationadjustmentnetoftax": 37000000,
        "othercomprehensiveincomelossderivativesqualifyingashedgesbeforetax": 1000000,
        "othercomprehensiveincomelossderivativesqualifyingashedgesnetoftax": 1000000,
        "othercomprehensiveincomelossnetoftax": 56000000,
        "comprehensiveincomenetoftaxincludingportionattributabletononcontrollinginterest": 331000000,
        "comprehensiveincomenetoftaxattributabletononcontrollinginterest": 2000000,
        "comprehensiveincomenetoftax": 1014000000,
        "salesrevenuenet": 29336000000,
        "incomelossfromequitymethodinvestments": -1291000000,
        "gainlossondisposition": 1000000,
        "othernonoperatingincome": 49000000,
        "revenuesandotherincome": 19784000000,
        "costofpurchasedoilandgas": -5910000000,
        "othercostandexpenseoperating": 834000000,
        "sellinggeneralandadministrativeexpense": 126000000,
        "depreciationandamortization": 177000000,
        "assetimpairmentcharges": 1000000,
        "taxesotherthanincometaxes": 1296000000,
        "accretionexpenseincludingassetretirementobligations": 1000000,
        "interestanddebtexpense": 84000000,
        "foreigncurrencytransactiongainlossbeforetax": 19000000,
        "costandexpenses": 69000000,
        "incomelossfromcontinuingoperationsbeforeincometaxesextraordinaryitemsnoncontrollinginterest": -1291000000,
        "incometaxexpensebenefit": 68000000,
        "netincomelossattributabletononcontrollinginterest": 2000000,
        "netincomeloss": 1004000000,
        "earningspersharebasic": 1.55,
        "earningspersharediluted": 1.53,
        "commonstockdividendspersharecashpaid": 0.3125,
        "weightedaveragenumberofsharesoutstandingbasic": 619143000,
        "weightedaveragenumberofdilutedsharesoutstanding": 624907000,
        "exciseandsalestaxes": 3428000000
    },
    {
        "date": "2013-03-30",
        "symbol": "PSX",
        "period": "Q1",
        "profitloss": -1692000000,
        "amortizationtonetincomeofnetactuariallosses": -26000000,
        "definedbenefitpensionplansotherplansbeforetax": 13000000,
        "othercomprehensiveincomelosspensionandotherpostretirementbenefitplanstax": -3000000,
        "othercomprehensiveincomelosspensionandotherpostretirementbenefitplansadjustmentnetoftax": -10000000,
        "othercomprehensiveincomeforeigncurrencytransactionandtranslationgainlossbeforereclassificationandtax": -322000000,
        "othercomprehensiveincomeforeigncurrencytranslationgainlossarisingduringperiodtax": -4000000,
        "othercomprehensiveincomelossforeigncurrencytransactionandtranslationadjustmentnetoftax": -318000000,
        "othercomprehensiveincomelossnetoftax": 10000000,
        "comprehensiveincomenetoftaxincludingportionattributabletononcontrollinginterest": -72000000,
        "comprehensiveincomenetoftaxattributabletononcontrollinginterest": 3000000,
        "comprehensiveincomenetoftax": 1099000000,
        "salesrevenuenet": 27637000000,
        "incomelossfromequitymethodinvestments": 1120000000,
        "gainlossondisposition": 1000000,
        "othernonoperatingincome": 23000000,
        "revenuesandotherincome": 18708000000,
        "costofpurchasedoilandgas": 15799000000,
        "othercostandexpenseoperating": 199000000,
        "sellinggeneralandadministrativeexpense": 200000000,
        "depreciationandamortization": 183000000,
        "assetimpairmentcharges": 27000000,
        "taxesotherthanincometaxes": 1208000000,
        "accretionexpenseincludingassetretirementobligations": 5000000,
        "interestanddebtexpense": 86000000,
        "foreigncurrencytransactiongainlossbeforetax": -2000000,
        "costandexpenses": 69000000,
        "incomelossfromcontinuingoperationsbeforeincometaxesextraordinaryitemsnoncontrollinginterest": -1692000000,
        "incometaxexpensebenefit": 20000000,
        "netincomelossattributabletononcontrollinginterest": 3000000,
        "netincomeloss": -1692000000,
        "earningspersharebasic": 2.25,
        "earningspersharediluted": 2.23,
        "commonstockdividendspersharecashpaid": 0.3125,
        "weightedaveragenumberofsharesoutstandingbasic": 625030000,
        "weightedaveragenumberofdilutedsharesoutstanding": 631288000,
        "exciseandsalestaxes": 3258000000
    },
    {
        "date": "2012-09-29",
        "symbol": "PSX",
        "period": "Q3",
        "salesrevenuenet": -92725000000,
        "incomelossfromequitymethodinvestments": -1203000000,
        "gainlossondisposition": -191000000,
        "othernonoperatingincome": 4000000,
        "revenuesandotherincome": -29006000000,
        "costofpurchasedoilandgas": -24185000000,
        "operatingexpense": -1521000000,
        "sellinggeneralandadministrativeexpense": -511000000,
        "depreciationandamortization": -261000000,
        "assetimpairmentcharges": -234000000,
        "taxesotherthanincometaxes": -511000000,
        "interestanddebtexpense": -94000000,
        "foreigncurrencytransactiongainlossbeforetax": 15000000,
        "costandexpenses": -26901000000,
        "incomelossbeforeincometaxes": -2105000000,
        "incometaxexpensebenefit": -914000000,
        "profitloss": -1813000000,
        "netincomelossattributabletononcontrollinginterest": 2000000,
        "netincomeloss": -546000000,
        "exciseandsalestaxes": 3312000000,
        "othercomprehensiveincomeforeigncurrencytransactionandtranslationgainlossbeforereclassificationandtax": 210000000,
        "othercomprehensiveincomeforeigncurrencytranslationgainlossarisingduringperiodtax": 0,
        "comprehensiveincomenetoftaxincludingportionattributabletononcontrollinginterest": -1264000000,
        "comprehensiveincomenetoftaxattributabletononcontrollinginterest": 2000000,
        "comprehensiveincomenetoftax": 1828000000
    },
    {
        "date": "2012-06-29",
        "symbol": "PSX",
        "period": "Q2",
        "salesrevenuenet": 46747000000,
        "incomelossfromequitymethodinvestments": 815000000,
        "gainlossondisposition": 188000000,
        "othernonoperatingincome": 77000000,
        "revenuesandotherincome": 47827000000,
        "costofpurchasedoilandgas": 40398000000,
        "operatingexpense": 984000000,
        "sellinggeneralandadministrativeexpense": 480000000,
        "depreciationandamortization": 224000000,
        "assetimpairmentcharges": 275000000,
        "taxesotherthanincometaxes": 3475000000,
        "accretionexpenseincludingassetretirementobligations": 6000000,
        "interestanddebtexpense": 83000000,
        "foreigncurrencytransactiongainlossbeforetax": -8000000,
        "costandexpenses": 45933000000,
        "incomelossbeforeincometaxes": 1894000000,
        "incometaxexpensebenefit": 712000000,
        "profitloss": 1182000000,
        "netincomelossattributabletononcontrollinginterest": 1000000,
        "netincomeloss": 60000000,
        "earningspersharebasic": 1.88,
        "earningspersharediluted": 1.86,
        "weightedaveragenumberofsharesoutstandingbasic": 628510000,
        "weightedaveragenumberofdilutedsharesoutstanding": 635157000,
        "exciseandsalestaxes": 3389000000,
        "othercomprehensiveincomelossamortizationpensionandotherpostretirementbenefitplansnetpriorservicecostrecognizedinnetperiodicbenefitcostbeforetax": -1000000,
        "amortizationtonetincomeofnetactuariallosses": -13000000,
        "othercomprehensiveincomereclassificationofdefinedbenefitplansnetgainlossrecognizedinnetperiodicbenefitcostbeforetax": 90000000,
        "definedbenefitpensionplansotherplansbeforetax": -5000000,
        "othercomprehensiveincomelosspensionandotherpostretirementbenefitplanstax": -40000000,
        "othercomprehensiveincomelosspensionandotherpostretirementbenefitplansadjustmentnetoftax": -69000000,
        "othercomprehensiveincomeforeigncurrencytransactionandtranslationgainlossbeforereclassificationandtax": -113000000,
        "othercomprehensiveincomeforeigncurrencytranslationgainlossarisingduringperiodtax": -68000000,
        "othercomprehensiveincomelossforeigncurrencytransactionandtranslationadjustmentnetoftax": -45000000,
        "othercomprehensiveincomelossderivativesqualifyingashedgesbeforetax": -1000000,
        "othercomprehensiveincomelossderivativesqualifyingashedgesnetoftax": -1000000,
        "othercomprehensiveincomelossnetoftax": 23000000,
        "comprehensiveincomenetoftaxincludingportionattributabletononcontrollinginterest": 1205000000,
        "comprehensiveincomenetoftaxattributabletononcontrollinginterest": 1000000,
        "comprehensiveincomenetoftax": 1204000000
    },
    {
        "date": "2012-03-30",
        "symbol": "PSX",
        "period": "Q1",
        "salesrevenuenet": 45783000000,
        "incomelossfromequitymethodinvestments": 734000000,
        "gainlossondisposition": 2000000,
        "othernonoperatingincome": 1000000,
        "revenuesandotherincome": 46520000000,
        "costofpurchasedoilandgas": 40328000000,
        "operatingexpense": 1092000000,
        "sellinggeneralandadministrativeexpense": 349000000,
        "depreciationandamortization": 216000000,
        "assetimpairmentcharges": 1000000,
        "taxesotherthanincometaxes": 3420000000,
        "accretionondiscountedliabilities": 5000000,
        "interestanddebtexpense": 13000000,
        "foreigncurrencytransactiongainlossbeforetax": 15000000,
        "costandexpenses": 45451000000,
        "incomelossbeforeincometaxes": 1069000000,
        "incometaxexpensebenefit": 431000000,
        "profitloss": 636000000,
        "netincomelossattributabletononcontrollinginterest": 2000000,
        "netincomeloss": 407000000,
        "exciseandsalestaxes": 3321000000,
        "othercomprehensiveincomeamortizationofactuariallossrecognizedinnetperiodicbenefitcostbeforetax": 2000000,
        "othercomprehensiveincomedefinedbenefitplannetactuarialgainlossbeforetax": 2000000,
        "definedbenefitpensionplansotherplansbeforetax": -3000000,
        "othercomprehensiveincomedefinedbenefitplanstax": -2000000,
        "othercomprehensiveincomedefinedbenefitplansadjustmentnetoftaxperiodincreasedecrease": 3000000,
        "othercomprehensiveincomeforeigncurrencytransactionandtranslationgainlossbeforereclassificationandtax": 54000000,
        "othercomprehensiveincomeforeigncurrencytranslationgainlossarisingduringperiodtax": 20000000,
        "othercomprehensiveincomeforeigncurrencytransactionandtranslationadjustmentnetoftaxperiodincreasedecrease": 34000000,
        "othercomprehensiveincomederivativesqualifyingashedgesbeforetaxperiodincreasedecrease": 1000000,
        "othercomprehensiveincomederivativesqualifyingashedgesnetoftaxperiodincreasedecrease": 1000000,
        "othercomprehensiveincomelossnetoftaxperiodincreasedecrease": 38000000,
        "comprehensiveincomenetoftaxincludingportionattributabletononcontrollinginterest": 676000000,
        "comprehensiveincomenetoftaxattributabletononcontrollinginterest": 2000000,
        "comprehensiveincomenetoftax": 674000000
    }
]