[
    {
        "date": "2024-09-29",
        "symbol": "MAR",
        "period": "Q3",
        "revenuesgrossofcapitalizedcontractcostamortization": 1044000000,
        "capitalizedcontractcostamortization": 24000000,
        "revenues": 6255000000,
        "costofrevenue": 4681000000,
        "depreciationamortizationandotherexcludingcapitalizedcontractcostamortization": 45000000,
        "generalandadministrativeexpense": 276000000,
        "restructuringandmergerrelatedcharges": 9000000,
        "costsandexpenses": 5311000000,
        "operatingincomeloss": 73000000,
        "othernonoperatingincomeexpense": 7000000,
        "interestexpensenonoperating": 179000000,
        "investmentincomelossinterest": 11000000,
        "incomelossfromequitymethodinvestments": 3000000,
        "incomelossfromcontinuingoperationsbeforeincometaxesextraordinaryitemsnoncontrollinginterest": 786000000,
        "incometaxexpensebenefit": 202000000,
        "netincomeloss": 584000000,
        "earningspersharebasic": 2.08,
        "earningspersharediluted": 2.07,
        "othercomprehensiveincomeforeigncurrencytransactionandtranslationgainlossarisingduringperiodnetoftax": 209000000,
        "othercomprehensiveincomelossotheradjustmentsafterreclassificationandtaxparent": -18000000,
        "othercomprehensiveincomelossnetoftaxportionattributabletoparent": 191000000,
        "comprehensiveincomenetoftax": 775000000
    },
    {
        "date": "2024-06-29",
        "symbol": "MAR",
        "period": "Q2",
        "revenuesgrossofcapitalizedcontractcostamortization": 330000000,
        "capitalizedcontractcostamortization": 27000000,
        "revenues": 1316000000,
        "costofrevenue": 296000000,
        "depreciationamortizationandotherexcludingcapitalizedcontractcostamortization": 47000000,
        "generalandadministrativeexpense": 248000000,
        "businesscombinationacquisitionandintegrationrelatedcostsandother": 8000000,
        "costsandexpenses": 5244000000,
        "operatingincomeloss": 1195000000,
        "othernonoperatingincomeexpense": 4000000,
        "interestexpensenonoperating": 173000000,
        "investmentincomelossinterest": 9000000,
        "incomelossfromequitymethodinvestments": 5000000,
        "incomelossfromcontinuingoperationsbeforeincometaxesextraordinaryitemsnoncontrollinginterest": 1040000000,
        "incometaxexpensebenefit": 268000000,
        "netincomeloss": 772000000,
        "earningspersharebasic": 2.7,
        "earningspersharediluted": 2.69,
        "othercomprehensiveincomeforeigncurrencytransactionandtranslationgainlossarisingduringperiodnetoftax": -114000000,
        "othercomprehensiveincomelossotheradjustmentsafterreclassificationandtaxparent": 3000000,
        "othercomprehensiveincomelossnetoftaxportionattributabletoparent": -111000000,
        "comprehensiveincomenetoftax": 661000000
    },
    {
        "date": "2024-03-30",
        "symbol": "MAR",
        "period": "Q1",
        "revenuesgrossofcapitalizedcontractcostamortization": 313000000,
        "capitalizedcontractcostamortization": 23000000,
        "revenues": 1187000000,
        "costofrevenue": 286000000,
        "depreciationamortizationandotherexcludingcapitalizedcontractcostamortization": 45000000,
        "generalandadministrativeexpense": 261000000,
        "businesscombinationacquisitionandintegrationrelatedcostsandother": 8000000,
        "costsandexpenses": 5101000000,
        "operatingincomeloss": 876000000,
        "othernonoperatingincomeexpense": 4000000,
        "interestexpense": 163000000,
        "investmentincomeinterest": 10000000,
        "incomelossfromcontinuingoperationsbeforeincometaxesextraordinaryitemsnoncontrollinginterest": 727000000,
        "incometaxexpensebenefit": 163000000,
        "netincomeloss": 564000000,
        "earningspersharebasic": 1.94,
        "earningspersharediluted": 1.93,
        "othercomprehensiveincomeforeigncurrencytransactionandtranslationgainlossarisingduringperiodnetoftax": -157000000,
        "othercomprehensiveincomelossotheradjustmentsafterreclassificationandtaxparent": 10000000,
        "othercomprehensiveincomelossnetoftaxportionattributabletoparent": -147000000,
        "comprehensiveincomenetoftax": 417000000
    },
    {
        "date": "2023-12-30",
        "symbol": "MAR",
        "period": "Q4",
        "revenuesgrossofcapitalizedcontractcostamortization": -1096000000,
        "capitalizedcontractcostamortization": 22000000,
        "revenues": 2784000000,
        "costofrevenue": -7630000000,
        "depreciationamortizationandotherexcludingcapitalizedcontractcostamortization": 51000000,
        "generalandadministrativeexpense": 330000000,
        "businesscombinationacquisitionandintegrationrelatedcostsandother": 8000000,
        "costsandexpenses": 5377000000,
        "operatingincomeloss": 2665000000,
        "othernonoperatingincomeexpense": 7000000,
        "interestexpense": 153000000,
        "incomelossfromequitymethodinvestments": 0,
        "incomelossfromcontinuingoperationsbeforeincometaxesextraordinaryitemsnoncontrollinginterest": 581000000,
        "incometaxexpensebenefit": -267000000,
        "netincomeloss": 848000000,
        "earningspersharebasic": 2.8800000000000003,
        "earningspersharediluted": 2.86,
        "othercomprehensiveincomeforeigncurrencytransactionandtranslationgainlossarisingduringperiodnetoftax": 218000000,
        "othercomprehensiveincomelossotheradjustmentsafterreclassificationandtaxparent": -16000000,
        "othercomprehensiveincomelossnetoftaxportionattributabletoparent": 202000000,
        "comprehensiveincomenetoftax": 1050000000
    },
    {
        "date": "2023-09-29",
        "symbol": "MAR",
        "period": "Q3",
        "revenuesgrossofcapitalizedcontractcostamortization": 306000000,
        "capitalizedcontractcostamortization": 23000000,
        "revenues": 1174000000,
        "costofrevenue": 293000000,
        "depreciationamortizationandotherexcludingcapitalizedcontractcostamortization": 46000000,
        "generalandadministrativeexpense": 239000000,
        "businesscombinationacquisitionandintegrationrelatedcostsandother": 13000000,
        "costsandexpenses": 4829000000,
        "operatingincomeloss": 1099000000,
        "othernonoperatingincomeexpense": 28000000,
        "interestexpense": 146000000,
        "investmentincomelossinterest": 7000000,
        "incomelossfromequitymethodinvestments": 1000000,
        "incomelossfromcontinuingoperationsbeforeincometaxesextraordinaryitemsnoncontrollinginterest": 989000000,
        "incometaxexpensebenefit": 237000000,
        "netincomeloss": 752000000,
        "earningspersharebasic": 2.52,
        "earningspersharediluted": 2.51,
        "othercomprehensiveincomeforeigncurrencytransactionandtranslationgainlossarisingduringperiodnetoftax": -139000000,
        "othercomprehensiveincomelossotheradjustmentsafterreclassificationandtaxparent": 6000000,
        "othercomprehensiveincomelossnetoftaxportionattributabletoparent": -133000000,
        "comprehensiveincomenetoftax": 619000000
    },
    {
        "date": "2023-06-29",
        "symbol": "MAR",
        "period": "Q2",
        "revenuesgrossofcapitalizedcontractcostamortization": 1065000000,
        "capitalizedcontractcostamortization": 22000000,
        "revenues": 449000000,
        "costofrevenue": 4366000000,
        "depreciationamortizationandotherexcludingcapitalizedcontractcostamortization": 48000000,
        "generalandadministrativeexpense": 240000000,
        "businesscombinationacquisitionandintegrationrelatedcostsandother": 38000000,
        "costsandexpenses": 4979000000,
        "operatingincomeloss": 54000000,
        "othernonoperatingincomeexpense": 2000000,
        "interestexpense": 140000000,
        "investmentincomelossinterest": -1000000,
        "incomelossfromequitymethodinvestments": 7000000,
        "incomelossfromcontinuingoperationsbeforeincometaxesextraordinaryitemsnoncontrollinginterest": 964000000,
        "incometaxexpensebenefit": 238000000,
        "netincomeloss": 726000000,
        "earningspersharebasic": 2.39,
        "earningspersharediluted": 2.38,
        "othercomprehensiveincomeforeigncurrencytransactionandtranslationgainlossarisingduringperiodnetoftax": -77000000,
        "othercomprehensiveincomelossotheradjustmentsafterreclassificationandtaxparent": 8000000,
        "othercomprehensiveincomelossnetoftaxportionattributabletoparent": -69000000,
        "comprehensiveincomenetoftax": 657000000
    },
    {
        "date": "2023-03-30",
        "symbol": "MAR",
        "period": "Q1",
        "revenuesgrossofcapitalizedcontractcostamortization": 963000000,
        "capitalizedcontractcostamortization": 21000000,
        "revenues": 329000000,
        "costofrevenue": 4136000000,
        "depreciationamortizationandotherexcludingcapitalizedcontractcostamortization": 44000000,
        "generalandadministrativeexpense": 202000000,
        "businesscombinationacquisitionandintegrationrelatedcostsandother": 1000000,
        "costsandexpenses": 4664000000,
        "operatingincomeloss": 46000000,
        "othernonoperatingincomeexpense": 3000000,
        "interestexpense": 126000000,
        "investmentincomeinterest": 15000000,
        "incomelossfromequitymethodinvestments": 1000000,
        "incomelossfromcontinuingoperationsbeforeincometaxesextraordinaryitemsnoncontrollinginterest": 844000000,
        "incometaxexpensebenefit": 87000000,
        "netincomeloss": 757000000,
        "earningspersharebasic": 2.44,
        "earningspersharediluted": 2.43,
        "othercomprehensiveincomeforeigncurrencytransactionandtranslationgainlossarisingduringperiodnetoftax": 84000000,
        "othercomprehensiveincomelossotheradjustmentsafterreclassificationandtaxparent": -2000000,
        "othercomprehensiveincomelossnetoftaxportionattributabletoparent": 82000000,
        "comprehensiveincomenetoftax": 839000000
    },
    {
        "date": "2022-12-30",
        "symbol": "MAR",
        "period": "Q4",
        "revenuesgrossofcapitalizedcontractcostamortization": 952000000,
        "capitalizedcontractcostamortization": 24000000,
        "revenues": -900000000,
        "costofrevenue": -10688000000,
        "depreciationamortizationandotherexcludingcapitalizedcontractcostamortization": -120000000,
        "generalandadministrativeexpense": 236000000,
        "costsandexpenses": 4927000000,
        "operatingincomeloss": -25000000,
        "othernonoperatingincomeexpense": 2000000,
        "interestexpense": 115000000,
        "investmentincomeinterest": 8000000,
        "incomelossfromequitymethodinvestments": 0,
        "incomelossfromcontinuingoperationsbeforeincometaxesextraordinaryitemsnoncontrollinginterest": 891000000,
        "incometaxexpensebenefit": 218000000,
        "netincomeloss": 673000000,
        "earningspersharebasic": 2.12,
        "earningspersharediluted": 2.1000000000000005,
        "othercomprehensiveincomelossnetoftaxportionattributabletoparent": 337000000,
        "comprehensiveincomenetoftax": 934000000
    },
    {
        "date": "2022-09-29",
        "symbol": "MAR",
        "period": "Q3",
        "revenuesgrossofcapitalizedcontractcostamortization": 890000000,
        "capitalizedcontractcostamortization": 22000000,
        "revenues": 405000000,
        "costofrevenue": 3786000000,
        "depreciationamortizationandotherexcludingcapitalizedcontractcostamortization": 50000000,
        "generalandadministrativeexpense": 216000000,
        "restructuringchargesandbusinesscombinationacquisitionandintegrationrelatedcostsandother": 2000000,
        "costsandexpenses": 4355000000,
        "operatingincomeloss": 83000000,
        "othernonoperatingincomeexpense": 3000000,
        "interestexpense": 100000000,
        "investmentincomeinterest": 7000000,
        "incomelossfromequitymethodinvestments": 1000000,
        "incomelossfromcontinuingoperationsbeforeincometaxesextraordinaryitemsnoncontrollinginterest": 869000000,
        "incometaxexpensebenefit": 239000000,
        "netincomeloss": 630000000,
        "earningspersharebasic": 1.94,
        "earningspersharediluted": 1.94,
        "othercomprehensiveincomeforeigncurrencytransactionandtranslationadjustmentbeforetaxportionattributabletoparent": -340000000,
        "othercomprehensiveincomelossotheradjustmentsafterreclassificationandtaxparent": 1000000,
        "othercomprehensiveincomelossnetoftaxportionattributabletoparent": -339000000,
        "comprehensiveincomenetoftax": 291000000
    },
    {
        "date": "2022-06-29",
        "symbol": "MAR",
        "period": "Q2",
        "revenuesgrossofcapitalizedcontractcostamortization": 895000000,
        "capitalizedcontractcostamortization": 19000000,
        "revenues": 346000000,
        "costofrevenue": 3827000000,
        "depreciationamortizationandotherexcludingcapitalizedcontractcostamortization": 49000000,
        "generalandadministrativeexpense": 231000000,
        "restructuringchargesandbusinesscombinationacquisitionandintegrationrelatedcostsandother": 0,
        "costsandexpenses": 4388000000,
        "operatingincomeloss": 30000000,
        "othernonoperatingincomeexpense": 2000000,
        "interestexpense": 95000000,
        "investmentincomeinterest": 6000000,
        "incomelossfromequitymethodinvestments": 15000000,
        "incomelossfromcontinuingoperationsbeforeincometaxesextraordinaryitemsnoncontrollinginterest": 878000000,
        "incometaxexpensebenefit": 200000000,
        "netincomeloss": 678000000,
        "earningspersharebasic": 2.06,
        "earningspersharediluted": 2.0600000000000005,
        "othercomprehensiveincomeforeigncurrencytransactionandtranslationadjustmentbeforetaxportionattributabletoparent": -327000000,
        "othercomprehensiveincomelossnetoftaxportionattributabletoparent": -10000000,
        "comprehensiveincomenetoftax": 355000000
    },
    {
        "date": "2022-03-30",
        "symbol": "MAR",
        "period": "Q1",
        "revenuesgrossofcapitalizedcontractcostamortization": 666000000,
        "capitalizedcontractcostamortization": 24000000,
        "revenues": 253000000,
        "costofrevenue": 3179000000,
        "depreciationamortizationandotherexcludingcapitalizedcontractcostamortization": 48000000,
        "generalandadministrativeexpense": 208000000,
        "restructuringchargesandbusinesscombinationacquisitionandintegrationrelatedcostsandother": 9000000,
        "costsandexpenses": 3641000000,
        "operatingincomeloss": -21000000,
        "othernonoperatingincomeexpense": 4000000,
        "interestexpense": 93000000,
        "investmentincomeinterest": 5000000,
        "incomelossfromequitymethodinvestments": 2000000,
        "incomelossfromcontinuingoperationsbeforeincometaxesextraordinaryitemsnoncontrollinginterest": 476000000,
        "incometaxexpensebenefit": 99000000,
        "netincomeloss": 377000000,
        "earningspersharebasic": 1.15,
        "earningspersharediluted": 1.14,
        "othercomprehensiveincomeforeigncurrencytransactionandtranslationadjustmentbeforetaxportionattributabletoparent": 14000000,
        "othercomprehensiveincomelossnetoftaxportionattributabletoparent": 14000000,
        "comprehensiveincomenetoftax": 391000000
    },
    {
        "date": "2021-12-30",
        "symbol": "MAR",
        "period": "Q4",
        "revenuesgrossofcapitalizedcontractcostamortization": 672000000,
        "capitalizedcontractcostamortization": 19000000,
        "revenues": 370000000,
        "costofrevenue": -6900000000,
        "depreciationamortizationandotherexcludingcapitalizedcontractcostamortization": -144000000,
        "generalandadministrativeexpense": 213000000,
        "restructuringchargesandbusinesscombinationacquisitionandintegrationrelatedcosts": 0,
        "costsandexpenses": 3811000000,
        "operatingincomeloss": 195000000,
        "interestexpense": 97000000,
        "investmentincomeinterest": 6000000,
        "incomelossfromequitymethodinvestments": 0,
        "incomelossfromcontinuingoperationsbeforeincometaxesextraordinaryitemsnoncontrollinginterest": 548000000,
        "incometaxexpensebenefit": 80000000,
        "netincomeloss": -668000000,
        "earningspersharebasic": 1.43,
        "earningspersharediluted": 1.42,
        "othercomprehensiveincomelossnetoftaxportionattributabletoparent": 202000000,
        "comprehensiveincomenetoftax": 458000000
    },
    {
        "date": "2021-09-29",
        "symbol": "MAR",
        "period": "Q3",
        "revenuesgrossofcapitalizedcontractcostamortization": 634000000,
        "capitalizedcontractcostamortization": 21000000,
        "revenues": 319000000,
        "costofrevenue": 2917000000,
        "depreciationamortizationandotherexcludingcapitalizedcontractcostamortization": 64000000,
        "generalandadministrativeexpense": 212000000,
        "restructuringchargesandbusinesscombinationacquisitionandintegrationrelatedcosts": 4000000,
        "costsandexpenses": 3401000000,
        "operatingincomeloss": -194000000,
        "othernonoperatingincomeexpense": 0,
        "interestexpense": 107000000,
        "investmentincomeinterest": 8000000,
        "incomelossfromequitymethodinvestments": -4000000,
        "incomelossfromcontinuingoperationsbeforeincometaxesextraordinaryitemsnoncontrollinginterest": 278000000,
        "incometaxexpensebenefit": 58000000,
        "netincomeloss": 220000000,
        "earningspersharebasic": 0.6699999999999999,
        "earningspersharediluted": 0.6699999999999999,
        "othercomprehensiveincomeforeigncurrencytransactionandtranslationadjustmentbeforetaxportionattributabletoparent": -138000000,
        "othercomprehensiveincomelossnetoftaxportionattributabletoparent": -138000000,
        "comprehensiveincomenetoftax": 82000000
    },
    {
        "date": "2021-06-29",
        "symbol": "MAR",
        "period": "Q2",
        "revenuesgrossofcapitalizedcontractcostamortization": 505000000,
        "capitalizedcontractcostamortization": 18000000,
        "revenues": 299000000,
        "costofrevenue": 2255000000,
        "depreciationamortizationandotherexcludingcapitalizedcontractcostamortization": 50000000,
        "generalandadministrativeexpense": 187000000,
        "restructuringchargesandbusinesscombinationacquisitionandintegrationrelatedcosts": 3000000,
        "costsandexpenses": 2663000000,
        "operatingincomeloss": 60000000,
        "othernonoperatingincomeexpense": 5000000,
        "interestexpense": 109000000,
        "investmentincomeinterest": 7000000,
        "incomelossfromequitymethodinvestments": -8000000,
        "incomelossfromcontinuingoperationsbeforeincometaxesextraordinaryitemsnoncontrollinginterest": 381000000,
        "incometaxexpensebenefit": -41000000,
        "netincomeloss": 422000000,
        "earningspersharebasic": 1.29,
        "earningspersharediluted": 1.28,
        "othercomprehensiveincomeforeigncurrencytransactionandtranslationadjustmentbeforetaxportionattributabletoparent": 96000000,
        "othercomprehensiveincomelossnetoftaxportionattributabletoparent": 96000000,
        "comprehensiveincomenetoftax": 518000000
    },
    {
        "date": "2021-03-30",
        "symbol": "MAR",
        "period": "Q1",
        "revenuesgrossofcapitalizedcontractcostamortization": 337000000,
        "capitalizedcontractcostamortization": 17000000,
        "revenues": 204000000,
        "costofrevenue": 1833000000,
        "depreciationamortizationandotherexcludingcapitalizedcontractcostamortization": 52000000,
        "generalandadministrativeexpense": 211000000,
        "restructuringchargesandbusinesscombinationacquisitionandintegrationrelatedcosts": 1000000,
        "costsandexpenses": 2232000000,
        "operatingincomeloss": -47000000,
        "othernonoperatingincomeexpense": 1000000,
        "interestexpense": 107000000,
        "investmentincomeinterest": 7000000,
        "incomelossfromequitymethodinvestments": -12000000,
        "incomelossfromcontinuingoperationsbeforeincometaxesextraordinaryitemsnoncontrollinginterest": -27000000,
        "incometaxexpensebenefit": -16000000,
        "netincomeloss": -11000000,
        "earningspersharebasic": -0.03,
        "earningspersharediluted": -0.03,
        "othercomprehensiveincomeforeigncurrencytransactionandtranslationadjustmentbeforetaxportionattributabletoparent": -155000000,
        "othercomprehensiveincomelossnetoftaxportionattributabletoparent": -155000000,
        "comprehensiveincomenetoftax": -166000000
    },
    {
        "date": "2020-12-30",
        "symbol": "MAR",
        "period": "Q4",
        "revenuesgrossofcapitalizedcontractcostamortization": 294000000,
        "capitalizedcontractcostamortization": 36000000,
        "revenues": 128000000,
        "costofrevenue": -6691000000,
        "depreciationamortizationandotherexcludingcapitalizedcontractcostamortization": -226000000,
        "generalandadministrativeexpense": 183000000,
        "costsandexpenses": 2300000000,
        "operatingincomeloss": -208000000,
        "othernonoperatingincomeexpense": 6000000,
        "interestexpense": 112000000,
        "investmentincomeinterest": 7000000,
        "incomelossfromequitymethodinvestments": -87000000,
        "incomelossfromcontinuingoperationsbeforeincometaxesextraordinaryitemsnoncontrollinginterest": -314000000,
        "incometaxexpensebenefit": -150000000,
        "netincomeloss": -109000000,
        "earningspersharebasic": -0.5099999999999999,
        "earningspersharediluted": -0.4999999999999999,
        "othercomprehensiveincomelossnetoftaxportionattributabletoparent": 82000000,
        "comprehensiveincomenetoftax": 147000000
    },
    {
        "date": "2020-09-29",
        "symbol": "MAR",
        "period": "Q3",
        "revenuesgrossofcapitalizedcontractcostamortization": 283000000,
        "capitalizedcontractcostamortization": 47000000,
        "revenues": 349000000,
        "costofrevenue": 1683000000,
        "depreciationamortizationandotherexcludingcapitalizedcontractcostamortization": 53000000,
        "generalandadministrativeexpense": 131000000,
        "restructuringchargesandbusinesscombinationacquisitionandintegrationrelatedcosts": 1000000,
        "costsandexpenses": 2002000000,
        "operatingincomeloss": 157000000,
        "othernonoperatingincomeexpense": 2000000,
        "interestexpense": 113000000,
        "investmentincomeinterest": 6000000,
        "incomelossfromequitymethodinvestments": -20000000,
        "incomelossfromcontinuingoperationsbeforeincometaxesextraordinaryitemsnoncontrollinginterest": 127000000,
        "incometaxexpensebenefit": 27000000,
        "netincomeloss": 100000000,
        "earningspersharebasic": 0.31,
        "earningspersharediluted": 0.31,
        "othercomprehensiveincomeforeigncurrencytransactionandtranslationadjustmentbeforetaxportionattributabletoparent": 163000000,
        "othercomprehensiveincomelosscashflowhedgegainlossafterreclassificationandtaxparent": -1000000,
        "othercomprehensiveincomelossnetoftaxportionattributabletoparent": 162000000,
        "comprehensiveincomenetoftax": 262000000
    },
    {
        "date": "2020-06-29",
        "symbol": "MAR",
        "period": "Q2",
        "revenuesgrossofcapitalizedcontractcostamortization": 146000000,
        "capitalizedcontractcostamortization": 20000000,
        "revenues": 212000000,
        "costofrevenue": 1241000000,
        "depreciationamortizationandotherexcludingcapitalizedcontractcostamortization": 72000000,
        "generalandadministrativeexpense": 178000000,
        "restructuringchargesandbusinesscombinationacquisitionandintegrationrelatedcosts": 6000000,
        "costsandexpenses": 1618000000,
        "operatingincomeloss": -6000000,
        "othernonoperatingincomeexpense": 5000000,
        "interestexpense": 127000000,
        "investmentincomeinterest": 8000000,
        "incomelossfromequitymethodinvestments": -30000000,
        "incomelossfromcontinuingoperationsbeforeincometaxesextraordinaryitemsnoncontrollinginterest": -298000000,
        "incometaxexpensebenefit": -64000000,
        "netincomeloss": -234000000,
        "earningspersharebasic": -0.72,
        "earningspersharediluted": -0.72,
        "othercomprehensiveincomeforeigncurrencytransactionandtranslationadjustmentbeforetaxportionattributabletoparent": 133000000,
        "othercomprehensiveincomelosscashflowhedgegainlossbeforereclassificationaftertax": -1000000,
        "reclassificationfromaccumulatedothercomprehensiveincomecurrentperiodnetoftax": 1000000,
        "othercomprehensiveincomelossnetoftaxportionattributabletoparent": 131000000,
        "comprehensiveincomenetoftax": -103000000
    },
    {
        "date": "2020-03-30",
        "symbol": "MAR",
        "period": "Q1",
        "netincomeloss": 31000000,
        "othercomprehensiveincomeforeigncurrencytransactionandtranslationadjustmentbeforetaxportionattributabletoparent": -383000000,
        "othercomprehensiveincomelosscashflowhedgegainlossbeforereclassificationaftertax": 13000000,
        "reclassificationfromaccumulatedothercomprehensiveincomecurrentperiodnetoftax": 8000000,
        "othercomprehensiveincomelossnetoftaxportionattributabletoparent": -378000000,
        "comprehensiveincomenetoftax": -347000000,
        "revenuesgrossofcapitalizedcontractcostamortization": 484000000,
        "capitalizedcontractcostamortization": 24000000,
        "revenues": 348000000,
        "costofrevenue": 3877000000,
        "depreciationamortizationandotherexcludingcapitalizedcontractcostamortization": 150000000,
        "generalandadministrativeexpense": 270000000,
        "businesscombinationacquisitionandintegrationrelatedcosts": -2000000,
        "costsandexpenses": 4567000000,
        "operatingincomeloss": -5000000,
        "othernonoperatingincomeexpense": -4000000,
        "interestexpense": 93000000,
        "investmentincomeinterest": 6000000,
        "incomelossfromequitymethodinvestments": -4000000,
        "incomelossfromcontinuingoperationsbeforeincometaxesextraordinaryitemsnoncontrollinginterest": 19000000,
        "incometaxexpensebenefit": -12000000,
        "earningspersharebasic": 0.1,
        "earningspersharediluted": 0.09
    },
    {
        "date": "2019-12-30",
        "symbol": "MAR",
        "period": "Q4",
        "netincomeloss": 279000000,
        "reclassificationfromaccumulatedothercomprehensiveincomecurrentperiodnetoftax": -1000000,
        "othercomprehensiveincomelossnetoftaxportionattributabletoparent": 179000000,
        "comprehensiveincomenetoftax": 422000000,
        "revenuesgrossofcapitalizedcontractcostamortization": -2457000000,
        "capitalizedcontractcostamortization": -43000000,
        "revenues": 1953000000,
        "costofrevenue": -11833000000,
        "depreciationamortizationandotherexcludingcapitalizedcontractcostamortization": -160000000,
        "generalandadministrativeexpense": -669000000,
        "businesscombinationacquisitionandintegrationrelatedcosts": -53000000,
        "costsandexpenses": 5097000000,
        "operatingincomeloss": 812000000,
        "othernonoperatingincomeexpense": -14000000,
        "interestexpense": -296000000,
        "investmentincomeinterest": 6000000,
        "incomelossfromcontinuingoperationsbeforeincometaxesextraordinaryitemsnoncontrollinginterest": 326000000,
        "incometaxexpensebenefit": 47000000,
        "earningspersharebasic": 0.8600000000000001,
        "earningspersharediluted": 0.8499999999999996
    },
    {
        "date": "2019-09-29",
        "symbol": "MAR",
        "period": "Q3",
        "netincomeloss": 387000000,
        "othercomprehensiveincomeforeigncurrencytransactionandtranslationadjustmentbeforetaxportionattributabletoparent": -182000000,
        "othercomprehensiveincomelosscashflowhedgegainlossbeforereclassificationaftertax": 8000000,
        "reclassificationfromaccumulatedothercomprehensiveincomecurrentperiodnetoftax": 4000000,
        "othercomprehensiveincomelossnetoftaxportionattributabletoparent": -178000000,
        "comprehensiveincomenetoftax": 209000000,
        "revenuesgrossofcapitalizedcontractcostamortization": 823000000,
        "capitalizedcontractcostamortization": 16000000,
        "revenues": 236000000,
        "costofrevenue": 4070000000,
        "depreciationamortizationandotherexcludingcapitalizedcontractcostamortization": 52000000,
        "generalandadministrativeexpense": 220000000,
        "businesscombinationacquisitionandintegrationrelatedcosts": 9000000,
        "costsandexpenses": 4677000000,
        "operatingincomeloss": -77000000,
        "othernonoperatingincomeexpense": 10000000,
        "interestexpense": 100000000,
        "investmentincomeinterest": 8000000,
        "incomelossfromequitymethodinvestments": 2000000,
        "incomelossfromcontinuingoperationsbeforeincometaxesextraordinaryitemsnoncontrollinginterest": 527000000,
        "incometaxexpensebenefit": 140000000,
        "earningspersharebasic": 1.17,
        "earningspersharediluted": 1.16
    },
    {
        "date": "2019-06-29",
        "symbol": "MAR",
        "period": "Q2",
        "netincomeloss": 232000000,
        "othercomprehensiveincomeforeigncurrencytransactionandtranslationadjustmentbeforetaxportionattributabletoparent": 38000000,
        "reclassificationfromaccumulatedothercomprehensiveincomecurrentperiodnetoftax": 3000000,
        "othercomprehensiveincomelossnetoftaxportionattributabletoparent": -39000000,
        "comprehensiveincomenetoftax": 266000000,
        "revenuesgrossofcapitalizedcontractcostamortization": 1479000000,
        "capitalizedcontractcostamortization": 15000000,
        "revenues": -3539000000,
        "costofrevenue": 4107000000,
        "depreciationamortizationandotherexcludingcapitalizedcontractcostamortization": 56000000,
        "generalandadministrativeexpense": 229000000,
        "businesscombinationacquisitionandintegrationrelatedcosts": 173000000,
        "costsandexpenses": 4896000000,
        "operatingincomeloss": -652000000,
        "othernonoperatingincomeexpense": 1000000,
        "interestexpense": 102000000,
        "investmentincomeinterest": 6000000,
        "incomelossfromequitymethodinvestments": 0,
        "incomelossfromcontinuingoperationsbeforeincometaxesextraordinaryitemsnoncontrollinginterest": 314000000,
        "incometaxexpensebenefit": 82000000,
        "earningspersharebasic": 0.7,
        "earningspersharediluted": 0.7
    },
    {
        "date": "2019-03-30",
        "symbol": "MAR",
        "period": "Q1",
        "netincomeloss": 375000000,
        "othercomprehensiveincomeforeigncurrencytransactionandtranslationadjustmentbeforetaxportionattributabletoparent": 33000000,
        "othercomprehensiveincomeunrealizedgainlossonderivativesarisingduringperiodnetoftax": -1000000,
        "reclassificationfromaccumulatedothercomprehensiveincomecurrentperiodnetoftax": 1000000,
        "othercomprehensiveincomelossnetoftaxportionattributabletoparent": 33000000,
        "comprehensiveincomenetoftax": 406000000,
        "revenuesgrossofcapitalizedcontractcostamortization": 163000000,
        "capitalizedcontractcostamortization": 14000000,
        "revenues": 3756000000,
        "costofrevenue": 3892000000,
        "depreciationamortizationandotherexcludingcapitalizedcontractcostamortization": 54000000,
        "generalandadministrativeexpense": 222000000,
        "businesscombinationacquisitionandintegrationrelatedcosts": 9000000,
        "costsandexpenses": 4502000000,
        "operatingincomeloss": 95000000,
        "othernonoperatingincomeexpense": 5000000,
        "interestexpense": 97000000,
        "investmentincomeinterest": 6000000,
        "incomelossfromequitymethodinvestments": 8000000,
        "incomelossfromcontinuingoperationsbeforeincometaxesextraordinaryitemsnoncontrollinginterest": 432000000,
        "incometaxexpensebenefit": 57000000,
        "earningspersharebasic": 1.1,
        "earningspersharediluted": 1.09
    },
    {
        "date": "2018-12-30",
        "symbol": "MAR",
        "period": "Q4",
        "netincomeloss": 416000000,
        "othercomprehensiveincomeforeigncurrencytransactionandtranslationadjustmentbeforetaxportionattributabletoparent": -78000000,
        "othercomprehensiveincomeunrealizedgainlossonderivativesarisingduringperiodnetoftax": 5000000,
        "reclassificationfromaccumulatedothercomprehensiveincomecurrentperiodnetoftax": 1000000,
        "othercomprehensiveincomelossnetoftaxportionattributabletoparent": -91000000,
        "comprehensiveincomenetoftax": 334000000,
        "capitalizedcontractcostamortization": -28000000,
        "revenues": -8122000000,
        "depreciationamortizationandotherexcludingcapitalizedcontractcostamortization": -162000000,
        "generalandadministrativeexpense": 242000000,
        "businesscombinationacquisitionandintegrationrelatedcosts": 91000000,
        "costsandexpenses": 4801000000,
        "operatingincomeloss": 75000000,
        "othernonoperatingincomeexpense": -140000000,
        "interestexpense": 94000000,
        "investmentincomeinterest": 6000000,
        "incomelossfromequitymethodinvestments": 8000000,
        "incomelossfromcontinuingoperationsbeforeincometaxesextraordinaryitemsnoncontrollinginterest": 479000000,
        "incometaxexpensebenefit": 63000000,
        "earningspersharebasic": 1.2200000000000004,
        "earningspersharediluted": 1.2
    },
    {
        "date": "2018-09-29",
        "symbol": "MAR",
        "period": "Q3",
        "netincomeloss": 483000000,
        "othercomprehensiveincomeforeigncurrencytransactionandtranslationadjustmentbeforetaxportionattributabletoparent": -66000000,
        "othercomprehensiveincomeunrealizedgainlossonderivativesarisingduringperiodnetoftax": -1000000,
        "reclassificationfromaccumulatedothercomprehensiveincomecurrentperiodnetoftax": -2000000,
        "othercomprehensiveincomelossnetoftaxportionattributabletoparent": -65000000,
        "comprehensiveincomenetoftax": 418000000,
        "revenuesgrossofcapitalizedcontractcostamortization": 151000000,
        "capitalizedcontractcostamortization": 13000000,
        "revenues": 3733000000,
        "costofrevenue": 3879000000,
        "depreciationamortizationandotherexcludingcapitalizedcontractcostamortization": 52000000,
        "generalandadministrativeexpense": 221000000,
        "businesscombinationacquisitionandintegrationrelatedcosts": 12000000,
        "costsandexpenses": 4479000000,
        "operatingincomeloss": 176000000,
        "othernonoperatingincomeexpense": 18000000,
        "interestexpense": 86000000,
        "investmentincomeinterest": 5000000,
        "incomelossfromequitymethodinvestments": 61000000,
        "incomelossfromcontinuingoperationsbeforeincometaxesextraordinaryitemsnoncontrollinginterest": 568000000,
        "incometaxexpensebenefit": 85000000,
        "earningspersharebasic": 1.39,
        "earningspersharediluted": 1.38,
        "commonstockdividendspersharedeclared": 0.41
    },
    {
        "date": "2018-06-29",
        "symbol": "MAR",
        "period": "Q2",
        "netincomeloss": 610000000,
        "othercomprehensiveincomeforeigncurrencytransactionandtranslationadjustmentbeforetaxportionattributabletoparent": -399000000,
        "othercomprehensiveincomeunrealizedgainlossonderivativesarisingduringperiodnetoftax": 11000000,
        "reclassificationfromaccumulatedothercomprehensiveincomecurrentperiodnetoftax": -3000000,
        "othercomprehensiveincomelossnetoftaxportionattributabletoparent": -385000000,
        "comprehensiveincomenetoftax": 225000000,
        "revenuesgrossofcapitalizedcontractcostamortization": 176000000,
        "capitalizedcontractcostamortization": 13000000,
        "revenues": 3985000000,
        "costofrevenue": 3979000000,
        "depreciationamortizationandotherexcludingcapitalizedcontractcostamortization": 58000000,
        "generalandadministrativeexpense": 217000000,
        "businesscombinationacquisitionandintegrationrelatedcosts": 18000000,
        "costsandexpenses": 4606000000,
        "operatingincomeloss": 160000000,
        "othernonoperatingincomeexpense": 114000000,
        "interestexpense": 85000000,
        "investmentincomeinterest": 6000000,
        "incomelossfromequitymethodinvestments": 21000000,
        "incomelossfromcontinuingoperationsbeforeincometaxesextraordinaryitemsnoncontrollinginterest": 796000000,
        "incometaxexpensebenefit": 186000000,
        "earningspersharebasic": 1.73,
        "earningspersharediluted": 1.71,
        "commonstockdividendspersharedeclared": 0.41
    },
    {
        "date": "2018-03-30",
        "symbol": "MAR",
        "period": "Q1",
        "netincomeloss": 398000000,
        "othercomprehensiveincomeforeigncurrencytransactionandtranslationadjustmentbeforetaxportionattributabletoparent": 152000000,
        "othercomprehensiveincomeunrealizedgainlossonderivativesarisingduringperiodnetoftax": -3000000,
        "reclassificationfromaccumulatedothercomprehensiveincomecurrentperiodnetoftax": -13000000,
        "othercomprehensiveincomelossnetoftaxportionattributabletoparent": 161000000,
        "comprehensiveincomenetoftax": 560000000,
        "managementfeesbaserevenue": 273000000,
        "franchiserevenue": 417000000,
        "managementfeesincentiverevenue": 155000000,
        "feerevenue": 122000000,
        "capitalizedcontractcostamortization": 4000000,
        "feerevenuesnetofcapitalizedcontractcostamortization": 118000000,
        "revenuefromleasedandownedhotelsincludingoperatingleaseincome": 158000000,
        "reimbursementrevenue": 251000000,
        "revenues": 527000000,
        "directcostsofhotels": 336000000,
        "depreciationamortizationandotherexcludingcapitalizedcontractcostamortization": 54000000,
        "generalandadministrativeexpense": 247000000,
        "businesscombinationacquisitionandintegrationrelatedcosts": 34000000,
        "costofreimbursableexpense": 3835000000,
        "costsandexpenses": 4506000000,
        "operatingincomeloss": 159000000,
        "othernonoperatingincomeexpense": 59000000,
        "interestexpense": 75000000,
        "investmentincomeinterest": 5000000,
        "incomelossfromequitymethodinvestments": 13000000,
        "incomelossfromcontinuingoperationsbeforeincometaxesextraordinaryitemsnoncontrollinginterest": 502000000,
        "incometaxexpensebenefit": 104000000,
        "earningspersharebasic": 1.11,
        "earningspersharediluted": 1.09,
        "commonstockdividendspersharedeclared": 0.33
    },
    {
        "date": "2017-12-30",
        "symbol": "MAR",
        "period": "Q4",
        "netincomeloss": 201000000,
        "othercomprehensiveincomeunrealizedgainlossonderivativesarisingduringperiodnetoftax": -1000000,
        "othercomprehensiveincomeavailableforsalesecuritiesadjustmentnetoftaxportionattributabletoparent": -1000000,
        "othercomprehensiveincomelossnetoftaxportionattributabletoparent": 29000000,
        "comprehensiveincomenetoftax": 233000000,
        "managementfeesbaserevenue": -790000000,
        "franchiserevenue": 1065000000,
        "managementfeesincentiverevenue": -422000000,
        "revenuefromleasedandownedhotelsincludingoperatingleaseincome": -323000000,
        "reimbursementrevenue": -12848000000,
        "revenues": -1561000000,
        "directcostsofhotels": 358000000,
        "costofreimbursableexpense": -12848000000,
        "depreciationamortizationandother": -213000000,
        "generalandadministrativeexpense": -634000000,
        "businesscombinationacquisitionandintegrationrelatedcosts": 59000000,
        "costsandexpenses": 5305000000,
        "operatingincomeloss": -92000000,
        "interestexpense": 72000000,
        "investmentincomeinterest": -20000000,
        "incomelossfromequitymethodinvestments": 10000000,
        "incomelossfromcontinuingoperationsbeforeincometaxesextraordinaryitemsnoncontrollinginterest": 1179000000,
        "incometaxexpensebenefit": 1332000000,
        "earningspersharebasic": 0.5700000000000003,
        "earningspersharediluted": -2.04
    },
    {
        "date": "2017-09-29",
        "symbol": "MAR",
        "period": "Q3",
        "netincomeloss": 392000000,
        "othercomprehensiveincomeforeigncurrencytransactionandtranslationadjustmentnetoftaxportionattributabletoparent": 107000000,
        "othercomprehensiveincomeunrealizedgainlossonderivativesarisingduringperiodnetoftax": -5000000,
        "othercomprehensiveincomeavailableforsalesecuritiesadjustmentnetoftaxportionattributabletoparent": 1000000,
        "reclassificationfromaccumulatedothercomprehensiveincomecurrentperiodnetoftax": -4000000,
        "othercomprehensiveincomelossnetoftaxportionattributabletoparent": 107000000,
        "comprehensiveincomenetoftax": 499000000,
        "managementfeesbaserevenue": 269000000,
        "franchiserevenue": 426000000,
        "managementfeesincentiverevenue": 136000000,
        "feerevenue": 831000000,
        "revenuefromleasedandownedhotelsincludingoperatingleaseincome": 452000000,
        "reimbursementrevenue": 4380000000,
        "revenues": 688000000,
        "directcostsofhotels": 356000000,
        "costofreimbursableexpense": 4380000000,
        "depreciationamortizationandother": 68000000,
        "generalandadministrativeexpense": 199000000,
        "businesscombinationacquisitionandintegrationrelatedcosts": 28000000,
        "costsandexpenses": 5031000000,
        "operatingincomeloss": 120000000,
        "othernonoperatingincomeexpense": 6000000,
        "interestexpense": 73000000,
        "investmentincomeinterest": 9000000,
        "incomelossfromequitymethodinvestments": 6000000,
        "incomelossfromcontinuingoperationsbeforeincometaxesextraordinaryitemsnoncontrollinginterest": 580000000,
        "incometaxexpensebenefit": 188000000,
        "earningspersharebasic": 1.05,
        "earningspersharediluted": 1.04,
        "commonstockdividendspersharedeclared": 0.33
    },
    {
        "date": "2017-06-29",
        "symbol": "MAR",
        "period": "Q2",
        "netincomeloss": 414000000,
        "othercomprehensiveincomeforeigncurrencytransactionandtranslationadjustmentnetoftaxportionattributabletoparent": 162000000,
        "othercomprehensiveincomeunrealizedgainlossonderivativesarisingduringperiodnetoftax": -6000000,
        "othercomprehensiveincomeavailableforsalesecuritiesadjustmentnetoftaxportionattributabletoparent": -1000000,
        "reclassificationfromaccumulatedothercomprehensiveincomecurrentperiodnetoftax": -1000000,
        "othercomprehensiveincomelossnetoftaxportionattributabletoparent": 156000000,
        "comprehensiveincomenetoftax": 570000000,
        "managementfeesbaserevenue": 285000000,
        "franchiserevenue": 67000000,
        "managementfeesincentiverevenue": 148000000,
        "managementfeesandfranchiserevenue": 849000000,
        "revenuefromleasedandownedhotelsincludingoperatingleaseincome": -67000000,
        "reimbursementrevenue": 4488000000,
        "revenues": 676000000,
        "directcostsofhotels": 355000000,
        "costofreimbursableexpense": 4488000000,
        "depreciationamortizationandother": 85000000,
        "generalandadministrativeexpense": 226000000,
        "businesscombinationacquisitionandintegrationrelatedcosts": 21000000,
        "costsandexpenses": 5175000000,
        "operatingincomeloss": 98000000,
        "othernonoperatingincomeexpense": 25000000,
        "interestexpense": 73000000,
        "investmentincomeinterest": 8000000,
        "incomelossfromequitymethodinvestments": 12000000,
        "incomelossfromcontinuingoperationsbeforeincometaxesextraordinaryitemsnoncontrollinginterest": 592000000,
        "incometaxexpensebenefit": -13000000,
        "earningspersharebasic": 1.09,
        "earningspersharediluted": 1.08,
        "commonstockdividendspersharedeclared": 0.33
    },
    {
        "date": "2017-03-30",
        "symbol": "MAR",
        "period": "Q1",
        "netincomeloss": 365000000,
        "othercomprehensiveincomeforeigncurrencytransactionandtranslationadjustmentnetoftaxportionattributabletoparent": 188000000,
        "othercomprehensiveincomeunrealizedgainlossonderivativesarisingduringperiodnetoftax": -2000000,
        "othercomprehensiveincomeavailableforsalesecuritiesadjustmentnetoftaxportionattributabletoparent": -1000000,
        "othercomprehensiveincomelossnetoftaxportionattributabletoparent": 188000000,
        "comprehensiveincomenetoftax": 550000000,
        "managementfeesbaserevenue": 264000000,
        "franchiserevenue": 60000000,
        "managementfeesincentiverevenue": 153000000,
        "managementfeesandfranchiserevenue": 782000000,
        "revenuefromleasedandownedhotelsincludingoperatingleaseincome": -60000000,
        "reimbursementrevenue": 4340000000,
        "revenues": 602000000,
        "directcostsofhotels": 358000000,
        "costofreimbursableexpense": 4340000000,
        "depreciationamortizationandother": 65000000,
        "generalandadministrativeexpense": 210000000,
        "businesscombinationacquisitionandintegrationrelatedcosts": 51000000,
        "costsandexpenses": 5024000000,
        "operatingincomeloss": 86000000,
        "interestexpense": 70000000,
        "investmentincomeinterest": 7000000,
        "incomelossfromequitymethodinvestments": 11000000,
        "incomelossfromcontinuingoperationsbeforeincometaxesextraordinaryitemsnoncontrollinginterest": 485000000,
        "incometaxexpensebenefit": -43000000,
        "earningspersharebasic": 0.95,
        "earningspersharediluted": 0.11,
        "commonstockdividendspersharedeclared": 0.3
    },
    {
        "date": "2016-12-30",
        "symbol": "MAR",
        "period": "Q4",
        "netincomeloss": 244000000,
        "othercomprehensiveincomeunrealizedgainlossonderivativesarisingduringperiodnetoftax": 4000000,
        "reclassificationfromaccumulatedothercomprehensiveincomecurrentperiodnetoftax": 1000000,
        "othercomprehensiveincomelossnetoftaxportionattributabletoparent": -338000000,
        "comprehensiveincomenetoftax": -84000000,
        "managementfeesbaserevenue": -520000000,
        "franchiserevenue": 296000000,
        "managementfeesincentiverevenue": -266000000,
        "revenuefromleasedandownedhotelsincludingoperatingleaseincome": 536000000,
        "reimbursementrevenue": -9146000000,
        "revenues": -2454000000,
        "directcostsofhotels": 367000000,
        "costofreimbursableexpense": -9146000000,
        "generalandadministrativeexpense": 212000000,
        "costsandexpenses": 5015000000,
        "operatingincomeloss": -434000000,
        "interestexpense": -91000000,
        "investmentincomeinterest": -17000000,
        "incomelossfromcontinuingoperationsbeforeincometaxesextraordinaryitemsnoncontrollinginterest": 383000000,
        "incometaxexpensebenefit": 139000000,
        "earningspersharebasic": 0.59,
        "earningspersharediluted": 0.57
    },
    {
        "date": "2016-09-29",
        "symbol": "MAR",
        "period": "Q3",
        "netincomeloss": 70000000,
        "othercomprehensiveincomeforeigncurrencytransactionandtranslationgainlossarisingduringperiodnetoftax": 2000000,
        "othercomprehensiveincomeunrealizedgainlossonderivativesarisingduringperiodnetoftax": 1000000,
        "reclassificationfromaccumulatedothercomprehensiveincomecurrentperiodnetoftax": -1000000,
        "othercomprehensiveincomelossnetoftaxportionattributabletoparent": 4000000,
        "comprehensiveincomenetoftax": 74000000,
        "managementfeesbaserevenue": 180000000,
        "franchiserevenue": 250000000,
        "managementfeesincentiverevenue": 81000000,
        "revenuefromleasedandownedhotelsincludingoperatingleaseincome": 279000000,
        "reimbursementrevenue": 3152000000,
        "revenues": 936000000,
        "directcostsofhotels": 194000000,
        "costofreimbursableexpense": 3152000000,
        "depreciationamortizationandother": 36000000,
        "generalandadministrativeexpense": 161000000,
        "businesscombinationacquisitionandintegrationrelatedcosts": 228000000,
        "costsandexpenses": 3771000000,
        "operatingincomeloss": 193000000,
        "othernonoperatingincomeexpense": 3000000,
        "interestexpense": 9000000,
        "investmentincomeinterest": 9000000,
        "incomelossfromequitymethodinvestments": 3000000,
        "incomelossfromcontinuingoperationsbeforeincometaxesextraordinaryitemsnoncontrollinginterest": 131000000,
        "incometaxexpensebenefit": 61000000,
        "earningspersharebasic": 0.26,
        "earningspersharediluted": 0.26,
        "commonstockdividendspersharedeclared": 0.3
    },
    {
        "date": "2016-06-29",
        "symbol": "MAR",
        "period": "Q2",
        "netincomeloss": 247000000,
        "othercomprehensiveincomeforeigncurrencytransactionandtranslationgainlossarisingduringperiodnetoftax": 3000000,
        "othercomprehensiveincomeunrealizedgainlossonderivativesarisingduringperiodnetoftax": 1000000,
        "othercomprehensiveincomeunrealizedholdinggainlossonsecuritiesarisingduringperiodnetoftax": -1000000,
        "reclassificationfromaccumulatedothercomprehensiveincomecurrentperiodnetoftax": -1000000,
        "othercomprehensiveincomelossnetoftaxportionattributabletoparent": 4000000,
        "comprehensiveincomenetoftax": 251000000,
        "managementfeesbaserevenue": 186000000,
        "franchiserevenue": 235000000,
        "managementfeesincentiverevenue": 94000000,
        "revenuefromleasedandownedhotelsincludingoperatingleaseincome": 245000000,
        "reimbursementrevenue": 3142000000,
        "revenues": 906000000,
        "directcostsofhotels": 173000000,
        "costofreimbursableexpense": 3142000000,
        "depreciationamortizationandother": 30000000,
        "generalandadministrativeexpense": 168000000,
        "costsandexpenses": 3513000000,
        "operatingincomeloss": 191000000,
        "interestexpense": 57000000,
        "investmentincomeinterest": 7000000,
        "incomelossfromequitymethodinvestments": 5000000,
        "incomelossfromcontinuingoperationsbeforeincometaxesextraordinaryitemsnoncontrollinginterest": 344000000,
        "incometaxexpensebenefit": 97000000,
        "earningspersharebasic": 0.97,
        "earningspersharediluted": 0.96,
        "commonstockdividendspersharedeclared": 0.3
    },
    {
        "date": "2016-03-30",
        "symbol": "MAR",
        "period": "Q1",
        "netincomeloss": 219000000,
        "othercomprehensiveincomeforeigncurrencytransactionandtranslationgainlossarisingduringperiodnetoftax": 22000000,
        "othercomprehensiveincomeunrealizedgainlossonderivativesarisingduringperiodnetoftax": -5000000,
        "othercomprehensiveincomeunrealizedholdinggainlossonsecuritiesarisingduringperiodnetoftax": 1000000,
        "reclassificationfromaccumulatedothercomprehensiveincomecurrentperiodnetoftax": -1000000,
        "othercomprehensiveincomelossnetoftaxportionattributabletoparent": 19000000,
        "comprehensiveincomenetoftax": 238000000,
        "managementfeesbaserevenue": 172000000,
        "franchiserevenue": 207000000,
        "managementfeesincentiverevenue": 101000000,
        "revenuefromleasedandownedhotelsincludingoperatingleaseincome": 247000000,
        "reimbursementrevenue": 3045000000,
        "revenues": 833000000,
        "directcostsofhotels": 166000000,
        "costofreimbursableexpense": 3045000000,
        "depreciationdepletionamortizationandother": 31000000,
        "generalandadministrativeexpense": 163000000,
        "costsandexpenses": 3405000000,
        "operatingincomeloss": 155000000,
        "interestexpense": 47000000,
        "investmentincomeinterest": 6000000,
        "incomelossfromcontinuingoperationsbeforeincometaxesextraordinaryitemsnoncontrollinginterest": 326000000,
        "incometaxexpensebenefit": 107000000,
        "earningspersharebasic": 0.86,
        "earningspersharediluted": 0.85,
        "commonstockdividendspersharedeclared": 0.25
    },
    {
        "date": "2015-12-30",
        "symbol": "MAR",
        "period": "Q4",
        "netincomeloss": 202000000,
        "othercomprehensiveincomeforeigncurrencytransactionandtranslationgainlossarisingduringperiodnetoftax": -76000000,
        "othercomprehensiveincomeunrealizedgainlossonderivativesarisingduringperiodnetoftax": 1000000,
        "othercomprehensiveincomeunrealizedholdinggainlossonsecuritiesarisingduringperiodnetoftax": -2000000,
        "reclassificationfromaccumulatedothercomprehensiveincomecurrentperiodnetoftax": 0,
        "othercomprehensiveincomelossnetoftaxportionattributabletoparent": -76000000,
        "comprehensiveincomenetoftax": 126000000,
        "managementfeesbaserevenue": -511000000,
        "franchiserevenue": 201000000,
        "managementfeesincentiverevenue": -235000000,
        "revenuefromleasedandownedhotelsincludingoperatingleaseincome": 257000000,
        "reimbursementrevenue": -8438000000,
        "revenues": -2189000000,
        "directcostsofhotels": 181000000,
        "costofreimbursableexpense": -8438000000,
        "depreciationdepletionamortizationandother": -105000000,
        "generalandadministrativeexpense": -445000000,
        "costsandexpenses": 3396000000,
        "operatingincomeloss": 840000000,
        "othernonoperatingincomeexpense": -17000000,
        "interestexpense": -116000000,
        "investmentincomeinterest": 10000000,
        "incomelossfromequitymethodinvestments": 3000000,
        "incomelossfromcontinuingoperationsbeforeincometaxesextraordinaryitemsnoncontrollinginterest": -963000000,
        "incometaxexpensebenefit": -316000000,
        "earningspersharebasic": 0.79,
        "earningspersharediluted": 0.77
    },
    {
        "date": "2015-09-29",
        "symbol": "MAR",
        "period": "Q3",
        "netincomeloss": 448000000,
        "othercomprehensiveincomeforeigncurrencytransactionandtranslationgainlossarisingduringperiodnetoftax": -28000000,
        "othercomprehensiveincomeunrealizedgainlossonderivativesarisingduringperiodnetoftax": 2000000,
        "othercomprehensiveincomeunrealizedholdinggainlossonsecuritiesarisingduringperiodnetoftax": -3000000,
        "reclassificationfromaccumulatedothercomprehensiveincomecurrentperiodnetoftax": -2000000,
        "othercomprehensiveincomelossnetoftaxportionattributabletoparent": -32000000,
        "comprehensiveincomenetoftax": 178000000,
        "managementfeesbaserevenue": 170000000,
        "franchiserevenue": 227000000,
        "managementfeesincentiverevenue": 68000000,
        "revenuefromleasedandownedhotelsincludingoperatingleaseincome": 229000000,
        "reimbursementrevenue": 2884000000,
        "revenues": -1929000000,
        "directcostsofhotels": 175000000,
        "costofreimbursableexpense": 2884000000,
        "depreciationdepletionamortizationandother": 31000000,
        "generalandadministrativeexpense": 149000000,
        "costsandexpenses": 3239000000,
        "operatingincomeloss": -1000000,
        "othernonoperatingincomeexpense": 3000000,
        "interestexpense": 83000000,
        "investmentincomeinterest": 5000000,
        "incomelossfromequitymethodinvestments": 8000000,
        "incomelossfromcontinuingoperationsbeforeincometaxesextraordinaryitemsnoncontrollinginterest": 663000000,
        "incometaxexpensebenefit": 215000000,
        "earningspersharebasic": 0.8000000000000003,
        "earningspersharediluted": 0.7799999999999998,
        "commonstockdividendspersharedeclared": 0.24999999999999994
    },
    {
        "date": "2015-06-29",
        "symbol": "MAR",
        "period": "Q2",
        "netincomeloss": 2000000,
        "othercomprehensiveincomeforeigncurrencytransactionandtranslationgainlossarisingduringperiodnetoftax": 7000000,
        "othercomprehensiveincomeunrealizedgainlossonderivativesarisingduringperiodnetoftax": -2000000,
        "othercomprehensiveincomeunrealizedholdinggainlossonsecuritiesarisingduringperiodnetoftax": -1000000,
        "reclassificationfromaccumulatedothercomprehensiveincomecurrentperiodnetoftax": 2000000,
        "othercomprehensiveincomelossnetoftaxportionattributabletoparent": 2000000,
        "comprehensiveincomenetoftax": 242000000,
        "managementfeesbaserevenue": 191000000,
        "franchiserevenue": 221000000,
        "managementfeesincentiverevenue": 81000000,
        "revenuefromleasedandownedhotelsincludingoperatingleaseincome": 243000000,
        "reimbursementrevenue": 2953000000,
        "revenues": 821000000,
        "directcostsofhotels": 183000000,
        "costofreimbursableexpense": 2953000000,
        "depreciationdepletionamortizationandother": 32000000,
        "generalandadministrativeexpense": 152000000,
        "costsandexpenses": 3320000000,
        "operatingincomeloss": 179000000,
        "othernonoperatingincomeexpense": 20000000,
        "interestexpense": 2000000,
        "investmentincomeinterest": 6000000,
        "incomelossfromequitymethodinvestments": 2000000,
        "incomelossfromcontinuingoperationsbeforeincometaxesextraordinaryitemsnoncontrollinginterest": 1000000,
        "incometaxexpensebenefit": -1000000,
        "earningspersharebasic": 0.88,
        "earningspersharediluted": 0.87,
        "commonstockdividendspersharedeclared": 0.25
    },
    {
        "date": "2015-03-30",
        "symbol": "MAR",
        "period": "Q1",
        "netincomeloss": 207000000,
        "othercomprehensiveincomeforeigncurrencytransactionandtranslationgainlossarisingduringperiodnetoftax": -26000000,
        "othercomprehensiveincomeunrealizedgainlossonderivativesarisingduringperiodnetoftax": 9000000,
        "othercomprehensiveincomeunrealizedholdinggainlossonsecuritiesarisingduringperiodnetoftax": -1000000,
        "reclassificationfromaccumulatedothercomprehensiveincomecurrentperiodnetoftax": -3000000,
        "othercomprehensiveincomelossnetoftaxportionattributabletoparent": -20000000,
        "comprehensiveincomenetoftax": 187000000,
        "managementfeesbaserevenue": 165000000,
        "franchiserevenue": 204000000,
        "managementfeesincentiverevenue": 89000000,
        "revenuefromleasedandownedhotelsincludingoperatingleaseincome": 257000000,
        "reimbursementrevenue": 2798000000,
        "revenues": 3513000000,
        "directcostsofhotels": 194000000,
        "costofreimbursableexpense": 2798000000,
        "depreciationdepletionamortizationandother": 44000000,
        "generalandadministrativeexpense": 145000000,
        "costsandexpenses": 3181000000,
        "operatingincomeloss": 332000000,
        "othernonoperatingincomeexpense": -3000000,
        "interestexpense": 36000000,
        "investmentincomeinterest": 8000000,
        "incomelossfromequitymethodinvestments": 3000000,
        "incomelossfromcontinuingoperationsbeforeincometaxesextraordinaryitemsnoncontrollinginterest": 307000000,
        "incometaxexpensebenefit": 100000000,
        "earningspersharebasic": 0.75,
        "earningspersharediluted": 0.73,
        "commonstockdividendspersharedeclared": 0.2
    },
    {
        "date": "2014-12-30",
        "symbol": "MAR",
        "period": "Q4",
        "netincomeloss": 197000000,
        "othercomprehensiveincomelossnetoftaxportionattributabletoparent": -17000000,
        "comprehensiveincomenetoftax": 180000000,
        "managementfeesbaserevenue": -492000000,
        "franchiserevenue": 185000000,
        "managementfeesincentiverevenue": -214000000,
        "revenuefromleasedandownedhotelsincludingoperatingleaseincome": 275000000,
        "reimbursementrevenue": -7975000000,
        "revenues": 60000000,
        "directcostsofhotels": 202000000,
        "costofreimbursableexpense": -7975000000,
        "generalandadministrativeexpense": -477000000,
        "costsandexpenses": 3268000000,
        "operatingincomeloss": 291000000,
        "interestexpense": -84000000,
        "investmentincomeinterest": 13000000,
        "incomelossfromequitymethodinvestments": 0,
        "incomelossfromcontinuingoperationsbeforeincometaxesextraordinaryitemsnoncontrollinginterest": -810000000,
        "incometaxexpensebenefit": -252000000,
        "earningspersharebasic": 0.7000000000000003,
        "earningspersharediluted": 0.6799999999999996
    },
    {
        "date": "2014-09-29",
        "symbol": "MAR",
        "period": "Q3",
        "netincomeloss": 192000000,
        "othercomprehensiveincomeunrealizedholdinggainlossonsecuritiesarisingduringperiodnetoftax": 0,
        "othercomprehensiveincomereclassificationadjustments": 1000000,
        "othercomprehensiveincomelossnetoftaxportionattributabletoparent": -14000000,
        "comprehensiveincomenetoftax": 178000000,
        "managementfeesbaserevenue": 178000000,
        "franchiserevenue": 203000000,
        "managementfeesincentiverevenue": 67000000,
        "revenuefromleasedandownedhotelsincludingoperatingleaseincome": 244000000,
        "reimbursementrevenue": 2768000000,
        "revenues": 66000000,
        "directcostsofhotels": 189000000,
        "costofreimbursableexpense": 2768000000,
        "depreciationdepletionandamortization": 33000000,
        "generalandadministrativeexpense": 172000000,
        "costsandexpenses": 3162000000,
        "operatingincomeloss": 298000000,
        "interestexpense": 29000000,
        "investmentincomeinterest": 8000000,
        "incomelossfromequitymethodinvestments": 12000000,
        "incomelossfromcontinuingoperationsbeforeincometaxesextraordinaryitemsnoncontrollinginterest": 290000000,
        "incometaxexpensebenefit": 98000000,
        "earningspersharebasic": 0.6599999999999998,
        "earningspersharediluted": 0.6500000000000002,
        "commonstockdividendspersharedeclared": 0.19999999999999998
    },
    {
        "date": "2014-06-29",
        "symbol": "MAR",
        "period": "Q2",
        "netincomeloss": 192000000,
        "othercomprehensiveincomeunrealizedgainlossonderivativesarisingduringperiodnetoftax": 0,
        "othercomprehensiveincomeunrealizedholdinggainlossonsecuritiesarisingduringperiodnetoftax": 1000000,
        "othercomprehensiveincomereclassificationadjustments": 1000000,
        "othercomprehensiveincomelossnetoftaxportionattributabletoparent": 2000000,
        "comprehensiveincomenetoftax": 194000000,
        "managementfeesbaserevenue": 176000000,
        "franchiserevenue": 194000000,
        "managementfeesincentiverevenue": 82000000,
        "revenuefromleasedandownedhotelsincludingoperatingleaseincome": 269000000,
        "reimbursementrevenue": 2763000000,
        "revenues": -396000000,
        "directcostsofhotels": 199000000,
        "costofreimbursableexpense": 2763000000,
        "depreciationdepletionandamortization": 47000000,
        "generalandadministrativeexpense": 159000000,
        "costsandexpenses": 3168000000,
        "operatingincomeloss": 316000000,
        "interestexpense": 30000000,
        "investmentincomeinterest": 4000000,
        "incomelossfromequitymethodinvestments": -8000000,
        "incomelossfromcontinuingoperationsbeforeincometaxesextraordinaryitemsnoncontrollinginterest": 285000000,
        "incometaxexpensebenefit": 93000000,
        "earningspersharebasic": 0.66,
        "earningspersharediluted": 0.64,
        "commonstockdividendspersharedeclared": 0.19999999999999998
    },
    {
        "date": "2014-03-30",
        "symbol": "MAR",
        "period": "Q1",
        "netincomeloss": 172000000,
        "othercomprehensiveincomeunrealizedgainlossonderivativesarisingduringperiodnetoftax": 1000000,
        "othercomprehensiveincomeunrealizedholdinggainlossonsecuritiesarisingduringperiodnetoftax": 1000000,
        "othercomprehensiveincomereclassificationadjustments": 1000000,
        "othercomprehensiveincomelossnetoftaxportionattributabletoparent": 3000000,
        "comprehensiveincomenetoftax": 175000000,
        "managementfeesbaserevenue": 155000000,
        "franchiserevenue": 163000000,
        "managementfeesincentiverevenue": 71000000,
        "revenuefromleasedandownedhotelsincludingoperatingleaseincome": 234000000,
        "reimbursementrevenue": 2670000000,
        "revenues": 520000000,
        "directcostsofhotels": 185000000,
        "costofreimbursableexpense": 2670000000,
        "depreciationdepletionandamortization": 36000000,
        "generalandadministrativeexpense": 148000000,
        "costsandexpenses": 3039000000,
        "operatingincomeloss": 254000000,
        "interestexpense": 30000000,
        "investmentincomeinterest": 5000000,
        "incomelossfromequitymethodinvestments": 2000000,
        "incomelossfromcontinuingoperationsbeforeincometaxesextraordinaryitemsnoncontrollinginterest": 231000000,
        "incometaxexpensebenefit": 59000000,
        "earningspersharebasic": 0.58,
        "earningspersharediluted": 0.57,
        "commonstockdividendspersharedeclared": 0.17
    },
    {
        "date": "2013-12-30",
        "symbol": "MAR",
        "period": "Q4",
        "netincomeloss": -469000000,
        "comprehensiveincomenetoftax": 156000000,
        "managementfeesbaserevenue": -452000000,
        "franchiserevenue": 163000000,
        "managementfeesincentiverevenue": -182000000,
        "revenuefromleasedandownedhotelsincludingoperatingleaseincome": 260000000,
        "reimbursementrevenue": -7484000000,
        "revenues": -1883000000,
        "directcostsofhotels": 210000000,
        "costofreimbursableexpense": -7484000000,
        "generalandadministrativeexpense": -521000000,
        "costsandexpenses": 2981000000,
        "operatingincomeloss": 238000000,
        "interestexpense": -83000000,
        "investmentincomeinterest": 10000000,
        "earningspersharebasic": 0.4999999999999997,
        "earningspersharediluted": 0.48999999999999994
    },
    {
        "date": "2013-09-29",
        "symbol": "MAR",
        "period": "Q3",
        "netincomeloss": 160000000,
        "othercomprehensiveincomelossnetoftaxportionattributabletoparent": 5000000,
        "comprehensiveincomenetoftax": 165000000,
        "managementfeesbaserevenue": 150000000,
        "franchiserevenue": 175000000,
        "managementfeesincentiverevenue": 53000000,
        "revenuefromleasedandownedhotelsincludingoperatingleaseincome": 220000000,
        "reimbursementrevenue": 2562000000,
        "revenues": -1370000000,
        "directcostsofhotels": 186000000,
        "costofreimbursableexpense": 2562000000,
        "generalandadministrativeexpense": 167000000,
        "costsandexpenses": 2915000000,
        "operatingincomeloss": 245000000,
        "othernonoperatingincomeexpense": 0,
        "interestexpense": 28000000,
        "investmentincomeinterest": 5000000,
        "incomelossfromcontinuingoperationsbeforeincometaxesextraordinaryitemsnoncontrollinginterest": 0,
        "incometaxexpensebenefit": 0,
        "earningspersharebasic": 0.53,
        "earningspersharediluted": 0.52,
        "commonstockdividendspersharedeclared": 0.16999999999999998
    },
    {
        "date": "2013-06-29",
        "symbol": "MAR",
        "period": "Q2",
        "netincomeloss": 179000000,
        "othercomprehensiveincomeunrealizedgainlossonderivativesarisingduringperiodnetoftax": -1000000,
        "othercomprehensiveincomeunrealizedholdinggainlossonsecuritiesarisingduringperiodnetoftax": 0,
        "othercomprehensiveincomelossnetoftaxportionattributabletoparent": -8000000,
        "comprehensiveincomenetoftax": 171000000,
        "managementfeesbaserevenue": 166000000,
        "franchiserevenue": 177000000,
        "managementfeesincentiverevenue": 64000000,
        "revenuefromleasedandownedhotelsincludingoperatingleaseincome": 246000000,
        "reimbursementrevenue": 2610000000,
        "revenues": 3000000000,
        "directcostsofhotels": 195000000,
        "costofreimbursableexpense": 2610000000,
        "generalandadministrativeexpense": 179000000,
        "costsandexpenses": 2984000000,
        "operatingincomeloss": 279000000,
        "othernonoperatingincomeexpense": 7000000,
        "interestexpense": 29000000,
        "investmentincomeinterest": 5000000,
        "incomelossfromcontinuingoperationsbeforeincometaxesextraordinaryitemsnoncontrollinginterest": -191000000,
        "incometaxexpensebenefit": -61000000,
        "earningspersharebasic": 0.5800000000000001,
        "earningspersharediluted": 0.56,
        "commonstockdividendspersharedeclared": 0.16999999999999998
    },
    {
        "date": "2013-03-30",
        "symbol": "MAR",
        "period": "Q1",
        "netincomeloss": 136000000,
        "othercomprehensiveincomeforeigncurrencytransactionandtranslationgainlossbeforereclassificationandtax": -13000000,
        "othercomprehensiveincomeunrealizedgainlossonderivativesarisingduringperiodnetoftax": 7000000,
        "othercomprehensiveincomeunrealizedholdinggainlossonsecuritiesarisingduringperiodnetoftax": 4000000,
        "othercomprehensiveincomelossnetoftaxportionattributabletoparent": -2000000,
        "comprehensiveincomenetoftax": 134000000,
        "managementfeesbaserevenue": 153000000,
        "franchiserevenue": 151000000,
        "managementfeesincentiverevenue": 66000000,
        "revenuefromleasedandownedhotelsincludingoperatingleaseincome": 224000000,
        "reimbursementrevenue": 2548000000,
        "revenues": 340000000,
        "directcostsofhotels": 188000000,
        "costofreimbursableexpense": 2548000000,
        "generalandadministrativeexpense": 180000000,
        "costsandexpenses": 2916000000,
        "operatingincomeloss": 226000000,
        "othernonoperatingincomeexpense": 3000000,
        "interestexpense": 31000000,
        "investmentincomeinterest": 3000000,
        "incomelossfromcontinuingoperationsbeforeincometaxesextraordinaryitemsnoncontrollinginterest": 201000000,
        "incometaxexpensebenefit": 65000000,
        "earningspersharebasic": 0.44,
        "earningspersharediluted": 0.43,
        "commonstockdividendspersharedeclared": 0.13
    },
    {
        "date": "2012-12-27",
        "symbol": "MAR",
        "period": "Q4",
        "netincomeloss": 181000000,
        "comprehensiveincomenetoftax": 186000000,
        "managementfeesbaserevenue": -373000000,
        "franchiserevenue": 187000000,
        "managementfeesincentiverevenue": -137000000,
        "reimbursementrevenue": -6100000000,
        "revenues": -872000000,
        "directcostsofhotels": 252000000,
        "costofreimbursableexpense": -6100000000,
        "generalandadministrativeexpense": 206000000,
        "costsandexpenses": 3448000000,
        "operatingincomeloss": 309000000,
        "othernonoperatingincomeexpense": -1000000,
        "interestexpense": 41000000,
        "investmentincomeinterest": 7000000,
        "incomelossfromequitymethodinvestments": 0,
        "incomelossfromcontinuingoperationsbeforeincometaxesextraordinaryitemsnoncontrollinginterest": -481000000,
        "incometaxexpensebenefit": 90000000,
        "earningspersharebasic": 0.5800000000000001,
        "earningspersharediluted": 0.56,
        "commonstockdividendspersharedeclared": 0.12999999999999998
    },
    {
        "date": "2012-09-06",
        "symbol": "MAR",
        "period": "Q3",
        "netincomeloss": 143000000,
        "othercomprehensiveincomeunrealizedholdinggainlossonsecuritiesarisingduringperiodnetoftax": 0,
        "comprehensiveincomenetoftax": 147000000,
        "managementfeesbaserevenue": 134000000,
        "franchiserevenue": 149000000,
        "managementfeesincentiverevenue": 36000000,
        "reimbursementrevenue": 2210000000,
        "revenues": 866000000,
        "directcostsofhotels": 174000000,
        "costofreimbursableexpense": 2210000000,
        "generalandadministrativeexpense": 132000000,
        "costsandexpenses": 2516000000,
        "operatingincomeloss": 213000000,
        "othernonoperatingincomeexpense": 36000000,
        "interestexpense": 29000000,
        "investmentincomeinterest": 3000000,
        "incomelossfromequitymethodinvestments": 2000000,
        "incomelossfromcontinuingoperationsbeforeincometaxesextraordinaryitemsnoncontrollinginterest": 222000000,
        "incometaxexpensebenefit": 79000000,
        "earningspersharebasic": 0.44,
        "earningspersharediluted": 0.44,
        "commonstockdividendspersharedeclared": 0.12999999999999998
    },
    {
        "date": "2012-06-14",
        "symbol": "MAR",
        "period": "Q2",
        "netincomeloss": 143000000,
        "othercomprehensiveincomelossforeigncurrencytransactionandtranslationadjustmentbeforetax": -17000000,
        "othercomprehensiveincomelossderivativesqualifyingashedgesnetoftax": 4000000,
        "othercomprehensiveincomeunrealizedholdinggainlossonsecuritiesarisingduringperiodnetoftax": -3000000,
        "othercomprehensiveincomereclassificationadjustments": 1000000,
        "othercomprehensiveincomelossnetoftaxportionattributabletoparent": -15000000,
        "comprehensiveincomenetoftax": 128000000,
        "managementfeesbaserevenue": 141000000,
        "franchiserevenue": 145000000,
        "managementfeesincentiverevenue": 56000000,
        "revenuefromleasedandownedhotelsincludingoperatingleaseincome": 264000000,
        "reimbursementrevenue": 2170000000,
        "revenues": 306000000,
        "directcostsofhotels": 203000000,
        "costofreimbursableexpense": 2170000000,
        "generalandadministrativeexpense": 160000000,
        "costsandexpenses": 2533000000,
        "operatingincomeloss": 243000000,
        "othernonoperatingincomeexpense": 5000000,
        "interestexpense": 34000000,
        "investmentincomeinterest": 3000000,
        "incomelossfromequitymethodinvestments": 1000000,
        "incomelossfromcontinuingoperationsbeforeincometaxesextraordinaryitemsnoncontrollinginterest": 209000000,
        "incometaxexpensebenefit": 66000000,
        "earningspersharebasic": 0.44,
        "earningspersharediluted": 0.42,
        "commonstockdividendspersharedeclared": 0.13
    },
    {
        "date": "2012-03-22",
        "symbol": "MAR",
        "period": "Q1",
        "netincomeloss": 104000000,
        "othercomprehensiveincomeforeigncurrencytransactionandtranslationadjustmentbeforetaxperiodincreasedecrease": 11000000,
        "othercomprehensiveincomederivativesqualifyingashedgesnetoftaxperiodincreasedecrease": -3000000,
        "othercomprehensiveincomeunrealizedholdinggainlossonsecuritiesarisingduringperiodnetoftax": 2000000,
        "othercomprehensiveincomelossnetoftaxperiodincreasedecrease": 10000000,
        "comprehensiveincomenetoftax": 114000000,
        "managementfeesbaserevenue": 124000000,
        "franchiserevenue": 126000000,
        "managementfeesincentiverevenue": 50000000,
        "revenuefromleasedandownedhotels": 217000000,
        "reimbursementrevenue": 2035000000,
        "revenues": 49000000,
        "directcostsofhotels": 195000000,
        "costofreimbursableexpense": 2035000000,
        "generalandadministrativeexpense": 147000000,
        "costsandexpenses": 2377000000,
        "operatingincomeloss": 175000000,
        "othernonoperatingincomeexpense": 2000000,
        "interestexpense": 33000000,
        "investmentincomeinterest": 4000000,
        "incomelossfromequitymethodinvestments": -1000000,
        "incomelossfromcontinuingoperationsbeforeincometaxesextraordinaryitemsnoncontrollinginterest": 147000000,
        "incometaxexpensebenefit": 43000000,
        "earningspersharebasic": 0.31,
        "earningspersharediluted": 0.3,
        "commonstockdividendspersharedeclared": 0.1
    },
    {
        "date": "2011-12-29",
        "symbol": "MAR",
        "period": "Q4",
        "managementfeesbaserevenue": -382000000,
        "franchiserevenue": 159000000,
        "managementfeesincentiverevenue": 74000000,
        "timesharerevenue": -51000000,
        "reimbursementrevenue": -5777000000,
        "revenues": -340000000,
        "timesharecosts": 209000000,
        "costofreimbursableexpense": -5777000000,
        "generalandadministrativeexpense": -493000000,
        "costsandexpenses": 3446000000,
        "operatingincomeloss": 247000000,
        "interestexpense": -15000000,
        "investmentincomeinterest": -23000000,
        "incomelossfromequitymethodinvestments": -9000000,
        "incometaxexpensebenefit": 61000000,
        "earningspersharebasic": 0.43000000000000005,
        "earningspersharediluted": 0.44000000000000006,
        "commonstockdividendspersharedeclared": 0.09999999999999998
    },
    {
        "date": "2011-09-08",
        "symbol": "MAR",
        "period": "Q3",
        "managementfeesbaserevenue": 136000000,
        "franchiserevenue": 124000000,
        "managementfeesincentiverevenue": 29000000,
        "revenuefromleasedandownedhotels": 254000000,
        "timesharerevenue": 91000000,
        "reimbursementrevenue": 2045000000,
        "revenues": 362000000,
        "directcostsofhotels": 219000000,
        "timesharecosts": 250000000,
        "timesharestrategyimpairmentcharges": 6000000,
        "costofreimbursableexpense": 2045000000,
        "generalandadministrativeexpense": 180000000,
        "costsandexpenses": 3018000000,
        "operatingincomeloss": -144000000,
        "othernonoperatingincomeexpense": -16000000,
        "interestexpense": 34000000,
        "investmentincomeinterest": 2000000,
        "incomelossfromequitymethodinvestments": 1000000,
        "incomelossfromcontinuingoperationsbeforeincometaxesextraordinaryitemsnoncontrollinginterest": 35000000,
        "incometaxexpensebenefit": -20000000,
        "profitloss": -179000000,
        "earningspersharebasic": -0.52,
        "earningspersharediluted": -0.52,
        "commonstockdividendspersharedeclared": 0.1
    },
    {
        "date": "2011-06-16",
        "symbol": "MAR",
        "period": "Q2",
        "managementfeesbaserevenue": 149000000,
        "franchiserevenue": 120000000,
        "managementfeesincentiverevenue": 50000000,
        "revenuefromleasedandownedhotelscorporatehousingother": 249000000,
        "timesharerevenue": 37000000,
        "reimbursementrevenue": 2116000000,
        "revenues": 390000000,
        "directcostsofownedandleasedhotelscorporatehousing": 220000000,
        "timesharecosts": 245000000,
        "costofreimbursableexpense": 2116000000,
        "generalandadministrativeexpense": 159000000,
        "costsandexpenses": 2740000000,
        "operatingincomeloss": 232000000,
        "othernonoperatingincome": 3000000,
        "interestexpense": 12000000,
        "investmentincomeinterest": 3000000,
        "incomelossfromequitymethodinvestments": -1000000,
        "incomelossfromcontinuingoperationsbeforeincometaxes": 201000000,
        "incometaxexpensebenefit": 66000000,
        "netincomeloss": 135000000,
        "earningspersharebasic": 0.38,
        "earningspersharediluted": 0.37,
        "commonstockdividendspersharedeclared": 0.1
    },
    {
        "date": "2011-03-24",
        "symbol": "MAR",
        "period": "Q1",
        "managementfeesbaserevenue": 134000000,
        "franchiserevenue": 103000000,
        "managementfeesincentiverevenue": 42000000,
        "revenuefromleasedandownedhotelscorporatehousingother": 224000000,
        "timesharerevenue": 39000000,
        "reimbursementrevenue": 1999000000,
        "revenues": 16000000,
        "directcostsofownedandleasedhotelscorporatehousing": 204000000,
        "timesharecosts": 225000000,
        "costofreimbursableexpense": 1999000000,
        "generalandadministrativeexpense": 159000000,
        "costsandexpenses": 2587000000,
        "operatingincomeloss": 191000000,
        "othernonoperatingincome": 2000000,
        "interestexpense": 12000000,
        "investmentincomeinterest": 32000000,
        "incomelossfromequitymethodinvestments": -1000000,
        "incomelossfromcontinuingoperationsbeforeincometaxes": 152000000,
        "incometaxexpensebenefit": 51000000,
        "netincomeloss": 101000000,
        "earningspersharebasic": 0.27,
        "earningspersharediluted": 0.26,
        "commonstockdividendspersharedeclared": 0.0875
    },
    {
        "date": "2010-12-30",
        "symbol": "MAR",
        "period": "Q4",
        "managementfeesbaserevenue": 178000000,
        "franchiserevenue": 136000000,
        "managementfeesincentiverevenue": 75000000,
        "revenuefromleasedandownedhotelscorporatehousingother": -700000000,
        "timesharerevenue": -182000000,
        "reimbursementrevenue": 2539000000,
        "revenues": -826000000,
        "directcostsofownedandleasedhotelscorporatehousing": 301000000,
        "timesharecosts": 329000000,
        "costofreimbursableexpense": 2539000000,
        "generalandadministrativeexpense": 351000000,
        "costsandexpenses": 3520000000,
        "operatingincomeloss": 122000000,
        "othernonoperatingincome": 28000000,
        "interestexpense": 109000000,
        "investmentincomeinterest": 8000000,
        "incomelossfromequitymethodinvestments": -5000000,
        "incometaxexpensebenefit": -63000000,
        "profitloss": 173000000,
        "netincomeloss": 173000000,
        "earningspersharebasic": 0.47,
        "earningspersharediluted": 0.45999999999999996,
        "commonstockdividendspersharedeclared": 0.08749999999999997
    },
    {
        "date": "2010-09-09",
        "symbol": "MAR",
        "period": "Q3",
        "managementfeesbaserevenue": 123000000,
        "franchiserevenue": 109000000,
        "managementfeesincentiverevenue": 21000000,
        "revenuefromleasedandownedhotelscorporatehousingother": 220000000,
        "timesharerevenue": 41000000,
        "reimbursementrevenue": 1900000000,
        "revenues": 18000000,
        "directcostsofownedandleasedhotelscorporatehousing": 213000000,
        "timesharecosts": 219000000,
        "costofreimbursableexpense": 1900000000,
        "generalandadministrativeexpense": 149000000,
        "costsandexpenses": 2481000000,
        "operatingincomeloss": 167000000,
        "othernonoperatingincome": 3000000,
        "interestexpense": 12000000,
        "investmentincomeinterest": 4000000,
        "incomelossfromequitymethodinvestments": 1000000,
        "incomelossfromcontinuingoperationsbeforeincometaxes": 128000000,
        "incometaxexpensebenefit": 45000000,
        "profitloss": 83000000,
        "netincomeloss": 83000000,
        "earningspersharebasic": 0.23,
        "earningspersharediluted": 0.22,
        "commonstockdividendspersharedeclared": 0.04
    },
    {
        "date": "2010-06-17",
        "symbol": "MAR",
        "period": "Q2",
        "managementfeesbaserevenue": 136000000,
        "franchiserevenue": 105000000,
        "managementfeesincentiverevenue": 46000000,
        "revenuefromleasedandownedhotelscorporatehousingother": 255000000,
        "timesharerevenue": 43000000,
        "reimbursementrevenue": 1940000000,
        "revenues": 19000000,
        "directcostsofownedandleasedhotelscorporatehousing": 224000000,
        "timesharecosts": 239000000,
        "costofreimbursableexpense": 1940000000,
        "generalandadministrativeexpense": 142000000,
        "costsandexpenses": 2545000000,
        "operatingincomeloss": 226000000,
        "othernonoperatingincome": 3000000,
        "interestexpense": 14000000,
        "investmentincomeinterest": 3000000,
        "incomelossfromequitymethodinvestments": -3000000,
        "incomelossfromcontinuingoperationsbeforeincometaxes": 184000000,
        "incometaxexpensebenefit": 65000000,
        "profitloss": 119000000,
        "netincomeloss": 119000000,
        "earningspersharebasic": 0.33,
        "earningspersharediluted": 0.31,
        "commonstockdividendspersharedeclared": 0.04
    },
    {
        "date": "2010-03-25",
        "symbol": "MAR",
        "period": "Q1",
        "managementfeesbaserevenue": 125000000,
        "franchiserevenue": 91000000,
        "managementfeesincentiverevenue": 40000000,
        "revenuefromleasedandownedhotelscorporatehousingother": 229000000,
        "timesharerevenue": 285000000,
        "reimbursementrevenue": 1860000000,
        "revenues": 2630000000,
        "directcostsofownedandleasedhotelscorporatehousing": 217000000,
        "timesharecosts": 235000000,
        "costofreimbursableexpense": 1860000000,
        "generalandadministrativeexpense": 138000000,
        "costsandexpenses": 2450000000,
        "operatingincomeloss": 180000000,
        "othernonoperatingincome": 1000000,
        "interestexpense": 45000000,
        "investmentincomeinterest": 4000000,
        "incomelossfromequitymethodinvestments": -11000000,
        "incomelossbeforeincometaxes": 129000000,
        "incometaxexpensebenefit": 46000000,
        "profitloss": 83000000,
        "netincomeloss": 83000000,
        "earningspersharebasic": 0.23,
        "earningspersharediluted": 0.22,
        "commonstockdividendspersharedeclared": 0.04
    }
]