[
    {
        "date": "2024-09-29",
        "symbol": "CAH",
        "period": "Q1",
        "revenues": 52277000000,
        "costofgoodsandservicessold": 50375000000,
        "grossprofit": 1902000000,
        "sellinggeneralandadministrativeexpense": 1277000000,
        "restructuringcharges": 24000000,
        "amortizationandotheracquisitionrelatedcosts": 74000000,
        "gainlossonsalesofassetsandassetimpairmentcharges": 1000000,
        "gainlossrelatedtolitigationsettlement": 40000000,
        "operatingincomeloss": 568000000,
        "othernonoperatingincomeexpense": 5000000,
        "interestexpense": 32000000,
        "incomelossfromcontinuingoperationsbeforeincometaxesextraordinaryitemsnoncontrollinginterest": 541000000,
        "incometaxexpensebenefit": 124000000,
        "profitloss": 417000000,
        "netincomelossattributabletononcontrollinginterest": 1000000,
        "netincomeloss": 416000000,
        "earningspersharebasic": 1.71,
        "earningspersharediluted": 1.7,
        "weightedaveragenumberofsharesoutstandingbasic": 243000000,
        "weightedaveragenumberofdilutedsharesoutstanding": 245000000,
        "commonstockdividendspersharedeclared": 0.5056,
        "othercomprehensiveincomelossforeigncurrencytransactionandtranslationadjustmentnetoftax": 5000000,
        "othercomprehensiveincomelosscashflowhedgegainlossafterreclassificationandtax": 7000000,
        "othercomprehensiveincomelossnetoftax": 12000000,
        "comprehensiveincomenetoftaxincludingportionattributabletononcontrollinginterest": 429000000,
        "comprehensiveincomenetoftax": 428000000
    },
    {
        "date": "2024-06-29",
        "symbol": "CAH",
        "period": "Q4",
        "revenues": 59708000000,
        "costofgoodsandservicessold": 57855000000,
        "grossprofit": 1853000000,
        "sellinggeneralandadministrativeexpense": -2896000000,
        "restructuringcharges": 69000000,
        "amortizationandotheracquisitionrelatedcosts": 77000000,
        "gainlossonsalesofassetsandassetimpairmentcharges": -12000000,
        "gainlossrelatedtolitigationsettlement": -49000000,
        "operatingincomeloss": 408000000,
        "othernonoperatingincomeexpense": -16000000,
        "interestexpense": -4000000,
        "incomelossfromcontinuingoperationsbeforeincometaxesextraordinaryitemsnoncontrollinginterest": 396000000,
        "incometaxexpensebenefit": -244000000,
        "profitloss": 234000000,
        "netincomelossattributabletononcontrollinginterest": -2000000,
        "netincomeloss": 236000000,
        "weightedaveragenumberofsharesoutstandingbasic": 245000000,
        "weightedaveragenumberofdilutedsharesoutstanding": 247000000,
        "othercomprehensiveincomelossforeigncurrencytransactionandtranslationadjustmentnetoftax": 3000000,
        "othercomprehensiveincomelosscashflowhedgegainlossafterreclassificationandtax": -10000000,
        "othercomprehensiveincomelossnetoftax": -7000000,
        "comprehensiveincomenetoftaxincludingportionattributabletononcontrollinginterest": 227000000,
        "comprehensiveincomenetoftax": 229000000
    },
    {
        "date": "2024-03-30",
        "symbol": "CAH",
        "period": "Q3",
        "revenues": 54911000000,
        "costofgoodsandservicessold": 52964000000,
        "grossprofit": 1947000000,
        "sellinggeneralandadministrativeexpense": 1282000000,
        "restructuringcharges": 53000000,
        "amortizationandotheracquisitionrelatedcosts": 80000000,
        "gainlossonsalesofassetsandassetimpairmentcharges": -84000000,
        "gainlossrelatedtolitigationsettlement": -81000000,
        "operatingincomeloss": 367000000,
        "othernonoperatingincomeexpense": 7000000,
        "interestexpense": 33000000,
        "incomelossfromcontinuingoperationsbeforeincometaxesextraordinaryitemsnoncontrollinginterest": 341000000,
        "incometaxexpensebenefit": 82000000,
        "profitloss": 259000000,
        "netincomelossattributabletononcontrollinginterest": 1000000,
        "netincomeloss": 258000000,
        "incomelossfromcontinuingoperationsperbasicshare": 1.06,
        "incomelossfromcontinuingoperationsperdilutedshare": 1.05,
        "weightedaveragenumberofsharesoutstandingbasic": 243000000,
        "weightedaveragenumberofdilutedsharesoutstanding": 245000000,
        "commonstockdividendspersharedeclared": 0.5006,
        "othercomprehensiveincomelossforeigncurrencytransactionandtranslationadjustmentnetoftax": 1000000,
        "othercomprehensiveincomelosscashflowhedgegainlossafterreclassificationandtax": -6000000,
        "othercomprehensiveincomelossnetoftax": -5000000,
        "comprehensiveincomenetoftaxincludingportionattributabletononcontrollinginterest": 254000000,
        "comprehensiveincomenetoftax": 253000000
    },
    {
        "date": "2023-12-30",
        "symbol": "CAH",
        "period": "Q2",
        "revenues": 57445000000,
        "costofgoodsandservicessold": 55599000000,
        "grossprofit": 1846000000,
        "sellinggeneralandadministrativeexpense": 1283000000,
        "restructuringcharges": 28000000,
        "amortizationandotheracquisitionrelatedcosts": 63000000,
        "gainlossonsalesofassetsandassetimpairmentcharges": -1000000,
        "gainlossrelatedtolitigationsettlement": 11000000,
        "operatingincomeloss": 482000000,
        "othernonoperatingincomeexpense": 16000000,
        "interestexpense": 8000000,
        "incomelossfromcontinuingoperationsbeforeincometaxesextraordinaryitemsnoncontrollinginterest": 490000000,
        "incometaxexpensebenefit": 136000000,
        "profitloss": 354000000,
        "netincomelossattributabletononcontrollinginterest": 1000000,
        "netincomeloss": 353000000,
        "incomelossfromcontinuingoperationsperbasicshare": 1.44,
        "incomelossfromcontinuingoperationsperdilutedshare": 1.43,
        "weightedaveragenumberofsharesoutstandingbasic": 245000000,
        "weightedaveragenumberofdilutedsharesoutstanding": 246000000,
        "commonstockdividendspersharedeclared": 0.5006,
        "othercomprehensiveincomelossforeigncurrencytransactionandtranslationadjustmentnetoftax": 6000000,
        "othercomprehensiveincomelosscashflowhedgegainlossafterreclassificationandtax": 4000000,
        "othercomprehensiveincomelossnetoftax": 10000000,
        "comprehensiveincomenetoftaxincludingportionattributabletononcontrollinginterest": 364000000,
        "comprehensiveincomenetoftax": 363000000
    },
    {
        "date": "2023-09-29",
        "symbol": "CAH",
        "period": "Q1",
        "revenues": 54763000000,
        "costofgoodsandservicessold": 52995000000,
        "grossprofit": 1768000000,
        "sellinggeneralandadministrativeexpense": 1197000000,
        "restructuringcharges": 25000000,
        "amortizationandotheracquisitionrelatedcosts": 64000000,
        "gainlossonsalesofassetsandassetimpairmentcharges": -537000000,
        "gainlossrelatedtolitigationsettlement": 41000000,
        "operatingincomeloss": -14000000,
        "othernonoperatingincomeexpense": 2000000,
        "interestexpense": 14000000,
        "incomelossfromcontinuingoperationsbeforeincometaxesextraordinaryitemsnoncontrollinginterest": -26000000,
        "incometaxexpensebenefit": -32000000,
        "profitloss": 6000000,
        "netincomelossattributabletononcontrollinginterest": 1000000,
        "netincomeloss": 5000000,
        "earningspersharebasic": 0.02,
        "earningspersharediluted": 0.02,
        "weightedaveragenumberofsharesoutstandingbasic": 249000000,
        "weightedaveragenumberofdilutedsharesoutstanding": 250000000,
        "commonstockdividendspersharedeclared": 0.5006,
        "othercomprehensiveincomelossforeigncurrencytransactionandtranslationadjustmentnetoftax": -11000000,
        "othercomprehensiveincomelosscashflowhedgegainlossafterreclassificationandtax": -3000000,
        "othercomprehensiveincomelossnetoftax": -14000000,
        "comprehensiveincomenetoftaxincludingportionattributabletononcontrollinginterest": -8000000,
        "comprehensiveincomenetoftax": -9000000
    },
    {
        "date": "2023-06-29",
        "symbol": "CAH",
        "period": "Q4",
        "revenues": 1206000000,
        "costofgoodsandservicessold": 51626000000,
        "grossprofit": 1827000000,
        "sellinggeneralandadministrativeexpense": -2732000000,
        "restructuringcharges": 33000000,
        "amortizationandotheracquisitionrelatedcosts": 69000000,
        "gainlossonsalesofassetsandassetimpairmentcharges": -367000000,
        "gainlossrelatedtolitigationsettlement": 46000000,
        "operatingincomeloss": -449000000,
        "interestexpense": 15000000,
        "incomelossfromcontinuingoperationsbeforeincometaxesextraordinaryitemsnoncontrollinginterest": 121000000,
        "incometaxexpensebenefit": -271000000,
        "netincomeloss": -64000000,
        "weightedaveragenumberofsharesoutstandingbasic": -2000000,
        "weightedaveragenumberofdilutedsharesoutstanding": -2000000,
        "othercomprehensiveincomelossforeigncurrencytransactionandtranslationadjustmentnetoftax": -1000000,
        "othercomprehensiveincomelossnetoftax": -9000000,
        "comprehensiveincomenetoftaxincludingportionattributabletononcontrollinginterest": -75000000,
        "comprehensiveincomenetoftax": -73000000
    },
    {
        "date": "2023-03-30",
        "symbol": "CAH",
        "period": "Q3",
        "revenues": 50487000000,
        "costofgoodsandservicessold": 48702000000,
        "grossprofit": 1785000000,
        "sellinggeneralandadministrativeexpense": 1179000000,
        "restructuringcharges": 16000000,
        "amortizationandotheracquisitionrelatedcosts": 74000000,
        "gainlossonsalesofassetsandassetimpairmentcharges": -20000000,
        "gainlossrelatedtolitigationsettlement": 76000000,
        "operatingincomeloss": 572000000,
        "othernonoperatingincomeexpense": 0,
        "interestexpense": 28000000,
        "incomelossfromcontinuingoperationsbeforeincometaxesextraordinaryitemsnoncontrollinginterest": 544000000,
        "incometaxexpensebenefit": 197000000,
        "profitloss": 347000000,
        "netincomeloss": 345000000,
        "weightedaveragenumberofsharesoutstandingbasic": -3000000,
        "weightedaveragenumberofdilutedsharesoutstanding": -2000000,
        "commonstockdividendspersharedeclared": 0.4957000000000001,
        "othercomprehensiveincomelossforeigncurrencytransactionandtranslationadjustmentnetoftax": 4000000,
        "othercomprehensiveincomelosscashflowhedgegainlossafterreclassificationandtax": 0,
        "othercomprehensiveincomelossnetoftax": 4000000,
        "comprehensiveincomenetoftaxincludingportionattributabletononcontrollinginterest": 351000000,
        "comprehensiveincomenetoftax": 349000000
    },
    {
        "date": "2022-12-30",
        "symbol": "CAH",
        "period": "Q2",
        "revenues": 99943000000,
        "costofgoodsandservicessold": 49806000000,
        "grossprofit": 1663000000,
        "sellinggeneralandadministrativeexpense": 1191000000,
        "restructuringcharges": 17000000,
        "amortizationandotheracquisitionrelatedcosts": 71000000,
        "gainlossonsalesofassetsandassetimpairmentcharges": -710000000,
        "gainlossrelatedtolitigationsettlement": 207000000,
        "operatingincomeloss": 304000000,
        "othernonoperatingincomeexpense": 7000000,
        "interestexpense": 25000000,
        "incomelossfromcontinuingoperationsbeforeincometaxesextraordinaryitemsnoncontrollinginterest": -137000000,
        "incometaxexpensebenefit": -7000000,
        "profitloss": -20000000,
        "netincomelossattributabletononcontrollinginterest": 0,
        "netincomeloss": -130000000,
        "weightedaveragenumberofsharesoutstandingbasic": -5000000,
        "weightedaveragenumberofdilutedsharesoutstanding": -7000000,
        "commonstockdividendspersharedeclared": 0.4957,
        "othercomprehensiveincomelossforeigncurrencytransactionandtranslationadjustmentnetoftax": 20000000,
        "othercomprehensiveincomelosscashflowhedgegainlossafterreclassificationandtax": 10000000,
        "othercomprehensiveincomelossnetoftax": 30000000,
        "comprehensiveincomenetoftaxincludingportionattributabletononcontrollinginterest": -100000000,
        "comprehensiveincomenetoftax": -100000000
    },
    {
        "date": "2022-09-29",
        "symbol": "CAH",
        "period": "Q1",
        "revenues": 1129000000,
        "costofgoodsandservicessold": 47989000000,
        "grossprofit": 1614000000,
        "sellinggeneralandadministrativeexpense": 1197000000,
        "restructuringcharges": 29000000,
        "amortizationandotheracquisitionrelatedcosts": 71000000,
        "gainlossonsalesofassetsandassetimpairmentcharges": -153000000,
        "gainlossrelatedtolitigationsettlement": -27000000,
        "operatingincomeloss": -286000000,
        "othernonoperatingincomeexpense": -2000000,
        "interestexpense": 25000000,
        "incomelossfromcontinuingoperationsbeforeincometaxesextraordinaryitemsnoncontrollinginterest": 110000000,
        "incometaxexpensebenefit": -1000000,
        "profitloss": 1000000,
        "netincomelossattributabletononcontrollinginterest": 1000000,
        "netincomeloss": 110000000,
        "earningspersharebasic": 0.41,
        "earningspersharediluted": 0.4,
        "weightedaveragenumberofsharesoutstandingbasic": 271000000,
        "weightedaveragenumberofdilutedsharesoutstanding": 273000000,
        "commonstockdividendspersharedeclared": 0.4957,
        "othercomprehensiveincomelossforeigncurrencytransactionandtranslationadjustmentnetoftax": -58000000,
        "othercomprehensiveincomelosscashflowhedgegainlossafterreclassificationandtax": -4000000,
        "othercomprehensiveincomelossnetoftax": -62000000,
        "comprehensiveincomenetoftaxincludingportionattributabletononcontrollinginterest": 49000000,
        "comprehensiveincomenetoftax": 48000000
    },
    {
        "date": "2022-06-29",
        "symbol": "CAH",
        "period": "Q4",
        "revenues": 47103000000,
        "costofgoodsandservicessold": 45498000000,
        "grossprofit": 1605000000,
        "sellinggeneralandadministrativeexpense": 1155000000,
        "restructuringcharges": 45000000,
        "amortizationandotheracquisitionrelatedcosts": 87000000,
        "gainlossonsalesofassetsandassetimpairmentcharges": -286000000,
        "gainlossrelatedtolitigationsettlement": 4000000,
        "operatingincomeloss": 36000000,
        "othernonoperatingincomeexpense": -30000000,
        "interestexpense": 34000000,
        "incomelossfromcontinuingoperationsbeforeincometaxesextraordinaryitemsnoncontrollinginterest": -28000000,
        "incometaxexpensebenefit": -165000000,
        "profitloss": 137000000,
        "netincomeloss": 138000000,
        "weightedaveragenumberofsharesoutstandingbasic": -2000000,
        "weightedaveragenumberofdilutedsharesoutstanding": -2000000,
        "othercomprehensiveincomelossforeigncurrencytransactionandtranslationadjustmentnetoftax": -9000000,
        "othercomprehensiveincomelosscashflowhedgegainlossafterreclassificationandtax": -28000000,
        "othercomprehensiveincomelossnetoftax": -37000000,
        "comprehensiveincomenetoftaxincludingportionattributabletononcontrollinginterest": 100000000,
        "comprehensiveincomenetoftax": 101000000
    },
    {
        "date": "2022-03-30",
        "symbol": "CAH",
        "period": "Q3",
        "revenues": 44836000000,
        "costofgoodsandservicessold": 43154000000,
        "grossprofit": 1682000000,
        "sellinggeneralandadministrativeexpense": 1137000000,
        "restructuringcharges": 31000000,
        "amortizationandotheracquisitionrelatedcosts": 79000000,
        "gainlossonsalesofassetsandassetimpairmentcharges": -471000000,
        "gainlossrelatedtolitigationsettlement": -61000000,
        "operatingincomeloss": -97000000,
        "othernonoperatingincomeexpense": -3000000,
        "interestexpense": 38000000,
        "gainslossesonextinguishmentofdebt": 0,
        "incomelossfromcontinuingoperationsbeforeincometaxesextraordinaryitemsnoncontrollinginterest": -137000000,
        "incometaxexpensebenefit": 1253000000,
        "profitloss": -1390000000,
        "netincomeloss": -1391000000,
        "weightedaveragenumberofsharesoutstandingbasic": -2000000,
        "weightedaveragenumberofdilutedsharesoutstanding": -4000000,
        "commonstockdividendspersharedeclared": 0.4907999999999999,
        "othercomprehensiveincomelossforeigncurrencytransactionandtranslationadjustmentnetoftax": -4000000,
        "othercomprehensiveincomelosscashflowhedgegainlossafterreclassificationandtax": 12000000,
        "othercomprehensiveincomelossnetoftax": 8000000,
        "comprehensiveincomenetoftaxincludingportionattributabletononcontrollinginterest": -1382000000,
        "comprehensiveincomenetoftax": -1383000000
    },
    {
        "date": "2021-12-30",
        "symbol": "CAH",
        "period": "Q2",
        "revenues": 88295000000,
        "costofgoodsandservicessold": 43841000000,
        "grossprofit": 1616000000,
        "sellinggeneralandadministrativeexpense": 1151000000,
        "restructuringcharges": 7000000,
        "amortizationandotheracquisitionrelatedcosts": 79000000,
        "gainlossonsalesofassetsandassetimpairmentcharges": -1295000000,
        "gainlossrelatedtolitigationsettlement": -34000000,
        "operatingincomeloss": -421000000,
        "othernonoperatingincomeexpense": 13000000,
        "interestexpense": 37000000,
        "gainslossesonextinguishmentofdebt": -20000000,
        "incomelossfromcontinuingoperationsbeforeincometaxesextraordinaryitemsnoncontrollinginterest": -973000000,
        "incometaxexpensebenefit": -1022000000,
        "profitloss": 320000000,
        "netincomelossattributabletononcontrollinginterest": 0,
        "netincomeloss": 49000000,
        "weightedaveragenumberofsharesoutstandingbasic": -4000000,
        "weightedaveragenumberofdilutedsharesoutstanding": -4000000,
        "commonstockdividendspersharedeclared": 0.4908,
        "othercomprehensiveincomelossforeigncurrencytransactionandtranslationadjustmentnetoftax": -18000000,
        "othercomprehensiveincomelosscashflowhedgegainlossafterreclassificationandtax": -6000000,
        "othercomprehensiveincomelossnetoftax": -24000000,
        "comprehensiveincomenetoftaxincludingportionattributabletononcontrollinginterest": 25000000,
        "comprehensiveincomenetoftax": 25000000
    },
    {
        "date": "2021-09-29",
        "symbol": "CAH",
        "period": "Q1",
        "revenues": 1130000000,
        "costofgoodsandservicessold": 42326000000,
        "grossprofit": 1642000000,
        "sellinggeneralandadministrativeexpense": 1114000000,
        "restructuringcharges": 18000000,
        "amortizationandotheracquisitionrelatedcosts": 79000000,
        "gainlossonsalesofassetsandassetimpairmentcharges": 2000000,
        "gainlossrelatedtolitigationsettlement": -18000000,
        "operatingincomeloss": -114000000,
        "othernonoperatingincomeexpense": 4000000,
        "interestexpense": 40000000,
        "gainslossesonextinguishmentofdebt": 10000000,
        "incomelossfromcontinuingoperationsbeforeincometaxesextraordinaryitemsnoncontrollinginterest": 369000000,
        "incometaxexpensebenefit": 97000000,
        "profitloss": 1000000,
        "netincomelossattributabletononcontrollinginterest": 1000000,
        "netincomeloss": 271000000,
        "earningspersharebasic": 0.94,
        "earningspersharediluted": 0.94,
        "weightedaveragenumberofsharesoutstandingbasic": 287000000,
        "weightedaveragenumberofdilutedsharesoutstanding": 289000000,
        "commonstockdividendspersharedeclared": 0.4908,
        "othercomprehensiveincomelossforeigncurrencytransactionandtranslationadjustmentnetoftax": -25000000,
        "othercomprehensiveincomelosscashflowhedgegainlossafterreclassificationandtax": -2000000,
        "othercomprehensiveincomelossnetoftax": -27000000,
        "comprehensiveincomenetoftaxincludingportionattributabletononcontrollinginterest": 245000000,
        "comprehensiveincomenetoftax": 244000000
    },
    {
        "date": "2020-12-30",
        "symbol": "CAH",
        "period": "Q2",
        "revenues": 41541000000,
        "costofgoodsandservicessold": 39765000000,
        "grossprofit": 1776000000,
        "sellinggeneralandadministrativeexpense": 1147000000,
        "restructuringcharges": 20000000,
        "amortizationandotheracquisitionrelatedcosts": 116000000,
        "gainlossonsalesofassetsandassetimpairmentcharges": 0,
        "gainlossrelatedtolitigationsettlement": -32000000,
        "operatingincomeloss": 461000000,
        "othernonoperatingincomeexpense": 12000000,
        "interestexpense": 46000000,
        "incomelossfromcontinuingoperationsbeforeincometaxesminorityinterestandincomelossfromequitymethodinvestments": 427000000,
        "incometaxexpensebenefit": 1023000000,
        "profitloss": 630000000,
        "netincomeloss": 629000000,
        "weightedaveragenumberofsharesoutstandingbasic": 0,
        "weightedaveragenumberofdilutedsharesoutstanding": 2000000,
        "commonstockdividendspersharedeclared": 0.4859,
        "othercomprehensiveincomelossforeigncurrencytransactionandtranslationadjustmentnetoftax": 21000000,
        "othercomprehensiveincomelossderivativesqualifyingashedgesnetoftax": 13000000,
        "othercomprehensiveincomelossnetoftax": 34000000,
        "comprehensiveincomenetoftaxincludingportionattributabletononcontrollinginterest": 664000000,
        "comprehensiveincomenetoftax": 663000000
    },
    {
        "date": "2020-09-29",
        "symbol": "CAH",
        "period": "Q1",
        "revenues": 39065000000,
        "costofgoodsandservicessold": 37350000000,
        "grossprofit": 1715000000,
        "sellinggeneralandadministrativeexpense": 1137000000,
        "restructuringcharges": 37000000,
        "amortizationandotheracquisitionrelatedcosts": 118000000,
        "gainlossonsalesofassetsandassetimpairmentcharges": -9000000,
        "gainlossrelatedtolitigationsettlement": -1038000000,
        "operatingincomeloss": -624000000,
        "othernonoperatingincomeexpense": 7000000,
        "interestexpense": 45000000,
        "extinguishmentofdebtamount": 1000000,
        "incomelossfromcontinuingoperationsbeforeincometaxesminorityinterestandincomelossfromequitymethodinvestments": -663000000,
        "incometaxexpensebenefit": -410000000,
        "profitloss": -253000000,
        "netincomeloss": -253000000,
        "earningspersharebasic": -0.86,
        "earningspersharediluted": -0.86,
        "weightedaveragenumberofsharesoutstandingbasic": 293000000,
        "weightedaveragenumberofdilutedsharesoutstanding": 293000000,
        "commonstockdividendspersharedeclared": 0.4859,
        "othercomprehensiveincomelossforeigncurrencytransactionandtranslationadjustmentnetoftax": 12000000,
        "othercomprehensiveincomelossderivativesqualifyingashedgesnetoftax": 5000000,
        "othercomprehensiveincomelossnetoftax": 17000000,
        "comprehensiveincomenetoftaxincludingportionattributabletononcontrollinginterest": -236000000,
        "comprehensiveincomenetoftax": -236000000
    },
    {
        "date": "2020-03-30",
        "symbol": "CAH",
        "period": "Q3",
        "profitloss": 351000000,
        "othercomprehensiveincomelossforeigncurrencytransactionandtranslationadjustmentnetoftax": -17000000,
        "othercomprehensiveincomelossderivativesqualifyingashedgesnetoftax": -21000000,
        "othercomprehensiveincomelossnetoftax": -38000000,
        "comprehensiveincomenetoftaxincludingportionattributabletononcontrollinginterest": 313000000,
        "netincomelossattributabletononcontrollinginterest": 1000000,
        "comprehensiveincomenetoftax": 312000000,
        "revenues": 39157000000,
        "costofgoodsandservicessold": 37272000000,
        "grossprofit": 1885000000,
        "sellinggeneralandadministrativeexpense": 1165000000,
        "restructuringcharges": -6000000,
        "amortizationandotheracquisitionrelatedcosts": 130000000,
        "gainlossonsalesofassetsandassetimpairmentcharges": 1000000,
        "gainlossrelatedtolitigationsettlement": -35000000,
        "operatingincomeloss": 562000000,
        "othernonoperatingincomeexpense": -19000000,
        "interestexpense": 60000000,
        "gainslossesonextinguishmentofdebt": -5000000,
        "incomelossfromcontinuingoperationsbeforeincometaxesminorityinterestandincomelossfromequitymethodinvestments": 478000000,
        "incometaxexpensebenefit": 127000000,
        "netincomeloss": 350000000,
        "incomelossfromcontinuingoperationsperbasicshare": 1.2,
        "incomelossfromcontinuingoperationsperdilutedshare": 1.19,
        "weightedaveragenumberofsharesoutstandingbasic": 292000000,
        "weightedaveragenumberofdilutedsharesoutstanding": 294000000,
        "commonstockdividendspersharedeclared": 0.4811
    },
    {
        "date": "2019-09-29",
        "symbol": "CAH",
        "period": "Q1",
        "profitloss": -4921000000,
        "othercomprehensiveincomelossforeigncurrencytransactionandtranslationadjustmentnetoftax": -17000000,
        "othercomprehensiveincomelossderivativesqualifyingashedgesnetoftax": -5000000,
        "othercomprehensiveincomelossnetoftax": -22000000,
        "comprehensiveincomenetoftaxincludingportionattributabletononcontrollinginterest": -4943000000,
        "netincomelossattributabletononcontrollinginterest": 1000000,
        "comprehensiveincomenetoftax": -4944000000,
        "revenues": 37341000000,
        "costofgoodsandservicessold": 35662000000,
        "grossprofit": 1679000000,
        "sellinggeneralandadministrativeexpense": 1107000000,
        "restructuringcharges": 30000000,
        "amortizationandotheracquisitionrelatedcosts": 132000000,
        "gainlossonsalesofassetsandassetimpairmentcharges": -1000000,
        "gainlossrelatedtolitigationsettlement": -5673000000,
        "operatingincomeloss": -5264000000,
        "othernonoperatingincomeexpense": -14000000,
        "interestexpense": 66000000,
        "incomelossfromcontinuingoperationsbeforeincometaxesminorityinterestandincomelossfromequitymethodinvestments": -5344000000,
        "incometaxexpensebenefit": -423000000,
        "netincomeloss": -4922000000,
        "earningspersharebasic": -16.65,
        "earningspersharediluted": -16.65,
        "weightedaveragenumberofsharesoutstandingbasic": 296000000,
        "weightedaveragenumberofdilutedsharesoutstanding": 296000000,
        "commonstockdividendspersharedeclared": 0.4811
    },
    {
        "date": "2019-03-30",
        "symbol": "CAH",
        "period": "Q3",
        "profitloss": -874000000,
        "othercomprehensiveincomelossforeigncurrencytransactionandtranslationadjustmentnetoftax": 13000000,
        "othercomprehensiveincomelossderivativesqualifyingashedgesnetoftax": -1000000,
        "othercomprehensiveincomelossnetoftax": 13000000,
        "comprehensiveincomenetoftaxincludingportionattributabletononcontrollinginterest": 307000000,
        "netincomelossattributabletononcontrollinginterest": -1000000,
        "comprehensiveincomenetoftax": 308000000,
        "revenues": 1002000000,
        "costofgoodsandservicessold": 33465000000,
        "grossprofit": 1763000000,
        "sellinggeneralandadministrativeexpense": 1096000000,
        "restructuringcharges": 53000000,
        "amortizationandotheracquisitionrelatedcosts": 155000000,
        "gainlossonsalesofassetsandassetimpairmentcharges": -11000000,
        "gainlossrelatedtolitigationsettlement": -16000000,
        "operatingincomeloss": 536000000,
        "othernonoperatingincomeexpense": 11000000,
        "interestexpense": 74000000,
        "incomelossfromcontinuingoperationsbeforeincometaxesminorityinterestandincomelossfromequitymethodinvestments": 369000000,
        "incometaxexpensebenefit": 74000000,
        "netincomeloss": 296000000,
        "incomelossfromcontinuingoperationsperbasicshare": 1.0000000000000002,
        "weightedaveragenumberofsharesoutstandingbasic": -303000000,
        "weightedaveragenumberofdilutedsharesoutstanding": -304000000,
        "commonstockdividendspersharedeclared": 0.4763000000000001
    },
    {
        "date": "2018-12-30",
        "symbol": "CAH",
        "period": "Q2",
        "profitloss": 281000000,
        "othercomprehensiveincomelossforeigncurrencytransactionandtranslationadjustmentnetoftax": -26000000,
        "othercomprehensiveincomelossderivativesqualifyingashedgesnetoftax": -1000000,
        "othercomprehensiveincomelossnetoftax": -27000000,
        "comprehensiveincomenetoftaxincludingportionattributabletononcontrollinginterest": 254000000,
        "netincomelossattributabletononcontrollinginterest": 1000000,
        "comprehensiveincomenetoftax": 253000000,
        "revenues": 1030000000,
        "costofgoodsandservicessold": 36010000000,
        "grossprofit": 1730000000,
        "sellinggeneralandadministrativeexpense": 1064000000,
        "restructuringcharges": 12000000,
        "amortizationandotheracquisitionrelatedcosts": 157000000,
        "gainlossonsalesofassetsandassetimpairmentcharges": -8000000,
        "gainlossrelatedtolitigationsettlement": 15000000,
        "operatingincomeloss": 443000000,
        "othernonoperatingincomeexpense": -21000000,
        "interestexpense": 76000000,
        "incomelossfromcontinuingoperationsbeforeincometaxesminorityinterestandincomelossfromequitymethodinvestments": 407000000,
        "incometaxexpensebenefit": 126000000,
        "netincomeloss": 280000000,
        "incomelossfromcontinuingoperationsperbasicshare": 0.94,
        "incomelossfromcontinuingoperationsperdilutedshare": 0.93,
        "weightedaveragenumberofsharesoutstandingbasic": 299000000,
        "weightedaveragenumberofdilutedsharesoutstanding": 300000000,
        "commonstockdividendspersharedeclared": 0.4763
    },
    {
        "date": "2018-09-29",
        "symbol": "CAH",
        "period": "Q1",
        "profitloss": 594000000,
        "othercomprehensiveincomelossforeigncurrencytransactionandtranslationadjustmentnetoftax": -3000000,
        "othercomprehensiveincomelossderivativesqualifyingashedgesnetoftax": -1000000,
        "othercomprehensiveincomelossnetoftax": -5000000,
        "comprehensiveincomenetoftaxincludingportionattributabletononcontrollinginterest": 590000000,
        "netincomelossattributabletononcontrollinginterest": 1000000,
        "comprehensiveincomenetoftax": 589000000,
        "revenues": 972000000,
        "costofgoodsandservicessold": 33546000000,
        "grossprofit": 1667000000,
        "sellinggeneralandadministrativeexpense": 1155000000,
        "restructuringcharges": 32000000,
        "amortizationandotheracquisitionrelatedcosts": 156000000,
        "gainlossonsalesofassetsandassetimpairmentcharges": 511000000,
        "gainlossrelatedtolitigationsettlement": -19000000,
        "operatingincomeloss": 409000000,
        "othernonoperatingincomeexpense": -3000000,
        "interestexpense": 77000000,
        "incomelossfromcontinuingoperationsbeforeincometaxesminorityinterestandincomelossfromequitymethodinvestments": 736000000,
        "incometaxexpensebenefit": 142000000,
        "netincomeloss": 593000000,
        "incomelossfromcontinuingoperationsperbasicshare": 1.95,
        "incomelossfromdiscontinuedoperationsnetoftaxperbasicshare": 1.94,
        "weightedaveragenumberofsharesoutstandingbasic": 305000000,
        "weightedaveragenumberofdilutedsharesoutstanding": 306000000,
        "commonstockdividendspersharedeclared": 0.4763
    },
    {
        "date": "2017-09-29",
        "symbol": "CAH",
        "period": "Q1",
        "profitloss": 117000000,
        "othercomprehensiveincomelossforeigncurrencytransactionandtranslationadjustmentnetoftax": 40000000,
        "othercomprehensiveincomelossderivativesqualifyingashedgesnetoftax": -1000000,
        "othercomprehensiveincomelossnetoftax": 39000000,
        "comprehensiveincomenetoftaxincludingportionattributabletononcontrollinginterest": 156000000,
        "comprehensiveincomenetoftaxattributabletononcontrollinginterest": 2000000,
        "comprehensiveincomenetoftax": 154000000,
        "revenues": 28920000000,
        "costofgoodssold": 30969000000,
        "grossprofit": 1672000000,
        "sellinggeneralandadministrativeexpense": 1062000000,
        "restructuringcharges": 132000000,
        "amortizationandotheracquisitionrelatedcosts": 183000000,
        "gainlossonsalesofassetsandassetimpairmentcharges": -1000000,
        "gainlossrelatedtolitigationsettlement": -32000000,
        "operatingincomeloss": 467000000,
        "othernonoperatingincomeexpense": -2000000,
        "interestexpense": 81000000,
        "gainslossesonextinguishmentofdebt": -1000000,
        "incomelossfromcontinuingoperationsbeforeincometaxesminorityinterestandincomelossfromequitymethodinvestments": 178000000,
        "incometaxexpensebenefit": 61000000,
        "netincomelossattributabletononcontrollinginterest": 2000000,
        "netincomeloss": 115000000,
        "incomelossfromcontinuingoperationsperbasicshare": 0.36,
        "incomelossfromdiscontinuedoperationsnetoftaxperbasicshare": 0.36,
        "weightedaveragenumberofsharesoutstandingbasic": 316000000,
        "weightedaveragenumberofdilutedsharesoutstanding": 318000000,
        "commonstockdividendspersharedeclared": 0.4624
    },
    {
        "date": "2017-03-30",
        "symbol": "CAH",
        "period": "Q3",
        "profitloss": 382000000,
        "othercomprehensiveincomelossforeigncurrencytransactionandtranslationadjustmentnetoftax": 33000000,
        "othercomprehensiveincomelossderivativesqualifyingashedgesnetoftax": 2000000,
        "othercomprehensiveincomelossnetoftax": 35000000,
        "comprehensiveincomenetoftaxincludingportionattributabletononcontrollinginterest": 417000000,
        "comprehensiveincomenetoftaxattributabletononcontrollinginterest": 1000000,
        "comprehensiveincomenetoftax": 416000000,
        "revenues": 28406000000,
        "costofgoodssold": 30093000000,
        "grossprofit": 1728000000,
        "sellinggeneralandadministrativeexpense": 960000000,
        "restructuringcharges": 15000000,
        "amortizationandotheracquisitionrelatedcosts": 128000000,
        "gainlossonsalesofassetsandassetimpairmentcharges": -2000000,
        "gainlossrelatedtolitigationsettlement": -18000000,
        "operatingincomeloss": 611000000,
        "othernonoperatingincomeexpense": 5000000,
        "interestexpense": 46000000,
        "incomelossfromcontinuingoperationsbeforeincometaxesminorityinterestandincomelossfromequitymethodinvestments": 564000000,
        "incometaxexpensebenefit": 182000000,
        "netincomelossattributabletononcontrollinginterest": 1000000,
        "netincomeloss": 381000000,
        "incomelossfromcontinuingoperationsperbasicshare": 1.21,
        "incomelossfromdiscontinuedoperationsnetoftaxperbasicshare": 1.2,
        "weightedaveragenumberofsharesoutstandingbasic": 316000000,
        "weightedaveragenumberofdilutedsharesoutstanding": 318000000,
        "commonstockdividendspersharedeclared": 0.4489
    },
    {
        "date": "2016-09-29",
        "symbol": "CAH",
        "period": "Q1",
        "profitloss": 310000000,
        "othercomprehensiveincomelossforeigncurrencytransactionandtranslationadjustmentnetoftax": -1000000,
        "othercomprehensiveincomelossderivativesqualifyingashedgesnetoftax": 1000000,
        "othercomprehensiveincomelossnetoftax": 1000000,
        "comprehensiveincomenetoftaxincludingportionattributabletononcontrollinginterest": 310000000,
        "comprehensiveincomenetoftaxattributabletononcontrollinginterest": 1000000,
        "comprehensiveincomenetoftax": 309000000,
        "revenues": 28762000000,
        "costofgoodssold": 30449000000,
        "grossprofit": 1590000000,
        "sellinggeneralandadministrativeexpense": 920000000,
        "restructuringcharges": 9000000,
        "amortizationandotheracquisitionrelatedcosts": 122000000,
        "gainlossonsalesofassetsandassetimpairmentcharges": -3000000,
        "gainlossrelatedtolitigationsettlement": -1000000,
        "operatingincomeloss": 534000000,
        "othernonoperatingincomeexpense": 3000000,
        "interestexpense": 44000000,
        "incomelossfromcontinuingoperationsbeforeincometaxesminorityinterestandincomelossfromequitymethodinvestments": 494000000,
        "incometaxexpensebenefit": 184000000,
        "netincomelossattributabletononcontrollinginterest": 1000000,
        "netincomeloss": 309000000,
        "incomelossfromcontinuingoperationsperbasicshare": 0.97,
        "incomelossfromdiscontinuedoperationsnetoftaxperbasicshare": 0.96,
        "weightedaveragenumberofsharesoutstandingbasic": 320000000,
        "weightedaveragenumberofdilutedsharesoutstanding": 322000000,
        "commonstockdividendspersharedeclared": 0.4489
    },
    {
        "date": "2015-09-29",
        "symbol": "CAH",
        "period": "Q1",
        "profitloss": 384000000,
        "othercomprehensiveincomelossforeigncurrencytransactionandtranslationadjustmentnetoftax": -44000000,
        "othercomprehensiveincomelossderivativesqualifyingashedgesnetoftax": -1000000,
        "othercomprehensiveincomelossnetoftax": -45000000,
        "comprehensiveincomenetoftaxincludingportionattributabletononcontrollinginterest": 339000000,
        "comprehensiveincomenetoftaxattributabletononcontrollinginterest": 1000000,
        "comprehensiveincomenetoftax": 338000000,
        "revenues": 28055000000,
        "costofgoodssold": 26476000000,
        "grossprofit": 1579000000,
        "sellinggeneralandadministrativeexpense": 842000000,
        "restructuringcharges": 12000000,
        "amortizationandotheracquisitionrelatedcosts": 105000000,
        "operatingincomeloss": 620000000,
        "othernonoperatingincomeexpense": -8000000,
        "interestexpense": 44000000,
        "incomelossfromcontinuingoperationsbeforeincometaxesminorityinterestandincomelossfromequitymethodinvestments": 568000000,
        "incometaxexpensebenefit": 184000000,
        "netincomelossattributabletononcontrollinginterest": 1000000,
        "netincomeloss": 383000000,
        "earningspersharebasic": 1.17,
        "earningspersharediluted": 1.15,
        "weightedaveragenumberofsharesoutstandingbasic": 328000000,
        "weightedaveragenumberofdilutedsharesoutstanding": 331000000,
        "commonstockdividendspersharedeclared": 0.387
    },
    {
        "date": "2015-03-30",
        "symbol": "CAH",
        "period": "Q3",
        "netincomeloss": 365000000,
        "othercomprehensiveincomeforeigncurrencytransactionandtranslationadjustmentnetoftaxportionattributabletoparent": -53000000,
        "othercomprehensiveincomelossnetoftaxportionattributabletoparent": -50000000,
        "comprehensiveincomenetoftax": 315000000,
        "revenues": 28230000000,
        "costofgoodssold": 23917000000,
        "grossprofit": 1459000000,
        "sellinggeneralandadministrativeexpense": 803000000,
        "restructuringcharges": 7000000,
        "amortizationandotheracquisitionrelatedcosts": 77000000,
        "gainlossrelatedtolitigationsettlement": 18000000,
        "operatingincomeloss": 668000000,
        "othernonoperatingincomeexpense": 2000000,
        "interestexpense": 35000000,
        "incomelossfromcontinuingoperationsbeforeincometaxesminorityinterestandincomelossfromequitymethodinvestments": 558000000,
        "incometaxexpensebenefit": 193000000,
        "incomelossfromcontinuingoperations": 365000000,
        "incomelossfromcontinuingoperationsperbasicshare": 1.1099999999999999,
        "earningspersharebasic": 1.1099999999999999,
        "incomelossfromcontinuingoperationsperdilutedshare": 1.1000000000000003,
        "earningspersharediluted": 1.1000000000000003,
        "weightedaveragenumberofsharesoutstandingbasic": -335000000,
        "weightedaveragenumberofdilutedsharesoutstanding": -338000000,
        "commonstockdividendspersharedeclared": 0.3425
    },
    {
        "date": "2014-12-30",
        "symbol": "CAH",
        "period": "Q2",
        "netincomeloss": 289000000,
        "othercomprehensiveincomeforeigncurrencytransactionandtranslationadjustmentnetoftaxportionattributabletoparent": -40000000,
        "othercomprehensiveincomelossderivativesqualifyingashedgesnetoftax": -9000000,
        "othercomprehensiveincomelossnetoftaxportionattributabletoparent": -49000000,
        "comprehensiveincomenetoftax": 240000000,
        "revenues": 25541000000,
        "costofgoodssold": 24083000000,
        "grossprofit": 1454000000,
        "sellinggeneralandadministrativeexpense": 815000000,
        "restructuringcharges": 7000000,
        "amortizationandotheracquisitionrelatedcosts": 60000000,
        "gainlossonsalesofassetsandassetimpairmentcharges": 1000000,
        "gainlossrelatedtolitigationsettlement": -44000000,
        "operatingincomeloss": 657000000,
        "othernonoperatingincomeexpense": 1000000,
        "interestexpense": 36000000,
        "gainslossesonextinguishmentofdebt": -60000000,
        "incomelossfromcontinuingoperationsbeforeincometaxesminorityinterestandincomelossfromequitymethodinvestments": 451000000,
        "incometaxexpensebenefit": 162000000,
        "incomelossfromcontinuingoperations": 289000000,
        "incomelossfromcontinuingoperationsperbasicshare": 0.87,
        "earningspersharebasic": 0.87,
        "incomelossfromcontinuingoperationsperdilutedshare": 0.86,
        "earningspersharediluted": 0.86,
        "weightedaveragenumberofsharesoutstandingbasic": 331000000,
        "weightedaveragenumberofdilutedsharesoutstanding": 334000000,
        "commonstockdividendspersharedeclared": 0.3425
    },
    {
        "date": "2014-09-29",
        "symbol": "CAH",
        "period": "Q1",
        "netincomeloss": 266000000,
        "othercomprehensiveincomeforeigncurrencytransactionandtranslationadjustmentnetoftaxportionattributabletoparent": -24000000,
        "othercomprehensiveincomelossnetoftaxportionattributabletoparent": -24000000,
        "comprehensiveincomenetoftax": 242000000,
        "revenues": 21209000000,
        "costofgoodssold": 22729000000,
        "grossprofit": 1341000000,
        "sellinggeneralandadministrativeexpense": 775000000,
        "restructuringcharges": 19000000,
        "amortizationandotheracquisitionrelatedcosts": 53000000,
        "gainlossrelatedtolitigationsettlement": -28000000,
        "operatingincomeloss": 564000000,
        "othernonoperatingincomeexpense": 3000000,
        "interestexpense": 34000000,
        "incomelossfromcontinuingoperationsbeforeincometaxesminorityinterestandincomelossfromequitymethodinvestments": 435000000,
        "incometaxexpensebenefit": 169000000,
        "incomelossfromcontinuingoperations": 266000000,
        "incomelossfromcontinuingoperationsperbasicshare": 0.79,
        "earningspersharebasic": 0.79,
        "incomelossfromcontinuingoperationsperdilutedshare": 0.78,
        "earningspersharediluted": 0.78,
        "weightedaveragenumberofsharesoutstandingbasic": 336000000,
        "weightedaveragenumberofdilutedsharesoutstanding": 340000000,
        "commonstockdividendspersharedeclared": 0.3425
    },
    {
        "date": "2013-12-30",
        "symbol": "CAH",
        "period": "Q2",
        "netincomeloss": 278000000,
        "othercomprehensiveincomeforeigncurrencytransactionandtranslationadjustmentnetoftaxportionattributabletoparent": 4000000,
        "othercomprehensiveincomelossderivativesqualifyingashedgesnetoftax": 3000000,
        "othercomprehensiveincomelossnetoftaxportionattributabletoparent": 7000000,
        "comprehensiveincomenetoftax": 285000000,
        "revenues": -2000000,
        "costofgoodssold": 20895000000,
        "grossprofit": 1345000000,
        "sellinggeneralandadministrativeexpense": 766000000,
        "restructuringcharges": 6000000,
        "amortizationandotheracquisitionrelatedcosts": 56000000,
        "gainlossonsalesofassetsandassetimpairmentcharges": -9000000,
        "gainlossrelatedtolitigationsettlement": 15000000,
        "operatingincomeloss": 482000000,
        "othernonoperatingincomeexpense": 6000000,
        "interestexpense": 33000000,
        "incomelossfromcontinuingoperationsbeforeincometaxesminorityinterestandincomelossfromequitymethodinvestments": 492000000,
        "incometaxexpensebenefit": 217000000,
        "incomelossfromcontinuingoperations": 275000000,
        "incomelossfromdiscontinuedoperationsnetoftax": 3000000,
        "incomelossfromcontinuingoperationsperbasicshare": 0.8,
        "incomelossfromdiscontinuedoperationsnetoftaxperbasicshare": 0.01,
        "earningspersharebasic": 0.81,
        "incomelossfromcontinuingoperationsperdilutedshare": 0.79,
        "incomelossfromdiscontinuedoperationsnetoftaxperdilutedshare": 0.01,
        "earningspersharediluted": 0.8,
        "weightedaveragenumberofsharesoutstandingbasic": 342000000,
        "weightedaveragenumberofdilutedsharesoutstanding": 346000000,
        "commonstockdividendspersharedeclared": 0.3025
    },
    {
        "date": "2013-09-29",
        "symbol": "CAH",
        "period": "Q1",
        "netincomeloss": 339000000,
        "othercomprehensiveincomeforeigncurrencytransactionandtranslationadjustmentnetoftaxportionattributabletoparent": 24000000,
        "othercomprehensiveincomelossnetoftaxportionattributabletoparent": 24000000,
        "comprehensiveincomenetoftax": 363000000,
        "revenues": -1000000,
        "costofgoodssold": 23259000000,
        "grossprofit": 1264000000,
        "sellinggeneralandadministrativeexpense": 732000000,
        "restructuringcharges": 11000000,
        "amortizationandotheracquisitionrelatedcosts": 49000000,
        "gainlossrelatedtolitigationsettlement": -1000000,
        "operatingincomeloss": 433000000,
        "othernonoperatingincomeexpense": 4000000,
        "interestexpense": 33000000,
        "incomelossfromcontinuingoperationsbeforeincometaxesminorityinterestandincomelossfromequitymethodinvestments": 442000000,
        "incometaxexpensebenefit": 102000000,
        "incomelossfromcontinuingoperations": 340000000,
        "incomelossfromdiscontinuedoperationsnetoftax": -1000000,
        "incomelossfromcontinuingoperationsperbasicshare": 1,
        "earningspersharebasic": 1,
        "incomelossfromcontinuingoperationsperdilutedshare": 0.99,
        "earningspersharediluted": 0.99,
        "weightedaveragenumberofsharesoutstandingbasic": 340000000,
        "weightedaveragenumberofdilutedsharesoutstanding": 344000000,
        "commonstockdividendspersharedeclared": 0.3025
    },
    {
        "date": "2012-12-30",
        "symbol": "CAH",
        "period": "Q2",
        "netincomeloss": 303000000,
        "othercomprehensiveincomeforeigncurrencytransactionandtranslationadjustmentnetoftaxportionattributabletoparent": 11000000,
        "othercomprehensiveincomelossderivativesqualifyingashedgesnetoftax": 2000000,
        "othercomprehensiveincomelossnetoftaxportionattributabletoparent": 13000000,
        "comprehensiveincomenetoftax": 316000000,
        "revenues": 25234000000,
        "costofgoodssold": 24008000000,
        "grossprofit": 1224000000,
        "sellinggeneralandadministrativeexpense": 699000000,
        "restructuringcharges": 1000000,
        "acquisitionrelatedcosts": 25000000,
        "gainlossonsalesofassetsandassetimpairmentcharges": -5000000,
        "gainlossrelatedtolitigationsettlement": 12000000,
        "operatingincomeloss": -29000000,
        "othernonoperatingincomeexpense": 4000000,
        "interestexpense": 27000000,
        "incomelossfromcontinuingoperationsbeforeincometaxesminorityinterestandincomelossfromequitymethodinvestments": 483000000,
        "incometaxexpensebenefit": 180000000,
        "incomelossfromcontinuingoperations": 303000000,
        "incomelossfromcontinuingoperationsperbasicshare": 0.89,
        "earningspersharebasic": 0.89,
        "incomelossfromcontinuingoperationsperdilutedshare": 0.88,
        "earningspersharediluted": 0.88,
        "weightedaveragenumberofsharesoutstandingbasic": 340000000,
        "weightedaveragenumberofdilutedsharesoutstanding": 343000000,
        "commonstockdividendspersharedeclared": 0.275
    },
    {
        "date": "2012-09-29",
        "symbol": "CAH",
        "period": "Q1",
        "netincomeloss": 271000000,
        "othercomprehensiveincomelossforeigncurrencytransactionandtranslationadjustmentnetoftax": 25000000,
        "othercomprehensiveincomelossderivativesqualifyingashedgesnetoftax": -1000000,
        "othercomprehensiveincomelossnetoftaxportionattributabletoparent": 24000000,
        "comprehensiveincomenetoftax": 295000000,
        "revenues": 23498000000,
        "costofgoodssold": 24730000000,
        "grossprofit": 1159000000,
        "sellinggeneralandadministrativeexpense": 690000000,
        "restructuringcharges": 5000000,
        "acquisitionrelatedcosts": 28000000,
        "gainlossonsalesofassetsandassetimpairmentcharges": -1000000,
        "gainlossrelatedtolitigationsettlement": 22000000,
        "operatingincomeloss": 74000000,
        "othernonoperatingincomeexpense": 8000000,
        "interestexpense": 26000000,
        "incomelossfromcontinuingoperationsbeforeincometaxesminorityinterestandincomelossfromequitymethodinvestments": 439000000,
        "incometaxexpensebenefit": 167000000,
        "incomelossfromcontinuingoperations": 272000000,
        "incomelossfromdiscontinuedoperationsnetoftax": -1000000,
        "incomelossfromcontinuingoperationsperbasicshare": 0.8,
        "earningspersharebasic": 0.8,
        "incomelossfromcontinuingoperationsperdilutedshare": 0.79,
        "earningspersharediluted": 0.79,
        "weightedaveragenumberofsharesoutstandingbasic": 341000000,
        "weightedaveragenumberofdilutedsharesoutstanding": 344000000,
        "commonstockdividendspersharedeclared": 0.2375
    },
    {
        "date": "2012-06-29",
        "symbol": "CAH",
        "period": "Q4",
        "revenues": -71145500000,
        "costofgoodssold": 25628500000,
        "grossprofit": 1136000000,
        "sellinggeneralandadministrativeexpense": 711400000,
        "restructuringcharges": 19700000,
        "acquisitionrelatedcosts": 10200000,
        "gainlossondisposalandimpairmentofassetsexcludingimpairmentofassetsincludedinrestructuringandemployeeseverance": 1600000,
        "gainlossrelatedtolitigationsettlement": -200000,
        "operatingincomeloss": -1124900000,
        "othernonoperatingincomeexpense": -2000000,
        "interestexpense": 24800000,
        "incomelossfromcontinuingoperationsbeforeincometaxesminorityinterestandincomelossfromequitymethodinvestments": 377000000,
        "incometaxexpensebenefit": 140900000,
        "incomelossfromcontinuingoperations": 236100000,
        "incomelossfromdiscontinuedoperationsnetoftax": 700000,
        "netincomeloss": 236800000,
        "incomelossfromcontinuingoperationsperbasicshare": 0.6800000000000002,
        "earningspersharebasic": 0.6899999999999997,
        "incomelossfromcontinuingoperationsperdilutedshare": 0.6699999999999998,
        "earningspersharediluted": 0.6800000000000003,
        "weightedaveragenumberofsharesoutstandingbasic": 0,
        "weightedaveragenumberofdilutedsharesoutstanding": -200000
    },
    {
        "date": "2012-03-30",
        "symbol": "CAH",
        "period": "Q3",
        "revenues": 26917500000,
        "costofgoodssold": 25710900000,
        "grossprofit": 1206600000,
        "sellinggeneralandadministrativeexpense": 682500000,
        "restructuringcharges": 300000,
        "acquisitionrelatedcosts": -26500000,
        "gainlossondisposalandimpairmentofassetsexcludingimpairmentofassetsincludedinrestructuringandemployeeseverance": 17000000,
        "gainlossrelatedtolitigationsettlement": 100000,
        "operatingincomeloss": 535900000,
        "othernonoperatingincomeexpense": 7600000,
        "interestexpense": 23800000,
        "incomelossfromcontinuingoperationsbeforeincometaxesminorityinterestandincomelossfromequitymethodinvestments": 510400000,
        "incometaxexpensebenefit": 178000000,
        "incomelossfromcontinuingoperations": 332400000,
        "incomelossfromdiscontinuedoperationsnetoftax": 1000000,
        "netincomeloss": 333400000,
        "incomelossfromcontinuingoperationsperbasicshare": 0.96,
        "earningspersharebasic": 0.9600000000000002,
        "incomelossfromcontinuingoperationsperdilutedshare": 0.9500000000000001,
        "earningspersharediluted": 0.9499999999999998,
        "weightedaveragenumberofsharesoutstandingbasic": -344800000,
        "weightedaveragenumberofdilutedsharesoutstanding": -349000000,
        "commonstockdividendspersharedeclared": 0.21500000000000005
    },
    {
        "date": "2011-12-30",
        "symbol": "CAH",
        "period": "Q2",
        "revenues": 27078000000,
        "costofgoodssold": 25964100000,
        "grossprofit": 1113900000,
        "sellinggeneralandadministrativeexpense": 639800000,
        "restructuringcharges": 300000,
        "acquisitionrelatedcosts": 21900000,
        "gainlossondisposalandimpairmentofassetsexcludingimpairmentofassetsincludedinrestructuringandemployeeseverance": 1100000,
        "gainlossrelatedtolitigationsettlement": -100000,
        "operatingincomeloss": 478700000,
        "othernonoperatingincomeexpense": -800000,
        "interestexpense": 22900000,
        "incomelossfromcontinuingoperationsbeforeincometaxesminorityinterestandincomelossfromequitymethodinvestments": 425600000,
        "incometaxexpensebenefit": 161200000,
        "incomelossfromcontinuingoperations": 264400000,
        "incomelossfromdiscontinuedoperationsnetoftax": -2400000,
        "netincomeloss": 262000000,
        "incomelossfromcontinuingoperationsperbasicshare": 0.77,
        "incomelossfromdiscontinuedoperationsnetoftaxperbasicshare": -0.01,
        "earningspersharebasic": 0.76,
        "incomelossfromcontinuingoperationsperdilutedshare": 0.76,
        "incomelossfromdiscontinuedoperationsnetoftaxperdilutedshare": -0.01,
        "earningspersharediluted": 0.75,
        "weightedaveragenumberofsharesoutstandingbasic": 345000000,
        "weightedaveragenumberofdilutedsharesoutstanding": 348800000,
        "commonstockdividendspersharedeclared": 0.215
    },
    {
        "date": "2011-09-29",
        "symbol": "CAH",
        "period": "Q1",
        "revenues": 26792000000,
        "costofgoodssold": 25707500000,
        "grossprofit": 1084500000,
        "sellinggeneralandadministrativeexpense": 643300000,
        "restructuringcharges": 700000,
        "acquisitionrelatedcosts": 27400000,
        "gainlossondisposalandimpairmentofassetsexcludingimpairmentofassetsincludedinrestructuringandemployeeseverance": 1300000,
        "gainlossrelatedtolitigationsettlement": 3200000,
        "operatingincomeloss": 442300000,
        "othernonoperatingincomeexpense": -3800000,
        "interestexpense": 23500000,
        "incomelossfromcontinuingoperationsbeforeincometaxesminorityinterestandincomelossfromequitymethodinvestments": 385000000,
        "incometaxexpensebenefit": 147900000,
        "incomelossfromcontinuingoperations": 237100000,
        "incomelossfromdiscontinuedoperationsnetoftax": -300000,
        "netincomeloss": 236800000,
        "incomelossfromcontinuingoperationsperbasicshare": 0.69,
        "earningspersharebasic": 0.69,
        "incomelossfromcontinuingoperationsperdilutedshare": 0.68,
        "earningspersharediluted": 0.68,
        "weightedaveragenumberofsharesoutstandingbasic": 344800000,
        "weightedaveragenumberofdilutedsharesoutstanding": 349400000,
        "commonstockdividendspersharedeclared": 0.215
    },
    {
        "date": "2011-03-30",
        "symbol": "CAH",
        "period": "Q3",
        "revenues": 26071400000,
        "costofgoodssold": 24909200000,
        "grossprofit": 1162200000,
        "sellinggeneralandadministrativeexpense": 697300000,
        "restructuringcharges": 1900000,
        "businesscombinationacquisitionrelatedcosts": 2500000,
        "gainlossondisposalandimpairmentofassetsexcludingimpairmentofassetsincludedinrestructuringandemployeeseverance": 4600000,
        "gainlossrelatedtolitigationsettlement": -4300000,
        "operatingincomeloss": 447300000,
        "othernonoperatingincomeexpense": 6200000,
        "interestexpense": 25100000,
        "marketablesecuritiesrealizedgainloss": -3300000,
        "incomelossfromcontinuingoperationsbeforeincometaxesminorityinterestandincomelossfromequitymethodinvestments": 425100000,
        "incometaxexpensebenefit": 175600000,
        "incomelossfromcontinuingoperations": 249500000,
        "incomelossfromdiscontinuedoperationsnetoftax": -200000,
        "netincomeloss": 246000000,
        "incomelossfromcontinuingoperationsperbasicshare": 0.72,
        "incomelossfromdiscontinuedoperationsnetoftaxperbasicshare": -0.01,
        "earningspersharebasic": 0.71,
        "incomelossfromcontinuingoperationsperdilutedshare": 0.71,
        "incomelossfromdiscontinuedoperationsnetoftaxperdilutedshare": -0.01,
        "earningspersharediluted": 0.7,
        "weightedaveragenumberofsharesoutstandingbasic": 348500000,
        "weightedaveragenumberofdilutedsharesoutstanding": 352900000,
        "commonstockdividendsdeclaredpershare": 0.195
    },
    {
        "date": "2010-12-30",
        "symbol": "CAH",
        "period": "Q2",
        "revenues": 25371800000,
        "costofgoodssold": 24377600000,
        "grossprofit": 994200000,
        "sellinggeneralandadministrativeexpense": 621900000,
        "restructuringcharges": 1800000,
        "gainlossondisposalandimpairmentofassetsexcludingimpairmentofassetsincludedinrestructuringandemployeeseverance": 5500000,
        "gainlossrelatedtolitigationsettlement": -6100000,
        "operatingincomeloss": 343900000,
        "othernonoperatingincomeexpense": 5700000,
        "interestexpense": 21900000,
        "marketablesecuritiesrealizedgainloss": 0,
        "incomelossfromcontinuingoperationsbeforeincometaxesminorityinterestandincomelossfromequitymethodinvestments": 327700000,
        "incometaxexpensebenefit": 112800000,
        "incomelossfromcontinuingoperations": 214900000,
        "incomelossfromdiscontinuedoperationsnetoftax": 500000,
        "netincomeloss": 215400000,
        "incomelossfromcontinuingoperationsperbasicshare": 0.62,
        "earningspersharebasic": 0.62,
        "incomelossfromcontinuingoperationsperdilutedshare": 0.61,
        "earningspersharediluted": 0.61,
        "weightedaveragenumberofsharesoutstandingbasic": -700000,
        "weightedaveragenumberofdilutedsharesoutstanding": -600000,
        "commonstockdividendsdeclaredpershare": 0.195
    },
    {
        "date": "2010-09-29",
        "symbol": "CAH",
        "period": "Q1",
        "revenues": 24437500000,
        "costofgoodssold": 23475300000,
        "grossprofit": 962200000,
        "sellinggeneralandadministrativeexpense": 591900000,
        "restructuringcharges": 1800000,
        "acquisitioncosts": 1300000,
        "gainlossondisposalandimpairmentofassetsexcludingimpairmentofassetsincludedinrestructuringandemployeeseverance": -1900000,
        "gainlossrelatedtolitigationsettlement": -1400000,
        "operatingincomeloss": 363900000,
        "othernonoperatingincomeexpense": 7500000,
        "interestexpense": 22000000,
        "marketablesecuritiesrealizedgainloss": 74800000,
        "incomelossfromcontinuingoperationsbeforeincometaxesminorityinterestandincomelossfromequitymethodinvestments": 424200000,
        "incometaxexpensebenefit": 129800000,
        "incomelossfromcontinuingoperations": 294400000,
        "incomelossfromdiscontinuedoperationsnetoftax": 400000,
        "netincomeloss": 294800000,
        "incomelossfromcontinuingoperationsperbasicshare": 0.84,
        "earningspersharebasic": 0.84,
        "incomelossfromcontinuingoperationsperdilutedshare": 0.84,
        "earningspersharediluted": 0.84,
        "weightedaveragenumberofsharesoutstandingbasic": 348900000,
        "weightedaveragenumberofdilutedsharesoutstanding": 351900000,
        "commonstockdividendsdeclaredpershare": 0.195
    },
    {
        "date": "2010-03-30",
        "symbol": "CAH",
        "period": "Q3",
        "revenues": 24342800000,
        "costofgoodssold": 23332700000,
        "grossprofit": 1010100000,
        "sellinggeneralandadministrativeexpense": 628500000,
        "restructuringcharges": 14000000,
        "gainlossondisposalandimpairmentofassets": -4200000,
        "gainlossrelatedtolitigationsettlement": 2900000,
        "operatingincomeloss": 366300000,
        "othernonoperatingincomeexpense": -18800000,
        "interestexpense": 27600000,
        "incomelossfromcontinuingoperationsbeforeincometaxesminorityinterestandincomelossfromequitymethodinvestments": 363200000,
        "incometaxexpensebenefit": 138400000,
        "incomelossfromcontinuingoperations": 224800000,
        "incomelossfromdiscontinuedoperationsnetoftax": -2400000,
        "netincomeloss": 222400000,
        "incomelossfromcontinuingoperationsperbasicshare": 0.6300000000000001,
        "incomelossfromdiscontinuedoperationsnetoftaxperbasicshare": -0.009999999999999995,
        "earningspersharebasic": 0.6199999999999999,
        "incomelossfromcontinuingoperationsperdilutedshare": 0.6200000000000001,
        "incomelossfromdiscontinuedoperationsnetoftaxperdilutedshare": 0,
        "earningspersharediluted": 0.6199999999999999,
        "weightedaveragenumberofdilutedsharesoutstanding": 100000,
        "commonstockdividendspersharedeclared": 0.17500000000000004
    },
    {
        "date": "2009-12-30",
        "symbol": "CAH",
        "period": "Q2",
        "revenues": 24919700000,
        "costofgoodssold": 23962000000,
        "grossprofit": 957700000,
        "sellinggeneralandadministrativeexpense": 605200000,
        "restructuringcharges": 10700000,
        "gainlossondisposalandimpairmentofassets": -400000,
        "gainlossrelatedtolitigationsettlement": 25400000,
        "operatingincomeloss": 366800000,
        "othernonoperatingincomeexpense": 25600000,
        "interestexpense": 27400000,
        "gainslossesonextinguishmentofdebt": 0,
        "incomelossfromcontinuingoperationsbeforeincometaxesminorityinterestandincomelossfromequitymethodinvestments": 365000000,
        "incometaxexpensebenefit": 134800000,
        "incomelossfromcontinuingoperations": 230200000,
        "incomelossfromdiscontinuedoperationsnetoftax": 4300000,
        "netincomeloss": 234500000,
        "incomelossfromcontinuingoperationsperbasicshare": 0.64,
        "incomelossfromdiscontinuedoperationsnetoftaxperbasicshare": 0.020000000000000004,
        "earningspersharebasic": 0.66,
        "incomelossfromcontinuingoperationsperdilutedshare": 0.64,
        "incomelossfromdiscontinuedoperationsnetoftaxperdilutedshare": 0.010000000000000009,
        "earningspersharediluted": 0.65,
        "weightedaveragenumberofsharesoutstandingbasic": 0,
        "weightedaveragenumberofdilutedsharesoutstanding": 2000000,
        "commonstockdividendspersharedeclared": 0.175,
        "discontinuedoperationtaxeffectofdiscontinuedoperation": 2400000
    },
    {
        "date": "2009-09-29",
        "symbol": "CAH",
        "period": "Q1",
        "revenues": 24780700000,
        "costofgoodssold": 23871900000,
        "grossprofit": 908800000,
        "sellinggeneralandadministrativeexpense": 586100000,
        "restructuringcharges": 59700000,
        "gainlossondisposalandimpairmentofassets": -23600000,
        "gainlossrelatedtolitigationsettlement": 500000,
        "operatingincomeloss": 239900000,
        "othernonoperatingincomeexpense": 8900000,
        "interestexpense": 33900000,
        "gainslossesonextinguishmentofdebt": -39900000,
        "incomelossfromcontinuingoperationsbeforeincometaxesminorityinterestandincomelossfromequitymethodinvestments": 175000000,
        "incometaxexpensebenefit": 236800000,
        "incomelossfromcontinuingoperations": -61800000,
        "incomelossfromdiscontinuedoperationsnetoftax": 23600000,
        "netincomeloss": -38200000,
        "incomelossfromcontinuingoperationsperbasicshare": -0.17,
        "incomelossfromdiscontinuedoperationsnetoftaxperbasicshare": 0.06,
        "earningspersharebasic": -0.11,
        "incomelossfromcontinuingoperationsperdilutedshare": -0.17,
        "incomelossfromdiscontinuedoperationsnetoftaxperdilutedshare": 0.06,
        "earningspersharediluted": -0.11,
        "weightedaveragenumberofsharesoutstandingbasic": 359100000,
        "weightedaveragenumberofdilutedsharesoutstanding": 359100000,
        "commonstockdividendspersharedeclared": 0.175,
        "discontinuedoperationtaxeffectofdiscontinuedoperation": 26000000
    }
]