[
    {
        "date": "2024-03-30",
        "symbol": "MPLX",
        "period": "Q1",
        "revenuefromcontractwithcustomerexcludingassessedtaxthirdparties": 658000000,
        "revenuefromcontractwithcustomerexcludingassessedtaxrelatedparties": 986000000,
        "operatingleaseleaseincome": 60000000,
        "salestypeleaserevenue": 34000000,
        "salestypeleaserevenuerelatedparties": 121000000,
        "incomelossfromequitymethodinvestments": 157000000,
        "otherincome": 45000000,
        "revenues": 2846000000,
        "costofgoodsandservicessold": 371000000,
        "directcostsofleasedandrentedpropertyorequipment": 19000000,
        "costsandexpensesrelatedparty": 372000000,
        "costofgoodsandservicessolddepreciationandamortization": 317000000,
        "generalandadministrativeexpense": 109000000,
        "taxesexcludingincomeandexcisetaxes": 34000000,
        "costsandexpenses": 1595000000,
        "operatingincomeloss": 1251000000,
        "interestanddebtexpense": 235000000,
        "incomelossfromcontinuingoperationsbeforeincometaxesextraordinaryitemsnoncontrollinginterest": 1016000000,
        "incometaxexpensebenefit": 1000000,
        "profitloss": 1015000000,
        "netincomelossattributabletononcontrollinginterest": 10000000,
        "incomelossfromcontinuingoperations": 1005000000,
        "preferredstockdividendsincomestatementimpact": 10000000,
        "netincomelossallocatedtolimitedpartners": 995000000,
        "netincomelossperoutstandinglimitedpartnershipunitbasicnetoftax": 0.98,
        "netincomelossnetoftaxperoutstandinglimitedpartnershipunitdiluted": 0.98,
        "weightedaveragelimitedpartnershipunitsoutstanding": 1008000000,
        "weightedaveragelimitedpartnershipunitsoutstandingdiluted": 1008000000,
        "othercomprehensiveincomelossnetoftax": 1000000,
        "comprehensiveincomenetoftaxincludingportionattributabletononcontrollinginterest": 1016000000,
        "comprehensiveincomenetoftaxattributabletononcontrollinginterest": 10000000,
        "comprehensiveincomenetoftax": 1006000000
    },
    {
        "date": "2023-12-30",
        "symbol": "MPLX",
        "period": "Q4",
        "revenuefromcontractwithcustomerexcludingassessedtaxrelatedparties": 1023000000,
        "operatingleaseleaseincome": 62000000,
        "salestypeleaserevenue": 35000000,
        "salestypeleaserevenuerelatedparties": 121000000,
        "incomelossfromequitymethodinvestments": 162000000,
        "otherincome": 98000000,
        "revenues": 2966000000,
        "costofgoodsandservicessold": 378000000,
        "directcostsofleasedandrentedpropertyorequipment": 22000000,
        "costsandexpensesrelatedparty": 384000000,
        "costofgoodsandservicessolddepreciationandamortization": 306000000,
        "generalandadministrativeexpense": 99000000,
        "taxesexcludingincomeandexcisetaxes": 29000000,
        "costsandexpenses": 1591000000,
        "operatingincomeloss": 1375000000,
        "interestexpensedebtexcludingamortization": 224000000,
        "incomelossfromcontinuingoperationsbeforeincometaxesextraordinaryitemsnoncontrollinginterest": 1153000000,
        "profitloss": 1144000000,
        "netincomelossattributabletononcontrollinginterest": 10000000,
        "netincomelossallocatedtolimitedpartners": 1111000000,
        "netincomelossperoutstandinglimitedpartnershipunitbasicnetoftax": 1.0999999999999996,
        "netincomelossnetoftaxperoutstandinglimitedpartnershipunitdiluted": 1.0999999999999996,
        "comprehensiveincomenetoftaxincludingportionattributabletononcontrollinginterest": 1144000000,
        "comprehensiveincomenetoftaxattributabletononcontrollinginterest": 10000000,
        "comprehensiveincomenetoftax": 1134000000
    },
    {
        "date": "2023-09-29",
        "symbol": "MPLX",
        "period": "Q3",
        "revenuefromcontractwithcustomerexcludingassessedtaxrelatedparties": 1978000000,
        "operatingleaseleaseincome": 68000000,
        "salestypeleaserevenue": 34000000,
        "salestypeleaserevenuerelatedparties": 129000000,
        "incomelossfromequitymethodinvestments": 241000000,
        "otherincome": 5000000,
        "revenues": 4463000000,
        "costofgoodsandservicessold": 361000000,
        "directcostsofleasedandrentedpropertyorequipment": 31000000,
        "costsandexpensesrelatedparty": 442000000,
        "costofgoodsandservicessolddepreciationandamortization": 441000000,
        "generalandadministrativeexpense": 130000000,
        "taxesexcludingincomeandexcisetaxes": 44000000,
        "costsandexpenses": 1758000000,
        "operatingincomeloss": 1154000000,
        "interestexpensedebtexcludingamortization": 223000000,
        "incomelossfromcontinuingoperationsbeforeincometaxesextraordinaryitemsnoncontrollinginterest": 929000000,
        "profitloss": 928000000,
        "netincomelossattributabletononcontrollinginterest": 10000000,
        "netincomelossallocatedtolimitedpartners": 893000000,
        "netincomelossperoutstandinglimitedpartnershipunitbasicnetoftax": 0.8900000000000002,
        "netincomelossnetoftaxperoutstandinglimitedpartnershipunitdiluted": 0.8900000000000002,
        "comprehensiveincomenetoftaxincludingportionattributabletononcontrollinginterest": 928000000,
        "comprehensiveincomenetoftaxattributabletononcontrollinginterest": 10000000,
        "comprehensiveincomenetoftax": 918000000
    },
    {
        "date": "2023-06-29",
        "symbol": "MPLX",
        "period": "Q2",
        "revenuefromcontractwithcustomerexcludingassessedtaxrelatedparties": 31000000,
        "operatingleaseleaseincome": 52000000,
        "salestypeleaserevenue": 33000000,
        "salestypeleaserevenuerelatedparties": 125000000,
        "incomelossfromequitymethodinvestments": 63000000,
        "otherincome": 20000000,
        "revenues": 1139000000,
        "costofgoodsandservicessold": 354000000,
        "directcostsofleasedandrentedpropertyorequipment": 9000000,
        "costsandexpensesrelatedparty": 357000000,
        "costofgoodsandservicessolddepreciationandamortization": 170000000,
        "generalandadministrativeexpense": 61000000,
        "taxesexcludingincomeandexcisetaxes": 28000000,
        "costsandexpenses": 1515000000,
        "operatingincomeloss": 1175000000,
        "interestexpensedebtexcludingamortization": 226000000,
        "interestexpenseother": 7000000,
        "incomelossfromcontinuingoperationsbeforeincometaxesextraordinaryitemsnoncontrollinginterest": 942000000,
        "incometaxexpensebenefit": 0,
        "profitloss": 942000000,
        "netincomelossattributabletononcontrollinginterest": 9000000,
        "netincomeloss": 0,
        "preferredstockdividendsincomestatementimpact": 0,
        "netincomelossallocatedtolimitedpartners": 910000000,
        "netincomelossperoutstandinglimitedpartnershipunitbasicnetoftax": 0.9,
        "netincomelossnetoftaxperoutstandinglimitedpartnershipunitdiluted": 0.9,
        "weightedaveragelimitedpartnershipunitsoutstanding": 0,
        "weightedaveragelimitedpartnershipunitsoutstandingdiluted": 0,
        "othercomprehensiveincomelossnetoftax": 0,
        "comprehensiveincomenetoftaxincludingportionattributabletononcontrollinginterest": 942000000,
        "comprehensiveincomenetoftaxattributabletononcontrollinginterest": 9000000,
        "comprehensiveincomenetoftax": 933000000
    },
    {
        "date": "2023-03-30",
        "symbol": "MPLX",
        "period": "Q1",
        "revenuefromcontractwithcustomerexcludingassessedtax": 605000000,
        "revenuefromcontractwithcustomerexcludingassessedtaxrelatedparties": 953000000,
        "operatingleaseleaseincome": 61000000,
        "salestypeleaserevenue": 34000000,
        "salestypeleaserevenuerelatedparties": 125000000,
        "incomelossfromequitymethodinvestments": 134000000,
        "otherincome": 3000000,
        "revenues": 2713000000,
        "costofgoodsandservicessold": 308000000,
        "directcostsofleasedandrentedpropertyorequipment": 20000000,
        "costsandexpensesrelatedparty": 361000000,
        "costofgoodsandservicessolddepreciationandamortization": 296000000,
        "generalandadministrativeexpense": 89000000,
        "taxesexcludingincomeandexcisetaxes": 30000000,
        "costsandexpenses": 1517000000,
        "operatingincomeloss": 1196000000,
        "interestexpensedebtexcludingamortization": 224000000,
        "interestexpenseother": 19000000,
        "incomelossfromcontinuingoperationsbeforeincometaxesextraordinaryitemsnoncontrollinginterest": 953000000,
        "incometaxexpensebenefit": 1000000,
        "profitloss": 952000000,
        "netincomelossattributabletononcontrollinginterest": 9000000,
        "netincomeloss": 943000000,
        "preferredstockdividendsincomestatementimpact": 23000000,
        "netincomelossallocatedtolimitedpartners": 915000000,
        "netincomelossperoutstandinglimitedpartnershipunitbasicnetoftax": 0.91,
        "netincomelossnetoftaxperoutstandinglimitedpartnershipunitdiluted": 0.91,
        "weightedaveragelimitedpartnershipunitsoutstanding": 1001000000,
        "weightedaveragelimitedpartnershipunitsoutstandingdiluted": 1001000000,
        "othercomprehensiveincomelossnetoftax": 4000000,
        "comprehensiveincomenetoftaxincludingportionattributabletononcontrollinginterest": 956000000,
        "comprehensiveincomenetoftaxattributabletononcontrollinginterest": 9000000,
        "comprehensiveincomenetoftax": 947000000
    },
    {
        "date": "2022-12-30",
        "symbol": "MPLX",
        "period": "Q4",
        "revenuefromcontractwithcustomerexcludingassessedtax": -4478000000,
        "operatingleaseleaseincome": 88000000,
        "operatingleaseleaseincomerelatedparty": 199000000,
        "salestypeleaserevenue": 34000000,
        "incomelossfromequitymethodinvestments": 324000000,
        "otherincome": -9000000,
        "relatedpartytransactionotherrevenuesfromtransactionswithrelatedparty": 29000000,
        "revenues": 7062000000,
        "costofgoodsandservicessold": -301000000,
        "costofgoodsandservicessolddepreciationandamortization": 692000000,
        "generalandadministrativeexpense": 162000000,
        "taxesexcludingincomeandexcisetaxes": 18000000,
        "costsandexpenses": 1602000000,
        "interestexpensedebtexcludingamortization": 216000000,
        "incomelossfromcontinuingoperationsbeforeincometaxesextraordinaryitemsnoncontrollinginterest": 826000000,
        "profitloss": 824000000,
        "netincomelossattributabletononcontrollinginterest": 8000000,
        "netincomeloss": 3913000000,
        "netincomelossallocatedtolimitedpartners": 783000000,
        "netincomelossperoutstandinglimitedpartnershipunitbasicnetoftax": 0.7799999999999996,
        "netincomelossnetoftaxperoutstandinglimitedpartnershipunitdiluted": 0.7799999999999996,
        "weightedaveragelimitedpartnershipunitsoutstanding": -2000000,
        "weightedaveragelimitedpartnershipunitsoutstandingdiluted": -3000000,
        "comprehensiveincomenetoftaxincludingportionattributabletononcontrollinginterest": 824000000,
        "comprehensiveincomenetoftax": 816000000
    },
    {
        "date": "2022-09-29",
        "symbol": "MPLX",
        "period": "Q3",
        "revenuefromcontractwithcustomerexcludingassessedtax": 2321000000,
        "salestypeleaserevenue": -197000000,
        "operatingleaseleaseincome": 66000000,
        "operatingleaseleaseincomerelatedparty": 201000000,
        "incomelossfromequitymethodinvestments": 53000000,
        "otherincome": 505000000,
        "relatedpartytransactionotherrevenuesfromtransactionswithrelatedparty": 28000000,
        "revenues": 1885000000,
        "costofgoodsandservicessold": 540000000,
        "costofgoodsandservicessolddepreciationandamortization": 174000000,
        "generalandadministrativeexpense": 60000000,
        "taxesexcludingincomeandexcisetaxes": 30000000,
        "costsandexpenses": 4522000000,
        "othernonoperatingincomeexpense": -19000000,
        "interestexpensedebtexcludingamortization": 217000000,
        "incomelossfromcontinuingoperations": 1674000000,
        "incomelossfromcontinuingoperationsbeforeincometaxesextraordinaryitemsnoncontrollinginterest": 1438000000,
        "netincomelossattributabletononcontrollinginterest": 9000000,
        "profitloss": 2599000000,
        "netincomelossallocatedtolimitedpartners": 1395000000,
        "netincomeloss": 10000000,
        "netincomelossperoutstandinglimitedpartnershipunitbasicnetoftax": 1.36,
        "netincomelossnetoftaxperoutstandinglimitedpartnershipunitdiluted": 1.36,
        "weightedaveragelimitedpartnershipunitsoutstanding": -1000000,
        "weightedaveragelimitedpartnershipunitsoutstandingdiluted": -1000000,
        "comprehensiveincomenetoftaxincludingportionattributabletononcontrollinginterest": 1437000000,
        "comprehensiveincomenetoftax": 1428000000
    },
    {
        "date": "2022-06-29",
        "symbol": "MPLX",
        "period": "Q2",
        "revenuefromcontractwithcustomerexcludingassessedtax": 2382000000,
        "salestypeleaserevenue": 114000000,
        "operatingleaseleaseincome": 92000000,
        "operatingleaseleaseincomerelatedparty": 198000000,
        "incomelossfromequitymethodinvestments": 52000000,
        "otherincome": 6000000,
        "relatedpartytransactionotherrevenuesfromtransactionswithrelatedparty": 27000000,
        "revenues": 1454000000,
        "costofgoodsandservicessold": 663000000,
        "costofgoodsandservicessolddepreciationandamortization": 181000000,
        "generalandadministrativeexpense": 58000000,
        "taxesexcludingincomeandexcisetaxes": 33000000,
        "costsandexpenses": 312000000,
        "othernonoperatingincomeexpense": -20000000,
        "interestexpensedebtexcludingamortization": 212000000,
        "incomelossfromcontinuingoperations": 1117000000,
        "incometaxexpensebenefit": 0,
        "incomelossfromcontinuingoperationsbeforeincometaxesextraordinaryitemsnoncontrollinginterest": 884000000,
        "netincomelossattributabletononcontrollinginterest": 9000000,
        "profitloss": 286000000,
        "netincomelossallocatedtolimitedpartners": 844000000,
        "netincomeloss": 10000000,
        "netincomelossperoutstandinglimitedpartnershipunitbasicnetoftax": 0.8300000000000001,
        "netincomelossnetoftaxperoutstandinglimitedpartnershipunitdiluted": 0.8300000000000001,
        "weightedaveragelimitedpartnershipunitsoutstanding": -2000000,
        "weightedaveragelimitedpartnershipunitsoutstandingdiluted": -1000000,
        "interestcostscapitalized": 3000000,
        "comprehensiveincomenetoftaxincludingportionattributabletononcontrollinginterest": 884000000,
        "comprehensiveincomenetoftax": 875000000
    },
    {
        "date": "2022-03-30",
        "symbol": "MPLX",
        "period": "Q1",
        "revenuefromcontractwithcustomerexcludingassessedtax": 2134000000,
        "revenuefromcontractwithcustomerexcludingassessedtaxrelatedparties": 45000000,
        "salestypeleaserevenue": 111000000,
        "operatingleaseleaseincome": 81000000,
        "operatingleaseleaseincomerelatedparty": 165000000,
        "incomelossfromequitymethodinvestments": 47000000,
        "otherincome": -17000000,
        "relatedpartytransactionotherrevenuesfromtransactionswithrelatedparty": 27000000,
        "revenues": 1212000000,
        "costofgoodsandservicessold": 467000000,
        "laborandrelatedexpense": 15000000,
        "relatedpartytransactionpurchasesfromrelatedparty": 319000000,
        "costofgoodsandservicessolddepreciationandamortization": 183000000,
        "generalandadministrativeexpense": 55000000,
        "taxesexcludingincomeandexcisetaxes": 34000000,
        "costsandexpenses": 266000000,
        "interestandotherfinancialcostsfromrelatedparties": 4000000,
        "othernonoperatingincomeexpense": -20000000,
        "interestexpensedebtexcludingamortization": 198000000,
        "incomelossfromcontinuingoperations": 1060000000,
        "incometaxexpensebenefit": 5000000,
        "incomelossfromcontinuingoperationsbeforeincometaxesextraordinaryitemsnoncontrollinginterest": 838000000,
        "netincomelossattributabletononcontrollinginterest": 8000000,
        "profitloss": 269000000,
        "netincomelossallocatedtolimitedpartners": 793000000,
        "dividendspreferredstock": 11000000,
        "netincomeloss": 11000000,
        "netincomelossperoutstandinglimitedpartnershipunitbasicnetoftax": 0.78,
        "netincomelossnetoftaxperoutstandinglimitedpartnershipunitdiluted": 0.78,
        "weightedaveragelimitedpartnershipunitsoutstanding": 1015000000,
        "weightedaveragelimitedpartnershipunitsoutstandingdiluted": 1015000000,
        "interestcostscapitalized": 2000000,
        "othercomprehensiveincomelossnetoftax": 9000000,
        "comprehensiveincomenetoftaxincludingportionattributabletononcontrollinginterest": 842000000,
        "comprehensiveincomenetoftax": 834000000
    },
    {
        "date": "2021-12-30",
        "symbol": "MPLX",
        "period": "Q4",
        "revenuefromcontractwithcustomerexcludingassessedtax": 1212000000,
        "revenuefromcontractwithcustomerexcludingassessedtaxrelatedparties": 36000000,
        "operatingleaseleaseincome": 84000000,
        "incomelossfromequitymethodinvestments": 205000000,
        "relatedpartytransactionotherrevenuesfromtransactionswithrelatedparty": 28000000,
        "revenues": 1316000000,
        "costofgoodsandservicessold": 550000000,
        "laborandrelatedexpense": 164000000,
        "relatedpartytransactionpurchasesfromrelatedparty": 317000000,
        "generalandadministrativeexpense": 163000000,
        "taxesexcludingincomeandexcisetaxes": 27000000,
        "costsandexpenses": 281000000,
        "incomelossfromcontinuingoperations": 1056000000,
        "interestexpensedebtexcludingamortization": 195000000,
        "othernonoperatingincomeexpense": -19000000,
        "incomelossfromcontinuingoperationsbeforeincometaxesextraordinaryitemsnoncontrollinginterest": 838000000,
        "profitloss": 239000000,
        "netincomelossattributabletononcontrollinginterest": 8000000,
        "netincomeloss": 10000000,
        "dividendspreferredstock": 10000000,
        "netincomelossallocatedtolimitedpartners": 799000000,
        "netincomelossperoutstandinglimitedpartnershipunitbasicnetoftax": 0.7900000000000001,
        "netincomelossnetoftaxperoutstandinglimitedpartnershipunitdiluted": 0.7900000000000001,
        "weightedaveragelimitedpartnershipunitsoutstanding": -3000000,
        "weightedaveragelimitedpartnershipunitsoutstandingdiluted": -3000000,
        "interestcostscapitalized": 2000000,
        "comprehensiveincomenetoftaxincludingportionattributabletononcontrollinginterest": 838000000,
        "comprehensiveincomenetoftax": 830000000
    },
    {
        "date": "2021-09-29",
        "symbol": "MPLX",
        "period": "Q3",
        "revenuefromcontractwithcustomerexcludingassessedtax": -881000000,
        "revenuefromcontractwithcustomerexcludingassessedtaxrelatedparties": 26000000,
        "operatingleaseleaseincome": -147000000,
        "incomelossfromequitymethodinvestments": 51000000,
        "relatedpartytransactionotherrevenuesfromtransactionswithrelatedparty": 50000000,
        "revenues": 1170000000,
        "costofgoodsandservicessold": 421000000,
        "laborandrelatedexpense": 24000000,
        "relatedpartytransactionpurchasesfromrelatedparty": 894000000,
        "depreciation": 193000000,
        "generalandadministrativeexpense": 70000000,
        "taxesexcludingincomeandexcisetaxes": 27000000,
        "costsandexpenses": 276000000,
        "othernonoperatingincomeexpense": -21000000,
        "interestexpensedebtexcludingamortization": 197000000,
        "incomelossfromcontinuingoperations": 1031000000,
        "incomelossfromcontinuingoperationsbeforeincometaxesextraordinaryitemsnoncontrollinginterest": 811000000,
        "netincomelossattributabletononcontrollinginterest": 9000000,
        "profitloss": 233000000,
        "netincomelossallocatedtolimitedpartners": 754000000,
        "dividendspreferredstock": 10000000,
        "netincomeloss": 10000000,
        "netincomelossperoutstandinglimitedpartnershipunitbasicnetoftax": 0.7299999999999996,
        "netincomelossnetoftaxperoutstandinglimitedpartnershipunitdiluted": 0.7299999999999996,
        "weightedaveragelimitedpartnershipunitsoutstanding": -3000000,
        "weightedaveragelimitedpartnershipunitsoutstandingdiluted": -3000000,
        "interestcostscapitalized": 2000000,
        "comprehensiveincomenetoftaxincludingportionattributabletononcontrollinginterest": 811000000,
        "comprehensiveincomenetoftax": 802000000
    },
    {
        "date": "2021-06-29",
        "symbol": "MPLX",
        "period": "Q2",
        "revenuefromcontractwithcustomerexcludingassessedtax": 578000000,
        "revenuefromcontractwithcustomerexcludingassessedtaxrelatedparties": 907000000,
        "operatingleaseleaseincome": 99000000,
        "incomelossfromequitymethodinvestments": 66000000,
        "otheroperatingincome": 3000000,
        "relatedpartytransactionotherrevenuesfromtransactionswithrelatedparty": -10000000,
        "revenues": 2395000000,
        "costofgoodsandservicessold": 293000000,
        "laborandrelatedexpense": 32000000,
        "relatedpartytransactionpurchasesfromrelatedparty": 297000000,
        "depreciation": 318000000,
        "generalandadministrativeexpense": 87000000,
        "taxesexcludingincomeandexcisetaxes": 34000000,
        "costsandexpenses": 1464000000,
        "othernonoperatingincomeexpense": -19000000,
        "interestexpensedebtexcludingamortization": 195000000,
        "incomelossfromcontinuingoperations": 931000000,
        "incometaxexpensebenefit": 0,
        "incomelossfromcontinuingoperationsbeforeincometaxesextraordinaryitemsnoncontrollinginterest": 715000000,
        "netincomelossattributabletononcontrollinginterest": 9000000,
        "profitloss": 715000000,
        "netincomelossallocatedtolimitedpartners": 675000000,
        "dividendspreferredstock": 21000000,
        "netincomeloss": 706000000,
        "netincomelossperoutstandinglimitedpartnershipunitbasicnetoftax": 0.66,
        "netincomelossnetoftaxperoutstandinglimitedpartnershipunitdiluted": 0.66,
        "weightedaveragelimitedpartnershipunitsoutstanding": -4000000,
        "weightedaveragelimitedpartnershipunitsoutstandingdiluted": -4000000,
        "interestcostscapitalized": 5000000,
        "othercomprehensiveincomelosspensionandotherpostretirementbenefitplansnetunamortizedgainlossadjustmentnetoftax": 0,
        "comprehensiveincomenetoftaxincludingportionattributabletononcontrollinginterest": 715000000,
        "comprehensiveincomenetoftax": 706000000
    },
    {
        "date": "2021-03-30",
        "symbol": "MPLX",
        "period": "Q1",
        "revenuefromcontractwithcustomerexcludingassessedtax": 589000000,
        "revenuefromcontractwithcustomerexcludingassessedtaxrelatedparties": 872000000,
        "operatingleaseleaseincome": 99000000,
        "incomelossfromequitymethodinvestments": 70000000,
        "otheroperatingincome": 1000000,
        "relatedpartytransactionotherrevenuesfromtransactionswithrelatedparty": 65000000,
        "revenues": 2339000000,
        "costofgoodsandservicessold": 273000000,
        "laborandrelatedexpense": 32000000,
        "relatedpartytransactionpurchasesfromrelatedparty": 298000000,
        "depreciation": 329000000,
        "generalandadministrativeexpense": 86000000,
        "taxesexcludingincomeandexcisetaxes": 32000000,
        "costsandexpenses": 1365000000,
        "othernonoperatingincomeexpense": -27000000,
        "interestexpensedebtexcludingamortization": 198000000,
        "incomelossfromcontinuingoperations": 974000000,
        "incometaxexpensebenefit": 1000000,
        "incomelossfromcontinuingoperationsbeforeincometaxesextraordinaryitemsnoncontrollinginterest": 749000000,
        "netincomelossattributabletononcontrollinginterest": 9000000,
        "profitloss": 748000000,
        "netincomelossallocatedtolimitedpartners": 708000000,
        "dividendspreferredstock": 20000000,
        "netincomeloss": 739000000,
        "netincomelossperoutstandinglimitedpartnershipunitbasicnetoftax": 0.68,
        "netincomelossnetoftaxperoutstandinglimitedpartnershipunitdiluted": 0.68,
        "weightedaveragelimitedpartnershipunitsoutstanding": 1037000000,
        "weightedaveragelimitedpartnershipunitsoutstandingdiluted": 1037000000,
        "interestcostscapitalized": 5000000,
        "othercomprehensiveincomelosspensionandotherpostretirementbenefitplansnetunamortizedgainlossadjustmentnetoftax": -2000000,
        "comprehensiveincomenetoftaxincludingportionattributabletononcontrollinginterest": 746000000,
        "comprehensiveincomenetoftax": 737000000
    },
    {
        "date": "2020-12-30",
        "symbol": "MPLX",
        "period": "Q4",
        "revenuefromcontractwithcustomerexcludingassessedtax": 618000000,
        "revenuefromcontractwithcustomerexcludingassessedtaxrelatedparties": 886000000,
        "operatingleasesincomestatementleaserevenue": 102000000,
        "operatingleaseincomestatementleaserevenuerelatedparties": 240000000,
        "incomelossfromequitymethodinvestments": 76000000,
        "otheroperatingincome": 0,
        "relatedpartytransactionotherrevenuesfromtransactionswithrelatedparty": 64000000,
        "revenues": 2249000000,
        "costofgoodsandservicessold": 320000000,
        "costofrentalsalesandoccupancycosts": 34000000,
        "costofrentalsalesandoccupancycostsrelatedparties": 41000000,
        "costsandexpensesrelatedparty": 263000000,
        "depreciation": 385000000,
        "generalandadministrativeexpense": 89000000,
        "taxesexcludingincomeandexcisetaxes": 31000000,
        "costsandexpenses": 1329000000,
        "incomelossfromcontinuingoperations": 920000000,
        "interestexpensedebtexcludingamortization": 205000000,
        "othernonoperatingincomeexpense": -13000000,
        "incomelossfromcontinuingoperationsbeforeincometaxesextraordinaryitemsnoncontrollinginterest": 701000000,
        "profitloss": 700000000,
        "netincomelossattributabletononcontrollinginterest": 9000000,
        "netincomeloss": 691000000,
        "dividendspreferredstock": 20000000,
        "netincomelossallocatedtolimitedpartners": 661000000,
        "netincomelossperoutstandinglimitedpartnershipunitbasicnetoftax": 0.6299999999999997,
        "netincomelossnetoftaxperoutstandinglimitedpartnershipunitdiluted": 0.6299999999999997,
        "weightedaveragelimitedpartnershipunitsoutstanding": -3000000,
        "weightedaveragelimitedpartnershipunitsoutstandingdiluted": -3000000,
        "interestcostscapitalized": 8000000,
        "comprehensiveincomenetoftaxincludingportionattributabletononcontrollinginterest": 701000000,
        "comprehensiveincomelossnetoftaxattributabletononredeemablenoncontrollinginterest": 9000000,
        "comprehensiveincomenetoftax": 692000000
    },
    {
        "date": "2020-09-29",
        "symbol": "MPLX",
        "period": "Q3",
        "profitloss": 674000000,
        "comprehensiveincomenetoftaxincludingportionattributabletononcontrollinginterest": 674000000,
        "comprehensiveincomelossnetoftaxattributabletononredeemablenoncontrollinginterest": 9000000,
        "comprehensiveincomenetoftax": 665000000,
        "revenuefromcontractwithcustomerexcludingassessedtax": 604000000,
        "revenuefromcontractwithcustomerexcludingassessedtaxrelatedparties": 909000000,
        "operatingleasesincomestatementleaserevenue": 102000000,
        "operatingleaseincomestatementleaserevenuerelatedparties": 241000000,
        "incomelossfromequitymethodinvestments": 83000000,
        "otheroperatingincome": 2000000,
        "relatedpartytransactionotherrevenuesfromtransactionswithrelatedparty": 63000000,
        "revenues": 2247000000,
        "costofgoodsandservicessold": 323000000,
        "costofrentalsalesandoccupancycosts": 33000000,
        "costofrentalsalesandoccupancycostsrelatedparties": 32000000,
        "costsandexpensesrelatedparty": 297000000,
        "depreciation": 346000000,
        "generalandadministrativeexpense": 96000000,
        "taxesexcludingincomeandexcisetaxes": 33000000,
        "costsandexpenses": 1348000000,
        "incomelossfromcontinuingoperations": 899000000,
        "interestandotherfinancialcostsfromrelatedparties": 0,
        "interestexpensedebtexcludingamortization": 207000000,
        "othernonoperatingincomeexpense": -17000000,
        "incomelossfromcontinuingoperationsbeforeincometaxesextraordinaryitemsnoncontrollinginterest": 675000000,
        "netincomelossattributabletononcontrollinginterest": 9000000,
        "netincomeloss": 665000000,
        "dividendspreferredstock": 20000000,
        "netincomelossallocatedtolimitedpartners": 635000000,
        "netincomelossperoutstandinglimitedpartnershipunitbasicnetoftax": 0.5900000000000003,
        "netincomelossnetoftaxperoutstandinglimitedpartnershipunitdiluted": 0.5900000000000003,
        "weightedaveragelimitedpartnershipunitsoutstanding": -5000000,
        "weightedaveragelimitedpartnershipunitsoutstandingdiluted": -5000000,
        "interestcostscapitalized": 8000000
    },
    {
        "date": "2020-06-29",
        "symbol": "MPLX",
        "period": "Q2",
        "profitloss": 655000000,
        "othercomprehensiveincomelosspensionandotherpostretirementbenefitplansnetunamortizedgainlossadjustmentnetoftax": 0,
        "comprehensiveincomenetoftaxincludingportionattributabletononcontrollinginterest": 655000000,
        "comprehensiveincomelossnetoftaxattributabletononredeemablenoncontrollinginterest": 7000000,
        "comprehensiveincomenetoftax": 648000000,
        "revenuefromcontractwithcustomerexcludingassessedtax": 563000000,
        "revenuefromcontractwithcustomerexcludingassessedtaxrelatedparties": 857000000,
        "operatingleasesincomestatementleaserevenue": 98000000,
        "operatingleaseincomestatementleaserevenuerelatedparties": 237000000,
        "incomelossfromequitymethodinvestments": 89000000,
        "otheroperatingincome": 2000000,
        "relatedpartytransactionotherrevenuesfromtransactionswithrelatedparty": 63000000,
        "revenues": 2081000000,
        "costofgoodsandservicessold": 315000000,
        "costofrentalsalesandoccupancycosts": 33000000,
        "costofrentalsalesandoccupancycostsrelatedparties": 41000000,
        "costsandexpensesrelatedparty": 280000000,
        "depreciation": 321000000,
        "goodwillandintangibleassetimpairment": 0,
        "generalandadministrativeexpense": 96000000,
        "taxesexcludingincomeandexcisetaxes": 30000000,
        "costsandexpenses": 1203000000,
        "incomelossfromcontinuingoperations": 878000000,
        "interestandotherfinancialcostsfromrelatedparties": 1000000,
        "interestexpensedebtexcludingamortization": 206000000,
        "othernonoperatingincomeexpense": -16000000,
        "incomelossfromcontinuingoperationsbeforeincometaxesextraordinaryitemsnoncontrollinginterest": 655000000,
        "netincomelossattributabletononcontrollinginterest": 7000000,
        "netincomeloss": 648000000,
        "dividendspreferredstock": 21000000,
        "netincomelossallocatedtolimitedpartners": 617000000,
        "netincomelossperoutstandinglimitedpartnershipunitbasicnetoftax": 0.5800000000000001,
        "netincomelossnetoftaxperoutstandinglimitedpartnershipunitdiluted": 0.5800000000000001,
        "weightedaveragelimitedpartnershipunitsoutstanding": 1000000,
        "weightedaveragelimitedpartnershipunitsoutstandingdiluted": 1000000,
        "equitymethodinvestmentotherthantemporaryimpairment": 0,
        "interestcostscapitalized": 10000000
    },
    {
        "date": "2020-03-30",
        "symbol": "MPLX",
        "period": "Q1",
        "profitloss": -2716000000,
        "othercomprehensiveincomelosspensionandotherpostretirementbenefitplansnetunamortizedgainlossadjustmentnetoftax": -1000000,
        "comprehensiveincomenetoftaxincludingportionattributabletononcontrollinginterest": -2717000000,
        "comprehensiveincomelossnetoftaxattributabletononredeemablenoncontrollinginterest": 8000000,
        "comprehensiveincomenetoftax": -2725000000,
        "equitymethodinvestmentotherthantemporaryimpairment": 1264000000,
        "revenuefromcontractwithcustomerexcludingassessedtax": 612000000,
        "revenuefromcontractwithcustomerexcludingassessedtaxrelatedparties": 928000000,
        "operatingleasesincomestatementleaserevenue": 96000000,
        "operatingleaseincomestatementleaserevenuerelatedparties": 234000000,
        "incomelossfromequitymethodinvestments": -1184000000,
        "otheroperatingincome": 1000000,
        "relatedpartytransactionotherrevenuesfromtransactionswithrelatedparty": 64000000,
        "revenues": 992000000,
        "costofgoodsandservicessold": 368000000,
        "costofrentalsalesandoccupancycosts": 35000000,
        "costofrentalsalesandoccupancycostsrelatedparties": 46000000,
        "costsandexpensesrelatedparty": 276000000,
        "depreciation": 325000000,
        "generalandadministrativeexpense": 97000000,
        "taxesexcludingincomeandexcisetaxes": 31000000,
        "costsandexpenses": 3478000000,
        "incomelossfromcontinuingoperations": -2486000000,
        "interestandotherfinancialcostsfromrelatedparties": 3000000,
        "interestexpensedebtexcludingamortization": 211000000,
        "othernonoperatingincomeexpense": -16000000,
        "incomelossfromcontinuingoperationsbeforeincometaxesextraordinaryitemsnoncontrollinginterest": -2716000000,
        "netincomelossattributabletononcontrollinginterest": 8000000,
        "netincomeloss": -2724000000,
        "dividendspreferredstock": 20000000,
        "netincomelossallocatedtolimitedpartners": -2755000000,
        "netincomelossperoutstandinglimitedpartnershipunitbasicnetoftax": -2.6,
        "netincomelossnetoftaxperoutstandinglimitedpartnershipunitdiluted": -2.6,
        "weightedaveragelimitedpartnershipunitsoutstanding": 1058000000,
        "weightedaveragelimitedpartnershipunitsoutstandingdiluted": 1058000000,
        "goodwillandintangibleassetimpairment": 2165000000,
        "interestcostscapitalized": 13000000
    },
    {
        "date": "2019-12-30",
        "symbol": "MPLX",
        "period": "Q4",
        "profitloss": -573000000,
        "comprehensiveincomenetoftaxincludingportionattributabletononcontrollinginterest": -573000000,
        "comprehensiveincomelossnetoftaxattributabletononredeemablenoncontrollinginterest": 8000000,
        "comprehensiveincomenetoftax": -581000000,
        "revenuefromcontractwithcustomerexcludingassessedtax": 633000000,
        "revenuefromcontractwithcustomerexcludingassessedtaxrelatedparties": 906000000,
        "operatingleasesincomestatementleaserevenue": 97000000,
        "operatingleaseincomestatementleaserevenuerelatedparties": 292000000,
        "incomelossfromequitymethodinvestments": 35000000,
        "otheroperatingincome": 6000000,
        "relatedpartytransactionotherrevenuesfromtransactionswithrelatedparty": 30000000,
        "revenues": 2316000000,
        "costofgoodsandservicessold": 390000000,
        "costofrentalsalesandoccupancycosts": 38000000,
        "costofrentalsalesandoccupancycostsrelatedparties": 41000000,
        "costsandexpensesrelatedparty": 337000000,
        "depreciation": 338000000,
        "generalandadministrativeexpense": 95000000,
        "taxesexcludingincomeandexcisetaxes": 29000000,
        "costsandexpenses": 2662000000,
        "incomelossfromcontinuingoperations": -346000000,
        "interestandotherfinancialcostsfromrelatedparties": 3000000,
        "interestexpensedebtexcludingamortization": 211000000,
        "othernonoperatingincomeexpense": -15000000,
        "incomelossfromcontinuingoperationsbeforeincometaxesextraordinaryitemsnoncontrollinginterest": -575000000,
        "netincomelossattributabletononcontrollinginterest": 8000000,
        "netincomeloss": -581000000,
        "dividendspreferredstock": 20000000,
        "netincomelossallocatedtolimitedpartners": -611000000,
        "netincomelossperoutstandinglimitedpartnershipunitbasicnetoftax": -0.7799999999999999,
        "netincomelossnetoftaxperoutstandinglimitedpartnershipunitdiluted": -0.7799999999999999,
        "interestcostscapitalized": 15000000
    },
    {
        "date": "2019-09-29",
        "symbol": "MPLX",
        "period": "Q3",
        "profitloss": 1038000000,
        "comprehensiveincomenetoftaxincludingportionattributabletononcontrollinginterest": 1038000000,
        "comprehensiveincomelossnetoftaxattributabletononredeemablenoncontrollinginterest": 8000000,
        "comprehensiveincomenetoftax": 629000000,
        "revenuefromcontractwithcustomerexcludingassessedtax": 979000000,
        "revenuefromcontractwithcustomerexcludingassessedtaxrelatedparties": 1351000000,
        "operatingleasesincomestatementleaserevenue": 107000000,
        "operatingleaseincomestatementleaserevenuerelatedparties": 553000000,
        "incomelossfromequitymethodinvestments": 112000000,
        "otheroperatingincome": 1000000,
        "relatedpartytransactionotherrevenuesfromtransactionswithrelatedparty": 31000000,
        "revenues": 3450000000,
        "costofgoodsandservicessold": 656000000,
        "costofrentalsalesandoccupancycosts": 38000000,
        "costofrentalsalesandoccupancycostsrelatedparties": 119000000,
        "costsandexpensesrelatedparty": 443000000,
        "depreciation": 491000000,
        "generalandadministrativeexpense": 142000000,
        "taxesexcludingincomeandexcisetaxes": 46000000,
        "costsandexpenses": 2064000000,
        "incomelossfromcontinuingoperations": 1386000000,
        "interestandotherfinancialcostsfromrelatedparties": 6000000,
        "interestexpensedebtexcludingamortization": 328000000,
        "othernonoperatingincomeexpense": -11000000,
        "incomelossfromcontinuingoperationsbeforeincometaxesextraordinaryitemsnoncontrollinginterest": 1041000000,
        "incometaxexpensebenefit": 3000000,
        "netincomelossattributabletononcontrollinginterest": 8000000,
        "netincomeloss": 629000000,
        "dividendspreferredstock": 20000000,
        "netincomelossallocatedtolimitedpartners": 602000000,
        "netincomelossperoutstandinglimitedpartnershipunitbasicnetoftax": 0.62,
        "netincomelossnetoftaxperoutstandinglimitedpartnershipunitdiluted": 0.62,
        "interestcostscapitalized": 20000000
    },
    {
        "date": "2019-06-29",
        "symbol": "MPLX",
        "period": "Q2",
        "profitloss": 488000000,
        "othercomprehensiveincomelosspensionandotherpostretirementbenefitplansnetunamortizedgainlossadjustmentnetoftax": 0,
        "comprehensiveincomenetoftaxincludingportionattributabletononcontrollinginterest": 488000000,
        "comprehensiveincomelossnetoftaxattributabletononredeemablenoncontrollinginterest": 6000000,
        "comprehensiveincomenetoftax": 482000000,
        "revenuefromcontractwithcustomerexcludingassessedtax": 852000000,
        "revenuefromcontractwithcustomerexcludingassessedtaxrelatedparties": 620000000,
        "operatingleasesincomestatementleaserevenue": 90000000,
        "operatingleaseincomestatementleaserevenuerelatedparties": 158000000,
        "incomelossfromequitymethodinvestments": 119000000,
        "otheroperatingincome": -6000000,
        "relatedpartytransactionotherrevenuesfromtransactionswithrelatedparty": 43000000,
        "revenues": 1629000000,
        "costofgoodsandservicessold": 233000000,
        "costofrentalsalesandoccupancycosts": 28000000,
        "costofrentalsalesandoccupancycostsrelatedparties": 2000000,
        "costsandexpensesrelatedparty": 239000000,
        "depreciation": 214000000,
        "generalandadministrativeexpense": 69000000,
        "taxesexcludingincomeandexcisetaxes": 19000000,
        "costsandexpenses": 970000000,
        "incomelossfromcontinuingoperations": 659000000,
        "interestandotherfinancialcostsfromrelatedparties": 1000000,
        "interestexpensedebtexcludingamortization": 156000000,
        "othernonoperatingincomeexpense": -13000000,
        "incomelossfromcontinuingoperationsbeforeincometaxesextraordinaryitemsnoncontrollinginterest": 489000000,
        "incometaxexpensebenefit": 1000000,
        "netincomelossattributabletononcontrollinginterest": 6000000,
        "netincomeloss": 502000000,
        "dividendspreferredstock": 21000000,
        "netincomelossallocatedtolimitedpartners": 461000000,
        "netincomelossperoutstandinglimitedpartnershipunitbasicnetoftax": 0.5499999999999999,
        "netincomelossnetoftaxperoutstandinglimitedpartnershipunitdiluted": 0.5499999999999999,
        "weightedaveragelimitedpartnershipunitsoutstanding": 0,
        "weightedaveragelimitedpartnershipunitsoutstandingdiluted": 0,
        "interestcostscapitalized": 9000000
    },
    {
        "date": "2019-03-30",
        "symbol": "MPLX",
        "period": "Q1",
        "profitloss": 509000000,
        "othercomprehensiveincomelosspensionandotherpostretirementbenefitplansnetunamortizedgainlossadjustmentnetoftax": 1000000,
        "comprehensiveincomenetoftaxincludingportionattributabletononcontrollinginterest": 510000000,
        "comprehensiveincomelossnetoftaxattributabletononredeemablenoncontrollinginterest": 6000000,
        "comprehensiveincomenetoftax": 504000000,
        "revenuefromcontractwithcustomerexcludingassessedtax": 34000000,
        "revenuefromcontractwithcustomerexcludingassessedtaxrelatedparties": 578000000,
        "operatingleasesincomestatementleaserevenue": 94000000,
        "operatingleaseincomestatementleaserevenuerelatedparties": 193000000,
        "incomelossfromequitymethodinvestments": 24000000,
        "otheroperatingincome": 11000000,
        "relatedpartytransactionotherrevenuesfromtransactionswithrelatedparty": 10000000,
        "revenues": 1646000000,
        "costofgoodsandservicessold": 210000000,
        "costofrentalsalesandoccupancycosts": 37000000,
        "costofrentalsalesandoccupancycostsrelatedparties": 3000000,
        "costsandexpensesrelatedparty": 212000000,
        "depreciation": 211000000,
        "generalandadministrativeexpense": 82000000,
        "taxesexcludingincomeandexcisetaxes": 19000000,
        "costsandexpenses": 968000000,
        "incomelossfromcontinuingoperations": 678000000,
        "interestandotherfinancialcostsfromrelatedparties": 1000000,
        "interestexpensedebtexcludingamortization": 156000000,
        "othernonoperatingincomeexpense": -14000000,
        "incomelossfromcontinuingoperationsbeforeincometaxesextraordinaryitemsnoncontrollinginterest": 507000000,
        "incometaxexpensebenefit": -2000000,
        "netincomelossattributabletononcontrollinginterest": 6000000,
        "netincomeloss": 483000000,
        "dividendspreferredstock": 20000000,
        "netincomelossallocatedtolimitedpartners": 483000000,
        "netincomelossperoutstandinglimitedpartnershipunitbasicnetoftax": 0.61,
        "netincomelossnetoftaxperoutstandinglimitedpartnershipunitdiluted": 0.61,
        "weightedaveragelimitedpartnershipunitsoutstanding": 794000000,
        "weightedaveragelimitedpartnershipunitsoutstandingdiluted": 795000000,
        "interestcostscapitalized": 7000000
    },
    {
        "date": "2018-09-29",
        "symbol": "MPLX",
        "period": "Q3",
        "profitloss": 2000000,
        "comprehensiveincomenetoftaxincludingportionattributabletononcontrollinginterest": 516000000,
        "comprehensiveincomelossnetoftaxattributabletononredeemablenoncontrollinginterest": 6000000,
        "comprehensiveincomenetoftax": 510000000,
        "operatingleasesincomestatementleaserevenue": 16000000,
        "operatingleaseincomestatementleaserevenuerelatedparties": 190000000,
        "incomelossfromequitymethodinvestments": 19000000,
        "otheroperatingincome": 12000000,
        "relatedpartytransactionotherrevenuesfromtransactionswithrelatedparty": 0,
        "revenues": 853000000,
        "costofrentalsalesandoccupancycosts": 16000000,
        "costsandexpensesrelatedparty": 228000000,
        "depreciation": 0,
        "generalandadministrativeexpense": 76000000,
        "taxesexcludingincomeandexcisetaxes": 20000000,
        "costsandexpenses": 1040000000,
        "incomelossfromcontinuingoperations": 672000000,
        "interestandotherfinancialcostsfromrelatedparties": 2000000,
        "interestexpensedebtexcludingamortization": 134000000,
        "othernonoperatingincomeexpense": -17000000,
        "incomelossfromcontinuingoperationsbeforeincometaxesextraordinaryitemsnoncontrollinginterest": 519000000,
        "incometaxexpensebenefit": 3000000,
        "netincomelossattributabletononcontrollinginterest": 6000000,
        "netincomeloss": 510000000,
        "dividendspreferredstock": 19000000,
        "netincomelossallocatedtolimitedpartners": 491000000,
        "netincomelossperoutstandinglimitedpartnershipunitbasicnetoftax": 0.62,
        "netincomelossnetoftaxperoutstandinglimitedpartnershipunitdiluted": 0.62,
        "weightedaveragelimitedpartnershipunitsoutstanding": 22000000,
        "weightedaveragelimitedpartnershipunitsoutstandingdiluted": 22000000,
        "interestcostscapitalized": 9000000
    },
    {
        "date": "2018-06-29",
        "symbol": "MPLX",
        "period": "Q2",
        "profitloss": -421000000,
        "othercomprehensiveincomelosspensionandotherpostretirementbenefitplansnetunamortizedgainlossadjustmentnetoftax": 0,
        "comprehensiveincomenetoftaxincludingportionattributabletononcontrollinginterest": 456000000,
        "comprehensiveincomelossnetoftaxattributabletononredeemablenoncontrollinginterest": 3000000,
        "comprehensiveincomenetoftax": 453000000,
        "operatingleasesincomestatementleaserevenue": -48000000,
        "operatingleaseincomestatementleaserevenuerelatedparties": 190000000,
        "incomelossfromequitymethodinvestments": 16000000,
        "otheroperatingincome": 20000000,
        "relatedpartytransactionotherrevenuesfromtransactionswithrelatedparty": -20000000,
        "revenues": 104000000,
        "costofrentalsalesandoccupancycosts": 2000000,
        "costofrentalsalesandoccupancycostsrelatedparties": 0,
        "costsandexpensesrelatedparty": 223000000,
        "depreciation": -175000000,
        "generalandadministrativeexpense": 72000000,
        "taxesexcludingincomeandexcisetaxes": 17000000,
        "costsandexpenses": 970000000,
        "incomelossfromcontinuingoperations": 608000000,
        "interestandotherfinancialcostsfromrelatedparties": 1000000,
        "interestexpensedebtexcludingamortization": 135000000,
        "othernonoperatingincomeexpense": -15000000,
        "incomelossfromcontinuingoperationsbeforeincometaxesextraordinaryitemsnoncontrollinginterest": 457000000,
        "incometaxexpensebenefit": 1000000,
        "netincomelossattributabletononcontrollinginterest": 3000000,
        "netincomeloss": 453000000,
        "dividendspreferredstock": 20000000,
        "netincomelossallocatedtolimitedpartners": 433000000,
        "netincomelossperoutstandinglimitedpartnershipunitbasicnetoftax": 0.5399999999999999,
        "netincomelossnetoftaxperoutstandinglimitedpartnershipunitdiluted": 0.5399999999999999,
        "weightedaveragelimitedpartnershipunitsoutstanding": 67000000,
        "weightedaveragelimitedpartnershipunitsoutstandingdiluted": 67000000,
        "distributionmadetolimitedpartnerdistributionsdeclaredperunit": 0.6275000000000001,
        "interestcostscapitalized": 9000000
    },
    {
        "date": "2018-03-30",
        "symbol": "MPLX",
        "period": "Q1",
        "profitloss": 423000000,
        "othercomprehensiveincomelosspensionandotherpostretirementbenefitplansnetunamortizedgainlossadjustmentnetoftax": -2000000,
        "comprehensiveincomenetoftaxincludingportionattributabletononcontrollinginterest": 421000000,
        "comprehensiveincomelossnetoftaxattributabletononredeemablenoncontrollinginterest": 2000000,
        "comprehensiveincomenetoftax": 419000000,
        "salesrevenueservicesnet": 382000000,
        "salesrevenueservicesfromrelatedparties": 471000000,
        "salesrevenueservicesproductrelated": 44000000,
        "operatingleasesincomestatementleaserevenue": 79000000,
        "operatingleaseincomestatementleaserevenuerelatedparties": 145000000,
        "salesrevenuegoodsnet": 207000000,
        "salesrevenuegoodsrelatedparties": 4000000,
        "incomelossfromequitymethodinvestments": 14000000,
        "otheroperatingincome": 4000000,
        "relatedpartytransactionotherrevenuesfromtransactionswithrelatedparty": 23000000,
        "revenues": 1420000000,
        "refiningandmarketingcosts": 206000000,
        "naturalgasmidstreamcosts": 187000000,
        "costofrentalsalesandoccupancycosts": 29000000,
        "costofrentalsalesandoccupancycostsrelatedparties": 1000000,
        "costsandexpensesrelatedparty": 177000000,
        "depreciation": 176000000,
        "generalandadministrativeexpense": 69000000,
        "taxesexcludingincomeandexcisetaxes": 18000000,
        "costsandexpenses": 863000000,
        "incomelossfromcontinuingoperations": 557000000,
        "interestandotherfinancialcostsfromrelatedparties": 1000000,
        "interestexpensedebtexcludingamortization": 112000000,
        "othernonoperatingincomeexpense": -17000000,
        "incomelossfromcontinuingoperationsbeforeincometaxesextraordinaryitemsnoncontrollinginterest": 427000000,
        "incometaxexpensebenefit": 4000000,
        "netincomelossattributabletononcontrollinginterest": 2000000,
        "netincomeloss": 421000000,
        "dividendspreferredstock": 16000000,
        "netincomelossallocatedtolimitedpartners": 405000000,
        "netincomelossperoutstandinglimitedpartnershipunitbasicnetoftax": 0.61,
        "netincomelossnetoftaxperoutstandinglimitedpartnershipunitdiluted": 0.61,
        "weightedaveragelimitedpartnershipunitsoutstanding": 692000000,
        "weightedaveragelimitedpartnershipunitsoutstandingdiluted": 692000000,
        "distributionmadetolimitedpartnerdistributionsdeclaredperunit": 0.6175,
        "interestcostscapitalized": 9000000
    },
    {
        "date": "2017-09-29",
        "symbol": "MPLX",
        "period": "Q3",
        "salesrevenueservicesnet": 299000000,
        "salesrevenueservicesfromrelatedparties": 276000000,
        "operatingleasesincomestatementleaserevenue": 69000000,
        "operatingleaseincomestatementleaserevenuerelatedparties": 70000000,
        "salesrevenuegoodsnet": 378000000,
        "otheroperatingincome": 11000000,
        "revenues": 389000000,
        "refiningandmarketingcosts": 129000000,
        "naturalgasmidstreamcosts": 170000000,
        "costofrentalsalesandoccupancycosts": 19000000,
        "costsandexpensesrelatedparty": 114000000,
        "depreciation": 164000000,
        "generalandadministrativeexpense": 59000000,
        "taxesexcludingincomeandexcisetaxes": 14000000,
        "costsandexpenses": 669000000,
        "incomelossfromcontinuingoperations": 311000000,
        "interestexpensedebtexcludingamortization": 77000000,
        "othernonoperatingincomeexpense": -15000000,
        "incomelossfromcontinuingoperationsbeforeincometaxesextraordinaryitemsnoncontrollinginterest": 218000000,
        "profitloss": 217000000,
        "netincomelossattributabletononcontrollinginterest": 1000000,
        "incomelossattributabletopredecessor": 0,
        "netincomeloss": 16000000,
        "dividendspreferredstock": 16000000,
        "netincomelossallocatedtogeneralpartners": 86000000,
        "netincomelossallocatedtolimitedpartners": 114000000,
        "netincomelossperoutstandinglimitedpartnershipunitbasicnetoftax": 0.29,
        "netincomelossnetoftaxperoutstandinglimitedpartnershipunitdiluted": 0.29,
        "weightedaveragelimitedpartnershipunitsoutstanding": 0,
        "weightedaveragelimitedpartnershipunitsoutstandingdiluted": 0,
        "distributionmadetolimitedpartnerdistributionsdeclaredperunit": 0.5874999999999999,
        "interestcostscapitalized": 6000000
    },
    {
        "date": "2017-06-29",
        "symbol": "MPLX",
        "period": "Q2",
        "salesrevenueservicesnet": 286000000,
        "salesrevenueservicesfromrelatedparties": 270000000,
        "operatingleasesincomestatementleaserevenue": 70000000,
        "operatingleaseincomestatementleaserevenuerelatedparties": 70000000,
        "salesrevenuegoodsnet": 514000000,
        "gainslossesonsalesofassets": 0,
        "incomelossfromequitymethodinvestments": 0,
        "otheroperatingincome": 22000000,
        "relatedpartytransactionotherrevenuesfromtransactionswithrelatedparty": 0,
        "revenues": -145000000,
        "refiningandmarketingcosts": 139000000,
        "naturalgasmidstreamcosts": 140000000,
        "costofrentalsalesandoccupancycosts": 13000000,
        "costsandexpensesrelatedparty": 109000000,
        "depreciation": 164000000,
        "generalandadministrativeexpense": 57000000,
        "taxesexcludingincomeandexcisetaxes": 13000000,
        "costsandexpenses": 636000000,
        "incomelossfromcontinuingoperations": 280000000,
        "interestexpensedebtexcludingamortization": 74000000,
        "othernonoperatingincomeexpense": -13000000,
        "incomelossfromcontinuingoperationsbeforeincometaxesextraordinaryitemsnoncontrollinginterest": 193000000,
        "profitloss": 191000000,
        "netincomelossattributabletononcontrollinginterest": 1000000,
        "incomelossattributabletopredecessor": 17000000,
        "netincomeloss": -117000000,
        "dividendspreferredstock": 17000000,
        "netincomelossallocatedtogeneralpartners": 74000000,
        "netincomelossallocatedtolimitedpartners": 99000000,
        "netincomelossperoutstandinglimitedpartnershipunitbasicnetoftax": 0.26,
        "netincomelossnetoftaxperoutstandinglimitedpartnershipunitdiluted": 0.27,
        "weightedaveragelimitedpartnershipunitsoutstanding": -369000000,
        "weightedaveragelimitedpartnershipunitsoutstandingdiluted": -374000000,
        "distributionmadetolimitedpartnerdistributionsdeclaredperunit": 0.5625,
        "interestcostscapitalized": 11000000
    },
    {
        "date": "2017-03-30",
        "symbol": "MPLX",
        "period": "Q1",
        "salesrevenueservicesnet": 260000000,
        "salesrevenueservicesfromrelatedparties": 255000000,
        "operatingleasesincomestatementleaserevenue": 69000000,
        "operatingleaseincomestatementleaserevenuerelatedparties": 67000000,
        "salesrevenuegoodsnet": 203000000,
        "salesrevenuegoodsrelatedparty": 2000000,
        "gainslossesonsalesofassets": 1000000,
        "incomelossfromequitymethodinvestments": -1000000,
        "otheroperatingincome": 2000000,
        "relatedpartytransactionotherrevenuesfromtransactionswithrelatedparty": 4000000,
        "revenues": 886000000,
        "refiningandmarketingcosts": 113000000,
        "naturalgasmidstreamcosts": 131000000,
        "costofrentalsalesandoccupancycosts": 12000000,
        "costsandexpensesrelatedparty": 107000000,
        "depreciation": 187000000,
        "generalandadministrativeexpense": 58000000,
        "taxesexcludingincomeandexcisetaxes": 13000000,
        "costsandexpenses": 621000000,
        "incomelossfromcontinuingoperations": 265000000,
        "interestexpensedebtexcludingamortization": 66000000,
        "othernonoperatingincomeexpense": -12000000,
        "incomelossfromcontinuingoperationsbeforeincometaxesextraordinaryitemsnoncontrollinginterest": 187000000,
        "profitloss": 187000000,
        "netincomelossattributabletononcontrollinginterest": 1000000,
        "incomelossattributabletopredecessor": 36000000,
        "netincomeloss": 150000000,
        "dividendspreferredstock": 16000000,
        "netincomelossallocatedtogeneralpartners": 62000000,
        "netincomelossallocatedtolimitedpartners": 72000000,
        "netincomelossperoutstandinglimitedpartnershipunitbasicnetoftax": 0.2,
        "netincomelossnetoftaxperoutstandinglimitedpartnershipunitdiluted": 0.19,
        "weightedaveragelimitedpartnershipunitsoutstanding": 400000000,
        "weightedaveragelimitedpartnershipunitsoutstandingdiluted": 405000000,
        "distributionmadetolimitedpartnerdistributionsdeclaredperunit": 0.54,
        "interestcostscapitalized": 7000000
    },
    {
        "date": "2016-09-29",
        "symbol": "MPLX",
        "period": "Q3",
        "salesrevenueservicesnet": 250000000,
        "salesrevenueservicesfromrelatedparties": 153000000,
        "operatingleasesincomestatementleaserevenue": 77000000,
        "operatingleaseincomestatementleaserevenuerelatedparties": 29000000,
        "salesrevenuegoodsnet": 200000000,
        "salesrevenuegoodsrelatedparty": 2000000,
        "incomelossfromequitymethodinvestments": 0,
        "otheroperatingincome": 16000000,
        "relatedpartytransactionotherrevenuesfromtransactionswithrelatedparty": 5000000,
        "revenues": 216000000,
        "refiningandmarketingcosts": 90000000,
        "naturalgasmidstreamcosts": 117000000,
        "costofrentalsalesandoccupancycosts": 11000000,
        "costsandexpensesrelatedparty": 84000000,
        "goodwillandintangibleassetimpairment": 0,
        "generalandadministrativeexpense": 46000000,
        "taxesexcludingincomeandexcisetaxes": 10000000,
        "costsandexpenses": 496000000,
        "incomelossfromcontinuingoperations": 207000000,
        "interestexpensedebtexcludingamortization": 51000000,
        "othernonoperatingincomeexpense": -13000000,
        "incomelossfromcontinuingoperationsbeforeincometaxesextraordinaryitemsnoncontrollinginterest": 0,
        "profitloss": 143000000,
        "netincomeloss": 16000000,
        "netincomelossallocatedtogeneralpartners": 51000000,
        "netincomelossallocatedtolimitedpartners": 74000000,
        "netincomelossperoutstandinglimitedpartnershipunitbasicnetoftax": 0.24,
        "netincomelossnetoftaxperoutstandinglimitedpartnershipunitdiluted": 0.24,
        "weightedaveragelimitedpartnershipunitsoutstanding": 8000000,
        "weightedaveragelimitedpartnershipunitsoutstandingdiluted": 8000000,
        "distributionmadetolimitedpartnerdistributionsdeclaredperunit": 0.515,
        "interestcostscapitalized": 7000000
    },
    {
        "date": "2016-06-29",
        "symbol": "MPLX",
        "period": "Q2",
        "salesrevenueservicesnet": 233000000,
        "salesrevenueservicesfromrelatedparties": 145000000,
        "operatingleasesincomestatementleaserevenue": 71000000,
        "operatingleaseincomestatementleaserevenuerelatedparties": 29000000,
        "salesrevenuegoodsnet": 193000000,
        "salesrevenuegoodsrelatedparty": 3000000,
        "incomelossfromequitymethodinvestments": -93000000,
        "otheroperatingincome": 18000000,
        "relatedpartytransactionotherrevenuesfromtransactionswithrelatedparty": 3000000,
        "revenues": 211000000,
        "refiningandmarketingcosts": 84000000,
        "naturalgasmidstreamcosts": 114000000,
        "costofrentalsalesandoccupancycosts": 14000000,
        "costsandexpensesrelatedparty": 78000000,
        "depreciation": 0,
        "goodwillandintangibleassetimpairment": 1000000,
        "generalandadministrativeexpense": 49000000,
        "taxesexcludingincomeandexcisetaxes": 11000000,
        "costsandexpenses": 488000000,
        "incomelossfromcontinuingoperations": 76000000,
        "interestandotherfinancialcostsfromrelatedparties": 0,
        "interestexpensedebtexcludingamortization": 52000000,
        "othernonoperatingincomeexpense": -12000000,
        "incomelossfromcontinuingoperationsbeforeincometaxesextraordinaryitemsnoncontrollinginterest": 1000000,
        "incometaxexpensebenefit": 0,
        "profitloss": -40000000,
        "netincomeloss": -30000000,
        "netincomelossallocatedtogeneralpartners": 46000000,
        "netincomelossallocatedtolimitedpartners": -36000000,
        "netincomelossperoutstandinglimitedpartnershipunitbasicnetoftax": -0.09999999999999998,
        "netincomelossnetoftaxperoutstandinglimitedpartnershipunitdiluted": -0.09999999999999998,
        "weightedaveragelimitedpartnershipunitsoutstanding": 1000000,
        "weightedaveragelimitedpartnershipunitsoutstandingdiluted": 1000000,
        "distributionmadetolimitedpartnerdistributionsdeclaredperunit": 0.5099999999999999,
        "interestcostscapitalized": 7000000
    },
    {
        "date": "2016-03-30",
        "symbol": "MPLX",
        "period": "Q1",
        "salesrevenueservicesnet": 229000000,
        "salesrevenueservicesfromrelatedparties": 150000000,
        "operatingleasesincomestatementleaserevenue": 70000000,
        "operatingleaseincomestatementleaserevenuerelatedparties": 26000000,
        "salesrevenuegoodsnet": 192000000,
        "salesrevenuegoodsrelatedparty": 3000000,
        "incomelossfromequitymethodinvestments": 5000000,
        "otheroperatingincome": 19000000,
        "relatedpartytransactionotherrevenuesfromtransactionswithrelatedparty": 4000000,
        "revenues": 211000000,
        "refiningandmarketingcosts": 89000000,
        "naturalgasmidstreamcosts": 79000000,
        "costofrentalsalesandoccupancycosts": 14000000,
        "costsandexpensesrelatedparty": 76000000,
        "depreciation": 1000000,
        "goodwillandintangibleassetimpairment": 129000000,
        "generalandadministrativeexpense": 52000000,
        "taxesexcludingincomeandexcisetaxes": 11000000,
        "costsandexpenses": 582000000,
        "incomelossfromcontinuingoperations": 27000000,
        "interestandotherfinancialcostsfromrelatedparties": 1000000,
        "interestexpensedebtexcludingamortization": 55000000,
        "othernonoperatingincomeexpense": -12000000,
        "incomelossfromcontinuingoperationsbeforeincometaxesextraordinaryitemsnoncontrollinginterest": 1000000,
        "incometaxexpensebenefit": 1000000,
        "profitloss": 23000000,
        "incomelossattributabletononcontrollinginterestandpredecessor": 23000000,
        "netincomeloss": 39000000,
        "netincomelossallocatedtogeneralpartners": 39000000,
        "netincomelossallocatedtolimitedpartners": -99000000,
        "netincomelossperoutstandinglimitedpartnershipunitbasicnetoftax": -0.33,
        "netincomelossnetoftaxperoutstandinglimitedpartnershipunitdiluted": -0.33,
        "weightedaveragelimitedpartnershipunitsoutstanding": 7000000,
        "weightedaveragelimitedpartnershipunitsoutstandingdiluted": 7000000,
        "distributionmadetolimitedpartnerdistributionsdeclaredperunit": 0.505,
        "interestcostscapitalized": 7000000
    },
    {
        "date": "2015-09-29",
        "symbol": "MPLX",
        "period": "Q3",
        "refiningandmarketingrevenue": 18200000,
        "revenuefromrelatedparties": -123600000,
        "otheroperatingincome": 1400000,
        "relatedpartytransactionotherrevenuesfromtransactionswithrelatedparty": -6100000,
        "revenues": 148600000,
        "refiningandmarketingcosts": 41900000,
        "costsandexpensesrelatedparty": 26500000,
        "depreciation": 12700000,
        "generalandadministrativeexpense": 21100000,
        "taxesexcludingincomeandexcisetaxes": -700000,
        "costsandexpenses": 101500000,
        "incomelossfromcontinuingoperations": 47100000,
        "interestanddebtexpense": 5200000,
        "incomelossfromcontinuingoperationsbeforeincometaxesextraordinaryitemsnoncontrollinginterest": 41900000,
        "profitloss": -50900000,
        "netincomelossattributabletononcontrollinginterest": 300000,
        "netincomeloss": -31000000,
        "netincomelossallocatedtogeneralpartners": 8600000,
        "netincomelossallocatedtolimitedpartners": 32900000,
        "netincomelossperoutstandinglimitedpartnershipunitbasicnetoftax": 0.4000000000000001,
        "netincomelossnetoftaxperoutstandinglimitedpartnershipunitdiluted": 0.4000000000000001,
        "netincomelossperoutstandinglimitedpartnershipandgeneralpartnershipunitbasicanddiluted": 0.4000000000000001,
        "weightedaveragelimitedpartnershipunitsoutstanding": -81900000,
        "weightedaveragelimitedpartnershipunitsoutstandingdiluted": -82000000,
        "weightedaveragenumberoflimitedpartnershipandgeneralpartnershipunitoutstandingbasicanddiluted": -49500000,
        "distributionmadetolimitedpartnerdistributionsdeclaredperunit": 0.47000000000000014
    },
    {
        "date": "2015-06-29",
        "symbol": "MPLX",
        "period": "Q2",
        "refiningandmarketingrevenue": 16400000,
        "revenuefromrelatedparties": 123600000,
        "gainslossesonsalesofassets": -200000,
        "otheroperatingincome": 1400000,
        "relatedpartytransactionotherrevenuesfromtransactionswithrelatedparty": 100000,
        "revenues": 147600000,
        "refiningandmarketingcosts": 31700000,
        "costsandexpensesrelatedparty": 24700000,
        "depreciation": 12700000,
        "generalandadministrativeexpense": 17900000,
        "taxesexcludingincomeandexcisetaxes": 3000000,
        "costsandexpenses": 90000000,
        "incomelossfromcontinuingoperations": 57600000,
        "interestanddebtexpense": 6200000,
        "incomelossfromcontinuingoperationsbeforeincometaxesextraordinaryitemsnoncontrollinginterest": 51400000,
        "profitloss": 51400000,
        "netincomelossattributabletononcontrollinginterest": 200000,
        "netincomeloss": 11000000,
        "netincomelossallocatedtogeneralpartners": 6800000,
        "netincomelossallocatedtolimitedpartners": 44400000,
        "netincomelossperoutstandinglimitedpartnershipunitbasicnetoftax": 0.5,
        "netincomelossnetoftaxperoutstandinglimitedpartnershipunitdiluted": 0.5,
        "netincomelossperoutstandinglimitedpartnershipandgeneralpartnershipunitbasicanddiluted": 0.5,
        "weightedaveragelimitedpartnershipunitsoutstanding": 1600000,
        "weightedaveragelimitedpartnershipunitsoutstandingdiluted": 1600000,
        "weightedaveragenumberoflimitedpartnershipandgeneralpartnershipunitoutstandingbasicanddiluted": 37000000,
        "distributionmadetolimitedpartnerdistributionsdeclaredperunit": 0.44
    },
    {
        "date": "2015-03-30",
        "symbol": "MPLX",
        "period": "Q1",
        "refiningandmarketingrevenue": 15600000,
        "revenuefromrelatedparties": 600000,
        "otheroperatingincome": 1400000,
        "relatedpartytransactionotherrevenuesfromtransactionswithrelatedparty": 6100000,
        "revenues": 137500000,
        "refiningandmarketingcosts": 27800000,
        "costsandexpensesrelatedparty": 23900000,
        "depreciation": 12700000,
        "generalandadministrativeexpense": 18700000,
        "taxesexcludingincomeandexcisetaxes": 3200000,
        "costsandexpenses": 86300000,
        "incomelossfromcontinuingoperations": 51200000,
        "interestanddebtexpense": 5300000,
        "incomelossfromcontinuingoperationsbeforeincometaxesextraordinaryitemsnoncontrollinginterest": 45900000,
        "profitloss": 300000,
        "netincomelossattributabletononcontrollinginterest": 300000,
        "netincomeloss": 45600000,
        "netincomelossallocatedtogeneralpartners": 4000000,
        "netincomelossallocatedtolimitedpartners": 41600000,
        "netincomelossperoutstandinglimitedpartnershipunitbasicnetoftax": 0.46,
        "netincomelossnetoftaxperoutstandinglimitedpartnershipunitdiluted": 0.46,
        "netincomelossperoutstandinglimitedpartnershipandgeneralpartnershipunitbasicanddiluted": 0.46,
        "weightedaveragelimitedpartnershipunitsoutstanding": 81900000,
        "weightedaveragelimitedpartnershipunitsoutstandingdiluted": 82000000,
        "weightedaveragenumberoflimitedpartnershipandgeneralpartnershipunitoutstandingbasicanddiluted": 37000000,
        "distributionmadetolimitedpartnerdistributionsdeclaredperunit": 0.41
    },
    {
        "date": "2014-09-29",
        "symbol": "MPLX",
        "period": "Q3",
        "refiningandmarketingrevenue": 16600000,
        "revenuefromrelatedparties": 114100000,
        "otheroperatingincome": 1500000,
        "relatedpartytransactionotherrevenuesfromtransactionswithrelatedparty": 5800000,
        "revenues": 31900000,
        "refiningandmarketingcosts": 40600000,
        "costsandexpensesrelatedparty": 23700000,
        "depreciation": 12500000,
        "generalandadministrativeexpense": 14000000,
        "taxesexcludingincomeandexcisetaxes": 1700000,
        "costsandexpenses": 92500000,
        "incomelossfromcontinuingoperations": 45500000,
        "interestanddebtexpense": -400000,
        "incomelossfromcontinuingoperationsbeforeincometaxesextraordinaryitemsnoncontrollinginterest": 45900000,
        "incometaxexpensebenefit": 100000,
        "profitloss": 30400000,
        "netincomelossattributabletononcontrollinginterest": 14000000,
        "netincomeloss": -76300000,
        "netincomelossallocatedtogeneralpartners": -1500000,
        "netincomelossallocatedtolimitedpartners": 27600000,
        "netincomelossperoutstandinglimitedpartnershipunitbasicnetoftax": 0.37,
        "netincomelossnetoftaxperoutstandinglimitedpartnershipunitdiluted": 0.37,
        "netincomelossperoutstandinglimitedpartnershipandgeneralpartnershipunitbasicanddiluted": 0.37,
        "weightedaveragelimitedpartnershipunitsoutstanding": 75500000,
        "weightedaveragelimitedpartnershipunitsoutstandingdiluted": 1400000,
        "weightedaveragenumberoflimitedpartnershipandgeneralpartnershipunitoutstandingbasicanddiluted": 37000000,
        "distributionmadetolimitedpartnerdistributionsdeclaredperunit": 0.3575
    },
    {
        "date": "2014-06-29",
        "symbol": "MPLX",
        "period": "Q2",
        "refiningandmarketingrevenue": 18700000,
        "revenuefromrelatedparties": 108100000,
        "otheroperatingincome": 1100000,
        "relatedpartytransactionotherrevenuesfromtransactionswithrelatedparty": 6000000,
        "revenues": 32700000,
        "refiningandmarketingcosts": 35700000,
        "costsandexpensesrelatedparty": 23700000,
        "depreciation": 12400000,
        "generalandadministrativeexpense": 13800000,
        "taxesexcludingincomeandexcisetaxes": 1900000,
        "costsandexpenses": 87500000,
        "incomelossfromcontinuingoperations": 46400000,
        "interestanddebtexpense": -500000,
        "incomelossfromcontinuingoperationsbeforeincometaxesextraordinaryitemsnoncontrollinginterest": 46900000,
        "incometaxexpensebenefit": 100000,
        "profitloss": 30900000,
        "netincomelossattributabletononcontrollinginterest": 14100000,
        "netincomeloss": -77700000,
        "netincomelossallocatedtogeneralpartners": -1200000,
        "netincomelossallocatedtolimitedpartners": 27600000,
        "netincomelossperoutstandinglimitedpartnershipunitbasicnetoftax": 0.37,
        "netincomelossnetoftaxperoutstandinglimitedpartnershipunitdiluted": 0.37,
        "netincomelossperoutstandinglimitedpartnershipandgeneralpartnershipunitbasicanddiluted": 0.37,
        "weightedaveragenumberoflimitedpartnershipandgeneralpartnershipunitoutstandingbasicanddiluted": 19900000,
        "distributionmadetolimitedpartnerdistributionsdeclaredperunit": 0.3425
    },
    {
        "date": "2014-03-30",
        "symbol": "MPLX",
        "period": "Q1",
        "refiningandmarketingrevenue": 16900000,
        "revenuefromrelatedparties": 113800000,
        "otheroperatingincome": 1500000,
        "relatedpartytransactionotherrevenuesfromtransactionswithrelatedparty": 5100000,
        "revenuesandotherincome": 137300000,
        "refiningandmarketingcosts": 26600000,
        "costsandexpensesrelatedparty": 24000000,
        "depreciation": 12600000,
        "generalandadministrativeexpense": 1700000,
        "taxesexcludingincomeandexcisetaxes": 1900000,
        "costsandexpenses": 79300000,
        "incomelossfromcontinuingoperations": -72800000,
        "interestanddebtexpense": -400000,
        "incomelossfromcontinuingoperationsbeforeincometaxesextraordinaryitemsnoncontrollinginterest": -72800000,
        "incometaxexpensebenefit": 100000,
        "profitloss": -72800000,
        "netincomelossattributabletononcontrollinginterest": 21500000,
        "netincomeloss": 35900000,
        "netincomelossallocatedtogeneralpartners": -1000000,
        "netincomelossallocatedtolimitedpartners": 33200000,
        "netincomelossperoutstandinglimitedpartnershipunitbasicnetoftax": 0.41,
        "netincomelossnetoftaxperoutstandinglimitedpartnershipunitdiluted": 0.41,
        "netincomelossperoutstandinglimitedpartnershipandgeneralpartnershipunitbasicanddiluted": 0.41,
        "weightedaveragenumberoflimitedpartnershipandgeneralpartnershipunitoutstandingbasicanddiluted": 37000000,
        "distributionmadetolimitedpartnerdistributionsdeclaredperunit": 0.3275
    },
    {
        "date": "2013-09-29",
        "symbol": "MPLX",
        "period": "Q3",
        "refiningandmarketingrevenue": 20400000,
        "revenuefromrelatedparties": 97800000,
        "otheroperatingincome": 1000000,
        "relatedpartytransactionotherrevenuesfromtransactionswithrelatedparty": 4300000,
        "revenuesandotherincome": 123800000,
        "refiningandmarketingcosts": 33100000,
        "costsandexpensesrelatedparty": 23800000,
        "depreciation": 12700000,
        "generalandadministrativeexpense": 13000000,
        "taxesexcludingincomeandexcisetaxes": 1400000,
        "costsandexpenses": 84000000,
        "incomelossfromcontinuingoperations": 39800000,
        "interestanddebtexpense": 200000,
        "incomelossfromcontinuingoperationsbeforeincometaxesextraordinaryitemsnoncontrollinginterest": 39600000,
        "incometaxexpensebenefit": 400000,
        "profitloss": 39200000,
        "netincomelossattributabletononcontrollinginterest": 17700000,
        "netincomeloss": 10500000,
        "netincomelossallocatedtogeneralpartners": -500000,
        "netincomelossallocatedtolimitedpartners": 21000000,
        "netincomelossperoutstandinglimitedpartnershipunitbasicnetoftax": 0.29,
        "netincomelossnetoftaxperoutstandinglimitedpartnershipunitdiluted": 0.29,
        "netincomelossperoutstandinglimitedpartnershipandgeneralpartnershipunitbasicanddiluted": 0.29,
        "weightedaveragenumberoflimitedpartnershipandgeneralpartnershipunitoutstandingbasicanddiluted": 19900000,
        "distributionmadetolimitedpartnerdistributionsdeclaredperunit": 0.2975
    },
    {
        "date": "2013-06-29",
        "symbol": "MPLX",
        "period": "Q2",
        "refiningandmarketingrevenue": 18800000,
        "revenuefromrelatedparties": 97300000,
        "otheroperatingincome": 900000,
        "relatedpartytransactionotherrevenuesfromtransactionswithrelatedparty": 4900000,
        "revenuesandotherincome": 122200000,
        "refiningandmarketingcosts": 35600000,
        "costsandexpensesrelatedparty": 23800000,
        "depreciation": 11900000,
        "generalandadministrativeexpense": 13900000,
        "taxesexcludingincomeandexcisetaxes": 1800000,
        "costsandexpenses": 87000000,
        "incomelossfromcontinuingoperations": 35200000,
        "interestanddebtexpense": 300000,
        "incomelossfromcontinuingoperationsbeforeincometaxesextraordinaryitemsnoncontrollinginterest": 34900000,
        "incometaxexpensebenefit": 100000,
        "profitloss": 34800000,
        "netincomelossattributabletononcontrollinginterest": 16200000,
        "netincomeloss": 300000,
        "netincomelossallocatedtogeneralpartners": 300000,
        "netincomelossallocatedtolimitedpartners": 18300000,
        "netincomelossperoutstandinglimitedpartnershipunitbasicnetoftax": 0.26,
        "netincomelossnetoftaxperoutstandinglimitedpartnershipunitdiluted": 0.26,
        "weightedaveragelimitedpartnershipunitsoutstanding": 37000000,
        "weightedaveragelimitedpartnershipunitsoutstandingdiluted": 37000000,
        "distributionmadetolimitedpartnerdistributionsdeclaredperunit": 0.285
    },
    {
        "date": "2013-03-30",
        "symbol": "MPLX",
        "period": "Q1",
        "refiningandmarketingrevenue": 20800000,
        "revenuefromrelatedparties": 89100000,
        "otheroperatingincome": 1200000,
        "relatedpartytransactionotherrevenuesfromtransactionswithrelatedparty": 3300000,
        "revenuesandotherincome": 114700000,
        "refiningandmarketingcosts": 30500000,
        "costsandexpensesrelatedparty": 21800000,
        "depreciation": 11700000,
        "generalandadministrativeexpense": 13500000,
        "taxesexcludingincomeandexcisetaxes": 1700000,
        "costsandexpenses": 79200000,
        "incomelossfromcontinuingoperations": 35500000,
        "interestanddebtexpense": 200000,
        "incomelossfromcontinuingoperationsbeforeincometaxesextraordinaryitemsnoncontrollinginterest": 35300000,
        "profitloss": 5200000,
        "netincomelossattributabletononcontrollinginterest": 17700000,
        "netincomeloss": 9600000,
        "netincomelossallocatedtogeneralpartners": 400000,
        "netincomelossallocatedtolimitedpartners": 17200000,
        "netincomelossperoutstandinglimitedpartnershipunit": 0.21,
        "netincomelossperoutstandinglimitedpartnershipunitdiluted": 0.21,
        "weightedaveragelimitedpartnershipunitsoutstanding": 19900000,
        "weightedaveragelimitedpartnershipunitsoutstandingdiluted": 19900000,
        "distributionmadetomemberorlimitedpartnerdistributionsdeclaredperunit": 0.2725
    }
]