[
    {
        "date": "2024-04-26",
        "symbol": "CSCO",
        "period": "Q3",
        "revenuefromcontractwithcustomerexcludingassessedtax": 9024000000,
        "costofgoodsandservicessold": 3295000000,
        "grossprofit": 8273000000,
        "researchanddevelopmentexpense": 1948000000,
        "sellingandmarketingexpense": 2559000000,
        "generalandadministrativeexpense": 736000000,
        "amortizationofintangibleassets": 297000000,
        "restructuringandothercharges": 542000000,
        "operatingexpenses": 6082000000,
        "operatingincomeloss": 2191000000,
        "investmentincomeinterestanddividend": 411000000,
        "interestexpense": 357000000,
        "othernonoperatingincomeexpense": -10000000,
        "nonoperatingincomeexpense": 44000000,
        "incomelossfromcontinuingoperationsbeforeincometaxesextraordinaryitemsnoncontrollinginterest": 2235000000,
        "incometaxexpensebenefit": 349000000,
        "netincomeloss": 1886000000,
        "earningspersharebasic": 0.47,
        "earningspersharediluted": 0.46,
        "weightedaveragenumberofsharesoutstandingbasic": 4042000000,
        "weightedaveragenumberofdilutedsharesoutstanding": 4060000000,
        "othercomprehensiveincomeunrealizedholdinggainlossonsecuritiesarisingduringperiodnetoftax": -39000000,
        "othercomprehensiveincomelossreclassificationadjustmentfromaociforsaleofsecuritiesnetoftax": -11000000,
        "othercomprehensiveincomelossavailableforsalesecuritiesadjustmentnetoftax": -28000000,
        "othercomprehensiveincomelosscashflowhedgegainlossbeforereclassificationaftertax": 63000000,
        "othercomprehensiveincomelosscashflowhedgegainlossreclassificationaftertax": 9000000,
        "othercomprehensiveincomelosscashflowhedgegainlossafterreclassificationandtaxparent": 54000000,
        "othercomprehensiveincomeforeigncurrencytransactionandtranslationadjustmentnetoftaxportionattributabletoparent": -144000000,
        "othercomprehensiveincomelossnetoftaxportionattributabletoparent": -118000000,
        "comprehensiveincomenetoftax": 1768000000,
        "othercomprehensiveincomelossavailableforsalesecuritiesbeforereclassificationadjustmentstax": -19000000,
        "othercomprehensiveincomelossreclassificationadjustmentfromaociforsaleofsecuritiestax": -3000000,
        "othercomprehensiveincomelosscashflowhedgegainlossbeforereclassificationtax": 20000000,
        "othercomprehensiveincomelosscashflowhedgegainlossreclassificationtax": 4000000,
        "othercomprehensiveincomelossforeigncurrencytranslationadjustmentandactuarialgainsandlossestax": 2000000
    },
    {
        "date": "2023-10-27",
        "symbol": "CSCO",
        "period": "Q1",
        "revenuefromcontractwithcustomerexcludingassessedtax": 11139000000,
        "costofgoodsandservicessold": 3957000000,
        "grossprofit": 9557000000,
        "researchanddevelopmentexpense": 1913000000,
        "sellingandmarketingexpense": 2506000000,
        "generalandadministrativeexpense": 672000000,
        "amortizationofintangibleassets": 67000000,
        "restructuringandothercharges": 123000000,
        "operatingexpenses": 5281000000,
        "operatingincomeloss": 4276000000,
        "investmentincomeinterestanddividend": 360000000,
        "interestexpense": 111000000,
        "othernonoperatingincomeexpense": -83000000,
        "nonoperatingincomeexpense": 166000000,
        "incomelossfromcontinuingoperationsbeforeincometaxesextraordinaryitemsnoncontrollinginterest": 4442000000,
        "incometaxexpensebenefit": 804000000,
        "netincomeloss": 3638000000,
        "earningspersharebasic": 0.9,
        "earningspersharediluted": 0.89,
        "weightedaveragenumberofsharesoutstandingbasic": 4057000000,
        "weightedaveragenumberofdilutedsharesoutstanding": 4087000000,
        "othercomprehensiveincomeunrealizedholdinggainlossonsecuritiesarisingduringperiodnetoftax": -130000000,
        "othercomprehensiveincomelossreclassificationadjustmentfromaociforsaleofsecuritiesnetoftax": -16000000,
        "othercomprehensiveincomelossavailableforsalesecuritiesadjustmentnetoftax": -114000000,
        "othercomprehensiveincomelosscashflowhedgegainlossbeforereclassificationaftertax": 29000000,
        "othercomprehensiveincomelosscashflowhedgegainlossreclassificationaftertax": 9000000,
        "othercomprehensiveincomelosscashflowhedgegainlossafterreclassificationandtaxparent": 20000000,
        "othercomprehensiveincomeforeigncurrencytransactionandtranslationadjustmentnetoftaxportionattributabletoparent": -356000000,
        "othercomprehensiveincomelossnetoftaxportionattributabletoparent": -450000000,
        "comprehensiveincomenetoftax": 3188000000,
        "othercomprehensiveincomelossavailableforsalesecuritiesbeforereclassificationadjustmentstax": -40000000,
        "othercomprehensiveincomelossreclassificationadjustmentfromaociforsaleofsecuritiestax": -4000000,
        "othercomprehensiveincomelosscashflowhedgegainlossbeforereclassificationtax": 9000000,
        "othercomprehensiveincomelosscashflowhedgegainlossreclassificationtax": 3000000,
        "othercomprehensiveincomelossforeigncurrencytranslationadjustmentandactuarialgainsandlossestax": -1000000
    },
    {
        "date": "2023-01-27",
        "symbol": "CSCO",
        "period": "Q2",
        "revenuefromcontractwithcustomerexcludingassessedtax": 10155000000,
        "costofgoodsandservicessold": 4038000000,
        "grossprofit": 8427000000,
        "researchanddevelopmentexpense": 1855000000,
        "sellingandmarketingexpense": 2384000000,
        "generalandadministrativeexpense": 582000000,
        "amortizationofintangibleassets": 71000000,
        "restructuringandothercharges": 243000000,
        "operatingexpenses": 5135000000,
        "operatingincomeloss": 3292000000,
        "investmentincomeinterestanddividend": 219000000,
        "interestexpense": 107000000,
        "othernonoperatingincomeexpense": 11000000,
        "nonoperatingincomeexpense": 123000000,
        "incomelossfromcontinuingoperationsbeforeincometaxesextraordinaryitemsnoncontrollinginterest": 3415000000,
        "incometaxexpensebenefit": 642000000,
        "netincomeloss": 2773000000,
        "earningspersharebasic": 0.68,
        "earningspersharediluted": 0.67,
        "weightedaveragenumberofsharesoutstandingbasic": -3000000,
        "weightedaveragenumberofdilutedsharesoutstanding": -1000000,
        "othercomprehensiveincomeunrealizedholdinggainlossonsecuritiesarisingduringperiodnetoftax": 187000000,
        "othercomprehensiveincomelossreclassificationadjustmentfromaociforsaleofsecuritiesnetoftax": -3000000,
        "othercomprehensiveincomelossavailableforsalesecuritiesadjustmentnetoftax": 190000000,
        "othercomprehensiveincomelosscashflowhedgegainlossbeforereclassificationaftertax": -33000000,
        "othercomprehensiveincomelosscashflowhedgegainlossreclassificationaftertax": 14000000,
        "othercomprehensiveincomelosscashflowhedgegainlossafterreclassificationandtaxparent": -47000000,
        "othercomprehensiveincomeforeigncurrencytransactionandtranslationadjustmentnetoftaxportionattributabletoparent": 389000000,
        "othercomprehensiveincomelossnetoftaxportionattributabletoparent": 532000000,
        "comprehensiveincomenetoftax": 3305000000,
        "othercomprehensiveincomelossavailableforsalesecuritiesbeforereclassificationadjustmentstax": 66000000,
        "othercomprehensiveincomelossreclassificationadjustmentfromaociforsaleofsecuritiestax": 0,
        "othercomprehensiveincomelosscashflowhedgegainlossbeforereclassificationtax": -11000000,
        "othercomprehensiveincomelosscashflowhedgegainlossreclassificationtax": 4000000,
        "othercomprehensiveincomelossforeigncurrencytranslationadjustmentandactuarialgainsandlossestax": -2000000
    },
    {
        "date": "2022-10-28",
        "symbol": "CSCO",
        "period": "Q1",
        "revenuefromcontractwithcustomerexcludingassessedtax": 10245000000,
        "costofgoodsandservicessold": 4179000000,
        "grossprofit": 8346000000,
        "researchanddevelopmentexpense": 1781000000,
        "sellingandmarketingexpense": 2391000000,
        "generalandadministrativeexpense": 565000000,
        "amortizationofintangibleassets": 71000000,
        "restructuringandothercharges": -2000000,
        "operatingexpenses": 4806000000,
        "operatingincomeloss": 3540000000,
        "investmentincomeinterestanddividend": 169000000,
        "interestexpense": 100000000,
        "othernonoperatingincomeexpense": -134000000,
        "nonoperatingincomeexpense": -65000000,
        "incomelossfromcontinuingoperationsbeforeincometaxesextraordinaryitemsnoncontrollinginterest": 3475000000,
        "incometaxexpensebenefit": 805000000,
        "netincomeloss": 2670000000,
        "earningspersharebasic": 0.65,
        "earningspersharediluted": 0.65,
        "weightedaveragenumberofsharesoutstandingbasic": 4108000000,
        "weightedaveragenumberofdilutedsharesoutstanding": 4116000000,
        "othercomprehensiveincomeunrealizedholdinggainlossonsecuritiesarisingduringperiodnetoftax": -251000000,
        "othercomprehensiveincomelossreclassificationadjustmentfromaociforsaleofsecuritiesnetoftax": -5000000,
        "othercomprehensiveincomelossavailableforsalesecuritiesadjustmentnetoftax": -246000000,
        "othercomprehensiveincomelosscashflowhedgegainlossbeforereclassificationaftertax": 24000000,
        "othercomprehensiveincomelosscashflowhedgegainlossreclassificationaftertax": 14000000,
        "othercomprehensiveincomelosscashflowhedgegainlossafterreclassificationandtaxparent": 10000000,
        "othercomprehensiveincomeforeigncurrencytransactionandtranslationadjustmentnetoftaxportionattributabletoparent": -260000000,
        "othercomprehensiveincomelossnetoftaxportionattributabletoparent": -496000000,
        "comprehensiveincomenetoftax": 2174000000,
        "othercomprehensiveincomelossavailableforsalesecuritiesbeforereclassificationadjustmentstax": -78000000,
        "othercomprehensiveincomelossreclassificationadjustmentfromaociforsaleofsecuritiestax": -1000000,
        "othercomprehensiveincomelosscashflowhedgegainlossbeforereclassificationtax": 8000000,
        "othercomprehensiveincomelosscashflowhedgegainlossreclassificationtax": 5000000,
        "othercomprehensiveincomelossforeigncurrencytranslationadjustmentandactuarialgainsandlossestax": -22000000
    },
    {
        "date": "2022-07-29",
        "symbol": "CSCO",
        "period": "Q4",
        "revenuefromcontractwithcustomerexcludingassessedtax": 9688000000,
        "costofgoodsandservicessold": 3966000000,
        "grossprofit": 8025000000,
        "researchanddevelopmentexpense": 1682000000,
        "sellingandmarketingexpense": 2349000000,
        "generalandadministrativeexpense": 489000000,
        "amortizationofintangibleassets": 73000000,
        "operatingexpenses": 4591000000,
        "operatingincomeloss": 3434000000,
        "investmentincomeinterestanddividend": 129000000,
        "interestexpense": 93000000,
        "othernonoperatingincomeexpense": -54000000,
        "nonoperatingincomeexpense": -18000000,
        "incomelossfromcontinuingoperationsbeforeincometaxesextraordinaryitemsnoncontrollinginterest": 3416000000,
        "incometaxexpensebenefit": 601000000,
        "netincomeloss": 2815000000,
        "earningspersharebasic": 0.6800000000000002,
        "earningspersharediluted": 0.6799999999999999,
        "weightedaveragenumberofsharesoutstandingbasic": -14000000,
        "weightedaveragenumberofdilutedsharesoutstanding": -12000000,
        "othercomprehensiveincomeunrealizedholdinggainlossonsecuritiesarisingduringperiodnetoftax": 40000000,
        "othercomprehensiveincomelossavailableforsalesecuritiesadjustmentnetoftax": 47000000,
        "othercomprehensiveincomelosscashflowhedgegainlossbeforereclassificationaftertax": 18000000,
        "othercomprehensiveincomelosscashflowhedgegainlossreclassificationaftertax": 10000000,
        "othercomprehensiveincomelosscashflowhedgegainlossafterreclassificationandtaxparent": 8000000,
        "othercomprehensiveincomeforeigncurrencytransactionandtranslationadjustmentnetoftaxportionattributabletoparent": -214000000,
        "othercomprehensiveincomelossnetoftaxportionattributabletoparent": -159000000,
        "comprehensiveincomenetoftax": 2656000000,
        "othercomprehensiveincomelossavailableforsalesecuritiesbeforereclassificationadjustmentstax": -54000000,
        "othercomprehensiveincomelossreclassificationadjustmentfromaociforsaleofsecuritiestax": -2000000,
        "othercomprehensiveincomelosscashflowhedgegainlossbeforereclassificationtax": 6000000
    },
    {
        "date": "2022-04-29",
        "symbol": "CSCO",
        "period": "Q3",
        "revenuefromcontractwithcustomerexcludingassessedtax": 9448000000,
        "costofgoodsandservicessold": 3606000000,
        "grossprofit": 8121000000,
        "researchanddevelopmentexpense": 1708000000,
        "sellingandmarketingexpense": 2209000000,
        "generalandadministrativeexpense": 517000000,
        "amortizationofintangibleassets": 77000000,
        "restructuringandothercharges": 0,
        "operatingexpenses": 4511000000,
        "operatingincomeloss": 3610000000,
        "investmentincomeinterestanddividend": 115000000,
        "interestexpense": 90000000,
        "othernonoperatingincomeexpense": 166000000,
        "nonoperatingincomeexpense": 191000000,
        "incomelossfromcontinuingoperationsbeforeincometaxesextraordinaryitemsnoncontrollinginterest": 3801000000,
        "incometaxexpensebenefit": 757000000,
        "netincomeloss": 3044000000,
        "earningspersharebasic": 0.73,
        "earningspersharediluted": 0.7300000000000002,
        "weightedaveragenumberofsharesoutstandingbasic": -17000000,
        "weightedaveragenumberofdilutedsharesoutstanding": -18000000,
        "othercomprehensiveincomeunrealizedholdinggainlossonsecuritiesarisingduringperiodnetoftax": -376000000,
        "othercomprehensiveincomelossreclassificationadjustmentfromaociforsaleofsecuritiesnetoftax": 0,
        "othercomprehensiveincomelossavailableforsalesecuritiesadjustmentnetoftax": -376000000,
        "othercomprehensiveincomelosscashflowhedgegainlossbeforereclassificationaftertax": 35000000,
        "othercomprehensiveincomelosscashflowhedgegainlossreclassificationaftertax": 10000000,
        "othercomprehensiveincomelosscashflowhedgegainlossafterreclassificationandtaxparent": 25000000,
        "othercomprehensiveincomeforeigncurrencytransactionandtranslationadjustmentnetoftaxportionattributabletoparent": -323000000,
        "othercomprehensiveincomelossnetoftaxportionattributabletoparent": -674000000,
        "comprehensiveincomenetoftax": 2370000000,
        "othercomprehensiveincomelossavailableforsalesecuritiesbeforereclassificationadjustmentstax": -45000000,
        "othercomprehensiveincomelossreclassificationadjustmentfromaociforsaleofsecuritiestax": 2000000,
        "othercomprehensiveincomelosscashflowhedgegainlossbeforereclassificationtax": 10000000
    },
    {
        "date": "2022-01-28",
        "symbol": "CSCO",
        "period": "Q2",
        "revenuefromcontractwithcustomerexcludingassessedtax": 9353000000,
        "costofgoodsandservicessold": 3569000000,
        "grossprofit": 8049000000,
        "researchanddevelopmentexpense": 1670000000,
        "sellingandmarketingexpense": 2266000000,
        "generalandadministrativeexpense": 544000000,
        "amortizationofintangibleassets": 79000000,
        "restructuringandothercharges": 3000000,
        "operatingexpenses": 4562000000,
        "operatingincomeloss": 3487000000,
        "investmentincomeinterestanddividend": 111000000,
        "interestexpense": 88000000,
        "othernonoperatingincomeexpense": 93000000,
        "nonoperatingincomeexpense": 116000000,
        "incomelossfromcontinuingoperationsbeforeincometaxesextraordinaryitemsnoncontrollinginterest": 3603000000,
        "incometaxexpensebenefit": 630000000,
        "netincomeloss": 2973000000,
        "earningspersharebasic": 0.71,
        "earningspersharediluted": 0.71,
        "weightedaveragenumberofsharesoutstandingbasic": -17000000,
        "weightedaveragenumberofdilutedsharesoutstanding": -21000000,
        "othercomprehensiveincomeunrealizedholdinggainlossonsecuritiesarisingduringperiodnetoftax": -138000000,
        "othercomprehensiveincomelossreclassificationadjustmentfromaociforsaleofsecuritiesnetoftax": 7000000,
        "othercomprehensiveincomelossavailableforsalesecuritiesadjustmentnetoftax": -145000000,
        "othercomprehensiveincomelosscashflowhedgegainlossbeforereclassificationaftertax": 7000000,
        "othercomprehensiveincomelosscashflowhedgegainlossreclassificationaftertax": 1000000,
        "othercomprehensiveincomelosscashflowhedgegainlossafterreclassificationandtaxparent": 6000000,
        "othercomprehensiveincomeforeigncurrencytransactionandtranslationadjustmentnetoftaxportionattributabletoparent": -177000000,
        "othercomprehensiveincomelossnetoftaxportionattributabletoparent": -316000000,
        "comprehensiveincomenetoftax": 2657000000,
        "othercomprehensiveincomelossavailableforsalesecuritiesbeforereclassificationadjustmentstax": -47000000,
        "othercomprehensiveincomelossreclassificationadjustmentfromaociforsaleofsecuritiestax": 3000000,
        "othercomprehensiveincomelosscashflowhedgegainlossbeforereclassificationtax": 3000000,
        "othercomprehensiveincomelossforeigncurrencytranslationadjustmentandactuarialgainsandlossestax": 0
    },
    {
        "date": "2021-10-29",
        "symbol": "CSCO",
        "period": "Q1",
        "revenuefromcontractwithcustomerexcludingassessedtax": 9529000000,
        "costofgoodsandservicessold": 3673000000,
        "grossprofit": 8053000000,
        "researchanddevelopmentexpense": 1714000000,
        "sellingandmarketingexpense": 2261000000,
        "generalandadministrativeexpense": 551000000,
        "amortizationofintangibleassets": 84000000,
        "restructuringandothercharges": 5000000,
        "operatingexpenses": 4615000000,
        "operatingincomeloss": 3438000000,
        "investmentincomeinterestanddividend": 121000000,
        "interestexpense": 89000000,
        "othernonoperatingincomeexpense": 187000000,
        "nonoperatingincomeexpense": 219000000,
        "incomelossfromcontinuingoperationsbeforeincometaxesextraordinaryitemsnoncontrollinginterest": 3657000000,
        "incometaxexpensebenefit": 677000000,
        "netincomeloss": 2980000000,
        "earningspersharebasic": 0.71,
        "earningspersharediluted": 0.7,
        "weightedaveragenumberofsharesoutstandingbasic": 4218000000,
        "weightedaveragenumberofdilutedsharesoutstanding": 4243000000,
        "othercomprehensiveincomeunrealizedholdinggainlossonsecuritiesarisingduringperiodnetoftax": -83000000,
        "othercomprehensiveincomelossreclassificationadjustmentfromaociforsaleofsecuritiesnetoftax": 4000000,
        "othercomprehensiveincomelossavailableforsalesecuritiesadjustmentnetoftax": -87000000,
        "othercomprehensiveincomelosscashflowhedgegainlossbeforereclassificationaftertax": 7000000,
        "othercomprehensiveincomelosscashflowhedgegainlossreclassificationaftertax": 1000000,
        "othercomprehensiveincomelosscashflowhedgegainlossafterreclassificationandtaxparent": 6000000,
        "othercomprehensiveincomeforeigncurrencytransactionandtranslationadjustmentnetoftaxportionattributabletoparent": 25000000,
        "othercomprehensiveincomelossnetoftaxportionattributabletoparent": -56000000,
        "comprehensiveincomenetoftax": 2924000000,
        "othercomprehensiveincomelossavailableforsalesecuritiesbeforereclassificationadjustmentstax": -28000000,
        "othercomprehensiveincomelossreclassificationadjustmentfromaociforsaleofsecuritiestax": 2000000,
        "othercomprehensiveincomelosscashflowhedgegainlossbeforereclassificationtax": 1000000,
        "othercomprehensiveincomelossforeigncurrencytranslationadjustmentandactuarialgainsandlossestax": -9000000
    },
    {
        "date": "2021-04-30",
        "symbol": "CSCO",
        "period": "Q3",
        "revenuefromcontractwithcustomerexcludingassessedtax": 9139000000,
        "costofgoodsandservicessold": 3422000000,
        "grossprofit": 8185000000,
        "researchanddevelopmentexpense": 1697000000,
        "sellingandmarketingexpense": 2317000000,
        "generalandadministrativeexpense": 603000000,
        "amortizationofintangibleassets": 61000000,
        "restructuringandothercharges": 42000000,
        "operatingexpenses": 4720000000,
        "operatingincomeloss": 3465000000,
        "investmentincomeinterestanddividend": 153000000,
        "interestexpense": 111000000,
        "othernonoperatingincomeexpense": 84000000,
        "nonoperatingincomeexpense": 126000000,
        "incomelossfromcontinuingoperationsbeforeincometaxesextraordinaryitemsnoncontrollinginterest": 3591000000,
        "incometaxexpensebenefit": 728000000,
        "netincomeloss": 2863000000,
        "earningspersharebasic": 0.68,
        "earningspersharediluted": 0.68,
        "weightedaveragenumberofsharesoutstandingbasic": 4219000000,
        "weightedaveragenumberofdilutedsharesoutstanding": 4238000000,
        "othercomprehensiveincomeunrealizedholdinggainlossonsecuritiesarisingduringperiodnetoftax": -85000000,
        "othercomprehensiveincomelossreclassificationadjustmentfromaociforsaleofsecuritiesnetoftax": 17000000,
        "othercomprehensiveincomelossavailableforsalesecuritiesadjustmentnetoftax": -102000000,
        "othercomprehensiveincomelosscashflowhedgegainlossbeforereclassificationaftertax": 16000000,
        "othercomprehensiveincomelosscashflowhedgegainlossreclassificationaftertax": 6000000,
        "othercomprehensiveincomelosscashflowhedgegainlossafterreclassificationandtaxparent": 10000000,
        "othercomprehensiveincomeforeigncurrencytransactionandtranslationadjustmentnetoftaxportionattributabletoparent": 22000000,
        "othercomprehensiveincomelossnetoftaxportionattributabletoparent": -70000000,
        "comprehensiveincomenetoftax": 2793000000,
        "othercomprehensiveincomelossavailableforsalesecuritiesbeforereclassificationadjustmentstax": -30000000,
        "othercomprehensiveincomelossreclassificationadjustmentfromaociforsaleofsecuritiestax": 5000000,
        "othercomprehensiveincomelosscashflowhedgegainlossbeforereclassificationtax": 5000000,
        "othercomprehensiveincomelosscashflowhedgegainlossreclassificationtax": 1000000,
        "othercomprehensiveincomelossforeigncurrencytranslationadjustmentandactuarialgainsandlossestax": -2000000
    },
    {
        "date": "2021-01-22",
        "symbol": "CSCO",
        "period": "Q2",
        "revenuefromcontractwithcustomerexcludingassessedtax": 8572000000,
        "costofgoodsandservicessold": 3044000000,
        "grossprofit": 7784000000,
        "researchanddevelopmentexpense": 1527000000,
        "sellingandmarketingexpense": 2277000000,
        "generalandadministrativeexpense": 484000000,
        "amortizationofintangibleassets": 39000000,
        "restructuringandothercharges": 234000000,
        "operatingexpenses": 4561000000,
        "operatingincomeloss": 3223000000,
        "investmentincomeinterestanddividend": 161000000,
        "interestexpense": 113000000,
        "othernonoperatingincomeexpense": -16000000,
        "nonoperatingincomeexpense": 32000000,
        "incomelossfromcontinuingoperationsbeforeincometaxesextraordinaryitemsnoncontrollinginterest": 3255000000,
        "incometaxexpensebenefit": 710000000,
        "netincomeloss": 2545000000,
        "earningspersharebasic": 0.6100000000000001,
        "earningspersharediluted": 0.6000000000000001,
        "weightedaveragenumberofsharesoutstandingbasic": -3000000,
        "weightedaveragenumberofdilutedsharesoutstanding": -5000000,
        "othercomprehensiveincomeunrealizedholdinggainlossonsecuritiesarisingduringperiodnetoftax": 6000000,
        "othercomprehensiveincomelossreclassificationadjustmentfromaociforsaleofsecuritiesnetoftax": 7000000,
        "othercomprehensiveincomelossavailableforsalesecuritiesadjustmentnetoftax": -1000000,
        "othercomprehensiveincomelosscashflowhedgegainlossbeforereclassificationaftertax": -2000000,
        "othercomprehensiveincomelosscashflowhedgegainlossreclassificationaftertax": 3000000,
        "othercomprehensiveincomelossavailableforsalesecuritiesbeforereclassificationadjustmentstax": 0,
        "othercomprehensiveincomelossreclassificationadjustmentfromaociforsaleofsecuritiestax": 2000000,
        "othercomprehensiveincomelosscashflowhedgegainlossreclassificationtax": 0,
        "othercomprehensiveincomelossforeigncurrencytranslationadjustmentandactuarialgainsandlossestax": 2000000
    },
    {
        "date": "2020-10-23",
        "symbol": "CSCO",
        "period": "Q1",
        "revenuefromcontractwithcustomerexcludingassessedtax": 8587000000,
        "costofgoodsandservicessold": 3206000000,
        "grossprofit": 7581000000,
        "researchanddevelopmentexpense": 1612000000,
        "sellingandmarketingexpense": 2217000000,
        "generalandadministrativeexpense": 544000000,
        "amortizationofintangibleassets": 36000000,
        "restructuringandothercharges": 602000000,
        "operatingexpenses": 5011000000,
        "operatingincomeloss": 2570000000,
        "investmentincomeinterestanddividend": 174000000,
        "interestexpense": 112000000,
        "othernonoperatingincomeexpense": 49000000,
        "nonoperatingincomeexpense": 111000000,
        "incomelossfromcontinuingoperationsbeforeincometaxesextraordinaryitemsnoncontrollinginterest": 2681000000,
        "incometaxexpensebenefit": 507000000,
        "netincomeloss": 2174000000,
        "earningspersharebasic": 0.51,
        "earningspersharediluted": 0.51,
        "weightedaveragenumberofsharesoutstandingbasic": 4230000000,
        "weightedaveragenumberofdilutedsharesoutstanding": 4244000000,
        "othercomprehensiveincomeunrealizedholdinggainlossonsecuritiesarisingduringperiodnetoftax": -24000000,
        "othercomprehensiveincomelossreclassificationadjustmentfromaociforsaleofsecuritiesnetoftax": 10000000,
        "othercomprehensiveincomelossavailableforsalesecuritiesadjustmentnetoftax": -34000000,
        "othercomprehensiveincomelosscashflowhedgegainlossbeforereclassificationaftertax": -2000000,
        "othercomprehensiveincomelosscashflowhedgegainlossreclassificationaftertax": 1000000,
        "othercomprehensiveincomelosscashflowhedgegainlossafterreclassificationandtax": -3000000,
        "othercomprehensiveincomeforeigncurrencytransactionandtranslationgainlossarisingduringperiodnetoftax": 109000000,
        "othercomprehensiveincomelossnetoftax": 72000000,
        "comprehensiveincomenetoftaxincludingportionattributabletononcontrollinginterest": 2246000000,
        "othercomprehensiveincomelossavailableforsalesecuritiesbeforereclassificationadjustmentstax": -17000000,
        "othercomprehensiveincomelossreclassificationadjustmentfromaociforsaleofsecuritiestax": 5000000,
        "othercomprehensiveincomelosscashflowhedgegainlossreclassificationtax": 1000000,
        "othercomprehensiveincomelossforeigncurrencytranslationadjustmentandactuarialgainsandlossestax": 1000000
    },
    {
        "date": "2020-04-24",
        "symbol": "CSCO",
        "period": "Q3",
        "netincomeloss": 2774000000,
        "othercomprehensiveincomeunrealizedholdinggainlossonsecuritiesarisingduringperiodnetoftax": 4000000,
        "othercomprehensiveincomelossreclassificationadjustmentfromaociforsaleofsecuritiesnetoftax": -3000000,
        "othercomprehensiveincomelossavailableforsalesecuritiesadjustmentnetoftax": 7000000,
        "othercomprehensiveincomelosscashflowhedgegainlossbeforereclassificationaftertax": 12000000,
        "othercomprehensiveincomelosscashflowhedgegainlossreclassificationaftertax": 1000000,
        "othercomprehensiveincomelosscashflowhedgegainlossafterreclassificationandtax": 11000000,
        "othercomprehensiveincomeforeigncurrencytransactionandtranslationgainlossarisingduringperiodnetoftax": -427000000,
        "othercomprehensiveincomelossnetoftax": -409000000,
        "comprehensiveincomenetoftaxincludingportionattributabletononcontrollinginterest": 2365000000,
        "othercomprehensiveincomelossavailableforsalesecuritiesbeforereclassificationadjustmentstax": -3000000,
        "othercomprehensiveincomelossreclassificationadjustmentfromaociforsaleofsecuritiestax": 2000000,
        "othercomprehensiveincomelosscashflowhedgegainlossbeforereclassificationtax": 2000000,
        "othercomprehensiveincomelossforeigncurrencytranslationadjustmentandactuarialgainsandlossestax": -3000000,
        "revenuefromcontractwithcustomerexcludingassessedtax": 8597000000,
        "costofgoodsandservicessold": 3120000000,
        "grossprofit": 7771000000,
        "researchanddevelopmentexpense": 1546000000,
        "sellingandmarketingexpense": 2192000000,
        "generalandadministrativeexpense": 457000000,
        "amortizationofintangibleassets": 34000000,
        "restructuringandothercharges": 128000000,
        "operatingexpenses": 4357000000,
        "operatingincomeloss": 3414000000,
        "investmentincomeinterestanddividend": 218000000,
        "interestexpense": 130000000,
        "othernonoperatingincomeexpense": -58000000,
        "nonoperatingincomeexpense": 30000000,
        "incomelossfromcontinuingoperationsbeforeincometaxesextraordinaryitemsnoncontrollinginterest": 3444000000,
        "incometaxexpensebenefit": 670000000,
        "earningspersharebasic": 0.66,
        "earningspersharediluted": 0.65,
        "weightedaveragenumberofsharesoutstandingbasic": 4230000000,
        "weightedaveragenumberofdilutedsharesoutstanding": 4243000000
    },
    {
        "date": "2020-01-24",
        "symbol": "CSCO",
        "period": "Q2",
        "netincomeloss": 2878000000,
        "othercomprehensiveincomeunrealizedholdinggainlossonsecuritiesarisingduringperiodnetoftax": 66000000,
        "othercomprehensiveincomelossreclassificationadjustmentfromaociforsaleofsecuritiesnetoftax": 4000000,
        "othercomprehensiveincomelossavailableforsalesecuritiesadjustmentnetoftax": 62000000,
        "othercomprehensiveincomeforeigncurrencytransactionandtranslationgainlossarisingduringperiodnetoftax": 50000000,
        "othercomprehensiveincomelossnetoftax": 115000000,
        "comprehensiveincomenetoftaxincludingportionattributabletononcontrollinginterest": 2993000000,
        "othercomprehensiveincomelossavailableforsalesecuritiesbeforereclassificationadjustmentstax": 15000000,
        "othercomprehensiveincomelossreclassificationadjustmentfromaociforsaleofsecuritiestax": 7000000,
        "othercomprehensiveincomelosscashflowhedgegainlossbeforereclassificationtax": 0,
        "revenuefromcontractwithcustomerexcludingassessedtax": 8671000000,
        "costofgoodsandservicessold": 3126000000,
        "grossprofit": 7764000000,
        "researchanddevelopmentexpense": 1570000000,
        "sellingandmarketingexpense": 2279000000,
        "generalandadministrativeexpense": 455000000,
        "amortizationofintangibleassets": 38000000,
        "restructuringandothercharges": 42000000,
        "operatingexpenses": 4384000000,
        "operatingincomeloss": 3380000000,
        "investmentincomeinterestanddividend": 242000000,
        "interestexpense": 158000000,
        "othernonoperatingincomeexpense": 70000000,
        "nonoperatingincomeexpense": 154000000,
        "incomelossfromcontinuingoperationsbeforeincometaxesextraordinaryitemsnoncontrollinginterest": 3534000000,
        "incometaxexpensebenefit": 656000000,
        "earningspersharebasic": 0.6800000000000002,
        "earningspersharediluted": 0.68,
        "weightedaveragenumberofsharesoutstandingbasic": -2000000,
        "weightedaveragenumberofdilutedsharesoutstanding": -8000000
    },
    {
        "date": "2019-10-25",
        "symbol": "CSCO",
        "period": "Q1",
        "netincomeloss": 2926000000,
        "othercomprehensiveincomeunrealizedholdinggainlossonsecuritiesarisingduringperiodnetoftax": 73000000,
        "othercomprehensiveincomelossreclassificationadjustmentfromaociforsaleofsecuritiesnetoftax": 5000000,
        "othercomprehensiveincomelossavailableforsalesecuritiesadjustmentnetoftax": 68000000,
        "othercomprehensiveincomeforeigncurrencytransactionandtranslationgainlossarisingduringperiodnetoftax": -91000000,
        "othercomprehensiveincomelossnetoftax": -23000000,
        "comprehensiveincomenetoftaxincludingportionattributabletononcontrollinginterest": 2903000000,
        "comprehensiveincomenetoftax": 2903000000,
        "othercomprehensiveincomelossavailableforsalesecuritiesbeforereclassificationadjustmentstax": 14000000,
        "othercomprehensiveincomelossreclassificationadjustmentfromaociforsaleofsecuritiestax": 5000000,
        "othercomprehensiveincomelosscashflowhedgegainlossbeforereclassificationtax": -1000000,
        "revenuefromcontractwithcustomerexcludingassessedtax": 9878000000,
        "costofgoodsandservicessold": 3524000000,
        "grossprofit": 8464000000,
        "researchanddevelopmentexpense": 1666000000,
        "sellingandmarketingexpense": 2480000000,
        "generalandadministrativeexpense": 519000000,
        "amortizationofintangibleassets": 36000000,
        "restructuringandothercharges": 184000000,
        "operatingexpenses": 4885000000,
        "operatingincomeloss": 3579000000,
        "investmentincomeinterestanddividend": 273000000,
        "interestexpense": 178000000,
        "othernonoperatingincomeexpense": 12000000,
        "nonoperatingincomeexpense": 107000000,
        "incomelossfromcontinuingoperationsbeforeincometaxesextraordinaryitemsnoncontrollinginterest": 3686000000,
        "incometaxexpensebenefit": 760000000,
        "earningspersharebasic": 0.69,
        "earningspersharediluted": 0.68,
        "weightedaveragenumberofsharesoutstandingbasic": 4246000000,
        "weightedaveragenumberofdilutedsharesoutstanding": 4273000000
    },
    {
        "date": "2019-07-26",
        "symbol": "CSCO",
        "period": "Q4",
        "netincomeloss": 2206000000,
        "othercomprehensiveincomeunrealizedholdinggainlossonsecuritiesarisingduringperiodnetoftax": 140000000,
        "othercomprehensiveincomelossreclassificationadjustmentfromaociforsaleofsecuritiesnetoftax": 3000000,
        "othercomprehensiveincomelossavailableforsalesecuritiesadjustmentnetoftax": 137000000,
        "othercomprehensiveincomelossderivativesqualifyingashedgesnetoftax": -5000000,
        "othercomprehensiveincomelossnetoftax": 104000000,
        "comprehensiveincomenetoftaxincludingportionattributabletononcontrollinginterest": 2310000000,
        "comprehensiveincomenetoftax": 2310000000,
        "othercomprehensiveincomelossavailableforsalesecuritiesbeforereclassificationadjustmentstax": 38000000,
        "revenuefromcontractwithcustomerexcludingassessedtax": -660000000,
        "costofgoodsandservicessold": 1097000000,
        "grossprofit": 5426000000,
        "researchanddevelopmentexpense": 1753000000,
        "sellingandmarketingexpense": 2487000000,
        "generalandadministrativeexpense": 566000000,
        "amortizationofintangibleassets": 512000000,
        "restructuringandothercharges": 40000000,
        "operatingexpenses": 4884000000,
        "operatingincomeloss": 3690000000,
        "investmentincomeinterestanddividend": 305000000,
        "interestexpense": 204000000,
        "othernonoperatingincomeexpense": -87000000,
        "nonoperatingincomeexpense": 14000000,
        "incomelossfromcontinuingoperationsbeforeincometaxesextraordinaryitemsnoncontrollinginterest": 3704000000,
        "incometaxexpensebenefit": 3254000000,
        "earningspersharebasic": 0.52,
        "earningspersharediluted": 0.52,
        "weightedaveragenumberofsharesoutstandingbasic": -4468000000,
        "weightedaveragenumberofdilutedsharesoutstanding": -4519000000
    },
    {
        "date": "2019-04-26",
        "symbol": "CSCO",
        "period": "Q3",
        "netincomeloss": 3044000000,
        "othercomprehensiveincomeunrealizedholdinggainlossonsecuritiesarisingduringperiodnetoftax": 232000000,
        "othercomprehensiveincomelossreclassificationadjustmentfromaociforsaleofsecuritiesnetoftax": -12000000,
        "othercomprehensiveincomelossavailableforsalesecuritiesadjustmentnetoftax": 244000000,
        "othercomprehensiveincomeunrealizedgainlossonderivativesarisingduringperiodnetoftax": 10000000,
        "othercomprehensiveincomelossderivativesqualifyingashedgesnetoftax": 10000000,
        "amountaftertaxbeforereclassificationadjustmentsofnetchangeinctaandactuarialgainslosses": -40000000,
        "othercomprehensiveincomelossnetoftax": 214000000,
        "comprehensiveincomenetoftaxincludingportionattributabletononcontrollinginterest": 3258000000,
        "comprehensiveincomenetoftax": 3258000000,
        "othercomprehensiveincomelossavailableforsalesecuritiesbeforereclassificationadjustmentstax": 64000000,
        "othercomprehensiveincomelossreclassificationadjustmentfromaociforsaleofsecuritiestax": 5000000,
        "othercomprehensiveincomeunrealizedgainlossonderivativesarisingduringperiodtax": 2000000,
        "othercomprehensiveincomelossforeigncurrencytranslationadjustmentandactuarialgainsandlossestax": 1000000,
        "revenuefromcontractwithcustomerexcludingassessedtax": 146000000,
        "costofgoodsandservicessold": 1092000000,
        "grossprofit": 5046000000,
        "researchanddevelopmentexpense": 1659000000,
        "sellingandmarketingexpense": 2403000000,
        "generalandadministrativeexpense": 541000000,
        "amortizationofintangibleassets": 39000000,
        "restructuringandothercharges": 18000000,
        "operatingexpenses": 4660000000,
        "operatingincomeloss": 3513000000,
        "investmentincomeinterestanddividend": 331000000,
        "interestexpense": 211000000,
        "othernonoperatingincomeexpense": -18000000,
        "nonoperatingincomeexpense": 102000000,
        "incomelossfromcontinuingoperationsbeforeincometaxesextraordinaryitemsnoncontrollinginterest": 3615000000,
        "incometaxexpensebenefit": -152000000,
        "earningspersharebasic": 0.7,
        "earningspersharediluted": 0.69,
        "weightedaveragenumberofsharesoutstandingbasic": 4370000000,
        "weightedaveragenumberofdilutedsharesoutstanding": 4415000000
    },
    {
        "date": "2019-01-25",
        "symbol": "CSCO",
        "period": "Q2",
        "netincomeloss": 2822000000,
        "othercomprehensiveincomeunrealizedholdinggainlossonsecuritiesarisingduringperiodnetoftax": 82000000,
        "othercomprehensiveincomelossreclassificationadjustmentfromaociforsaleofsecuritiesnetoftax": -4000000,
        "othercomprehensiveincomelossavailableforsalesecuritiesadjustmentnetoftax": 86000000,
        "othercomprehensiveincomeunrealizedgainlossonderivativesarisingduringperiodnetoftax": -4000000,
        "othercomprehensiveincomelossderivativesqualifyingashedgesnetoftax": -5000000,
        "amountaftertaxbeforereclassificationadjustmentsofnetchangeinctaandactuarialgainslosses": 27000000,
        "othercomprehensiveincomelossnetoftax": 108000000,
        "comprehensiveincomenetoftaxincludingportionattributabletononcontrollinginterest": 2930000000,
        "comprehensiveincomenetoftax": 2930000000,
        "othercomprehensiveincomelossavailableforsalesecuritiesbeforereclassificationadjustmentstax": 12000000,
        "othercomprehensiveincomeunrealizedgainlossonderivativesarisingduringperiodtax": -1000000,
        "othercomprehensiveincomelossforeigncurrencytranslationadjustmentandactuarialgainsandlossestax": 0,
        "revenuefromcontractwithcustomerexcludingassessedtax": -12556000000,
        "costofgoodsandservicessold": -2740000000,
        "grossprofit": 1720000000,
        "researchanddevelopmentexpense": 1557000000,
        "sellingandmarketingexpense": 2271000000,
        "generalandadministrativeexpense": 509000000,
        "amortizationofintangibleassets": 39000000,
        "restructuringandothercharges": 186000000,
        "operatingexpenses": 4562000000,
        "operatingincomeloss": 3211000000,
        "investmentincomeinterestanddividend": 328000000,
        "interestexpense": 223000000,
        "othernonoperatingincomeexpense": 27000000,
        "nonoperatingincomeexpense": 132000000,
        "incomelossfromcontinuingoperationsbeforeincometaxesextraordinaryitemsnoncontrollinginterest": 3343000000,
        "incometaxexpensebenefit": -512000000,
        "earningspersharebasic": 0.6299999999999999,
        "earningspersharediluted": 0.6299999999999999,
        "weightedaveragenumberofsharesoutstandingbasic": -48000000,
        "weightedaveragenumberofdilutedsharesoutstanding": -57000000
    },
    {
        "date": "2018-10-26",
        "symbol": "CSCO",
        "period": "Q1",
        "netincomeloss": 3549000000,
        "othercomprehensiveincomeunrealizedholdinggainlossonsecuritiesarisingduringperiodnetoftax": 5000000,
        "othercomprehensiveincomelossreclassificationadjustmentfromaociforsaleofsecuritiesnetoftax": -6000000,
        "othercomprehensiveincomelossavailableforsalesecuritiesadjustmentnetoftax": 11000000,
        "othercomprehensiveincomeunrealizedgainlossonderivativesarisingduringperiodnetoftax": -3000000,
        "othercomprehensiveincomelossderivativesqualifyingashedgesnetoftax": -3000000,
        "amountaftertaxbeforereclassificationadjustmentsofnetchangeinctaandactuarialgainslosses": -209000000,
        "othercomprehensiveincomelossnetoftax": -201000000,
        "comprehensiveincomenetoftaxincludingportionattributabletononcontrollinginterest": 3348000000,
        "comprehensiveincomenetoftax": 3348000000,
        "othercomprehensiveincomelossavailableforsalesecuritiesbeforereclassificationadjustmentstax": -13000000,
        "othercomprehensiveincomeunrealizedgainlossonderivativesarisingduringperiodtax": -1000000,
        "othercomprehensiveincomelossforeigncurrencytranslationadjustmentandactuarialgainsandlossestax": 1000000,
        "revenuefromcontractwithcustomerexcludingassessedtax": 13072000000,
        "costofgoodsandservicessold": 4926000000,
        "grossprofit": 8146000000,
        "researchanddevelopmentexpense": 1608000000,
        "sellingandmarketingexpense": 2410000000,
        "generalandadministrativeexpense": 211000000,
        "amortizationofintangibleassets": 34000000,
        "restructuringandothercharges": 78000000,
        "operatingexpenses": 4341000000,
        "operatingincomeloss": 3805000000,
        "investmentincomeinterestanddividend": 344000000,
        "interestexpense": 221000000,
        "othernonoperatingincomeexpense": -19000000,
        "nonoperatingincomeexpense": 104000000,
        "incomelossfromcontinuingoperationsbeforeincometaxesextraordinaryitemsnoncontrollinginterest": 3909000000,
        "incometaxexpensebenefit": 360000000,
        "earningspersharebasic": 0.78,
        "earningspersharediluted": 0.77,
        "weightedaveragenumberofsharesoutstandingbasic": 4565000000,
        "weightedaveragenumberofdilutedsharesoutstanding": 4614000000
    },
    {
        "date": "2018-01-26",
        "symbol": "CSCO",
        "period": "Q2",
        "netincomeloss": -8778000000,
        "othercomprehensiveincomeunrealizedholdinggainlossonsecuritiesarisingduringperiodnetoftax": -191000000,
        "othercomprehensiveincomelossreclassificationadjustmentfromaociforsaleofsecuritiesnetoftax": 43000000,
        "othercomprehensiveincomelossavailableforsalesecuritiesadjustmentnetoftax": -234000000,
        "othercomprehensiveincomeunrealizedgainlossonderivativesarisingduringperiodnetoftax": 28000000,
        "othercomprehensiveincomelossreclassificationadjustmentfromaocionderivativesnetoftax": 16000000,
        "othercomprehensiveincomelossderivativesqualifyingashedgesnetoftax": 12000000,
        "amountaftertaxbeforereclassificationadjustmentsofnetchangeinctaandactuarialgainslosses": 274000000,
        "othercomprehensiveincomelossnetoftax": 52000000,
        "comprehensiveincomenetoftaxincludingportionattributabletononcontrollinginterest": -8726000000,
        "comprehensiveincomenetoftax": -8726000000,
        "othercomprehensiveincomelossavailableforsalesecuritiesbeforereclassificationadjustmentstax": -1000000,
        "othercomprehensiveincomelossreclassificationadjustmentfromaociforsaleofsecuritiestax": 15000000,
        "othercomprehensiveincomeunrealizedgainlossonderivativesarisingduringperiodtax": 2000000,
        "othercomprehensiveincomelossreclassificationadjustmentfromaocionderivativestax": 2000000,
        "othercomprehensiveincomelossforeigncurrencytranslationadjustmentandactuarialgainsandlossestax": 4000000,
        "salesrevenuegoodsnet": 8709000000,
        "salesrevenueservicesnet": 3178000000,
        "salesrevenuenet": 6100000000,
        "costofgoodssold": 3354000000,
        "costofservices": 1035000000,
        "costofgoodsandservicessold": 4389000000,
        "grossprofit": 4614000000,
        "researchanddevelopmentexpense": 1549000000,
        "sellingandmarketingexpense": 2235000000,
        "generalandadministrativeexpense": 483000000,
        "amortizationofintangibleassets": 160000000,
        "restructuringandothercharges": 98000000,
        "operatingexpenses": 4425000000,
        "operatingincomeloss": 3073000000,
        "investmentincomeinterestanddividend": 396000000,
        "interestexpense": 247000000,
        "othernonoperatingincomeexpense": 10000000,
        "nonoperatingincomeexpense": 159000000,
        "incomelossfromcontinuingoperationsbeforeincometaxesextraordinaryitemsnoncontrollinginterest": 3232000000,
        "incometaxexpensebenefit": 12010000000,
        "earningspersharebasic": -1.78,
        "earningspersharediluted": -1.78,
        "weightedaveragenumberofsharesoutstandingbasic": 4924000000,
        "weightedaveragenumberofdilutedsharesoutstanding": 4924000000,
        "commonstockdividendspersharecashpaid": 0.29
    },
    {
        "date": "2017-10-27",
        "symbol": "CSCO",
        "period": "Q1",
        "netincomeloss": 2394000000,
        "othercomprehensiveincomeunrealizedholdinggainlossonsecuritiesarisingduringperiodnetoftax": -5000000,
        "othercomprehensiveincomelossreclassificationadjustmentfromaociforsaleofsecuritiesnetoftax": 23000000,
        "othercomprehensiveincomelossavailableforsalesecuritiesadjustmentnetoftax": -28000000,
        "othercomprehensiveincomeunrealizedgainlossonderivativesarisingduringperiodnetoftax": 7000000,
        "othercomprehensiveincomelossreclassificationadjustmentfromaocionderivativesnetoftax": 11000000,
        "othercomprehensiveincomelossderivativesqualifyingashedgesnetoftax": -4000000,
        "amountaftertaxbeforereclassificationadjustmentsofnetchangeinctaandactuarialgainslosses": 17000000,
        "othercomprehensiveincomelossnetoftax": -15000000,
        "comprehensiveincomenetoftaxincludingportionattributabletononcontrollinginterest": 2379000000,
        "comprehensiveincomenetoftax": 2379000000,
        "othercomprehensiveincomelossavailableforsalesecuritiesbeforereclassificationadjustmentstax": 23000000,
        "othercomprehensiveincomelossreclassificationadjustmentfromaociforsaleofsecuritiestax": 10000000,
        "othercomprehensiveincomeunrealizedgainlossonderivativesarisingduringperiodtax": 1000000,
        "othercomprehensiveincomelossreclassificationadjustmentfromaocionderivativestax": 2000000,
        "othercomprehensiveincomelossforeigncurrencytranslationadjustmentandactuarialgainsandlossestax": 2000000,
        "salesrevenuegoodsnet": 9054000000,
        "salesrevenueservicesnet": 3082000000,
        "salesrevenuenet": 6500000000,
        "costofgoodssold": 3615000000,
        "costofservices": 1094000000,
        "costofgoodsandservicessold": 4709000000,
        "grossprofit": 7427000000,
        "researchanddevelopmentexpense": 1567000000,
        "sellingandmarketingexpense": 2334000000,
        "generalandadministrativeexpense": 557000000,
        "amortizationofintangibleassets": 61000000,
        "restructuringandothercharges": 152000000,
        "operatingexpenses": 4671000000,
        "operatingincomeloss": 2756000000,
        "investmentincomeinterestanddividend": 379000000,
        "interestexpense": 235000000,
        "othernonoperatingincomeexpense": 62000000,
        "nonoperatingincomeexpense": 206000000,
        "incomelossfromcontinuingoperationsbeforeincometaxesextraordinaryitemsnoncontrollinginterest": 2962000000,
        "incometaxexpensebenefit": 568000000,
        "earningspersharebasic": 0.48,
        "earningspersharediluted": 0.48,
        "weightedaveragenumberofsharesoutstandingbasic": 4959000000,
        "weightedaveragenumberofdilutedsharesoutstanding": 4994000000,
        "commonstockdividendspersharecashpaid": 0.29
    },
    {
        "date": "2017-07-28",
        "symbol": "CSCO",
        "period": "Q4",
        "netincomeloss": 2424000000,
        "othercomprehensiveincomeunrealizedholdinggainlossonsecuritiesarisingduringperiodnetoftax": 79000000,
        "othercomprehensiveincomelossreclassificationadjustmentfromaociforsaleofsecuritiesnetoftax": 3000000,
        "othercomprehensiveincomelossavailableforsalesecuritiesadjustmentnetoftax": 76000000,
        "othercomprehensiveincomeunrealizedgainlossonderivativesarisingduringperiodnetoftax": 41000000,
        "othercomprehensiveincomelossreclassificationadjustmentfromaocionderivativesnetoftax": -13000000,
        "othercomprehensiveincomelossderivativesqualifyingashedgesnetoftax": 54000000,
        "othercomprehensiveincomelossnetoftax": 395000000,
        "comprehensiveincomenetoftaxincludingportionattributabletononcontrollinginterest": 2812000000,
        "comprehensiveincomenetoftax": 2812000000,
        "othercomprehensiveincomelossavailableforsalesecuritiesbeforereclassificationadjustmentstax": 55000000,
        "othercomprehensiveincomelossreclassificationadjustmentfromaociforsaleofsecuritiestax": 1000000,
        "othercomprehensiveincomeunrealizedgainlossonderivativesarisingduringperiodtax": 4000000,
        "othercomprehensiveincomelossreclassificationadjustmentfromaocionderivativestax": 0,
        "salesrevenuegoodsnet": 9027000000,
        "salesrevenueservicesnet": 3106000000,
        "salesrevenuenet": 6300000000,
        "costofgoodssold": 3586000000,
        "costofservices": 1001000000,
        "costofgoodsandservicessold": 4587000000,
        "grossprofit": -14328000000,
        "researchanddevelopmentexpense": 1499000000,
        "sellingandmarketingexpense": 2318000000,
        "generalandadministrativeexpense": 495000000,
        "amortizationofintangibleassets": 162000000,
        "restructuringandothercharges": 142000000,
        "operatingexpenses": 4512000000,
        "operatingincomeloss": 3034000000,
        "investmentincomeinterestanddividend": 360000000,
        "interestexpense": 222000000,
        "othernonoperatingincomeexpense": 8000000,
        "nonoperatingincomeexpense": 146000000,
        "incomelossfromcontinuingoperationsbeforeincometaxesextraordinaryitemsnoncontrollinginterest": 3180000000,
        "incometaxexpensebenefit": 756000000,
        "earningspersharebasic": 0.48999999999999994,
        "earningspersharediluted": 0.4799999999999999,
        "weightedaveragenumberofsharesoutstandingbasic": -5016000000,
        "weightedaveragenumberofdilutedsharesoutstanding": -5050000000,
        "commonstockdividendspersharecashpaid": 0.29000000000000004
    },
    {
        "date": "2017-04-28",
        "symbol": "CSCO",
        "period": "Q3",
        "netincomeloss": 2515000000,
        "othercomprehensiveincomeunrealizedholdinggainlossonsecuritiesarisingduringperiodnetoftax": 229000000,
        "othercomprehensiveincomelossreclassificationadjustmentfromaociforsaleofsecuritiesnetoftax": -44000000,
        "othercomprehensiveincomelossavailableforsalesecuritiesadjustmentnetoftax": 273000000,
        "othercomprehensiveincomeunrealizedgainlossonderivativesarisingduringperiodnetoftax": 20000000,
        "othercomprehensiveincomelossreclassificationadjustmentfromaocionderivativesnetoftax": -25000000,
        "othercomprehensiveincomelossderivativesqualifyingashedgesnetoftax": 45000000,
        "amountaftertaxbeforereclassificationadjustmentsofnetchangeinctaandactuarialgainslosses": 134000000,
        "othercomprehensiveincomelossnetoftax": 452000000,
        "comprehensiveincomenetoftaxincludingportionattributabletononcontrollinginterest": 2967000000,
        "comprehensiveincomenetoftaxattributabletononcontrollinginterest": -7000000,
        "comprehensiveincomenetoftax": 2974000000,
        "othercomprehensiveincomelossavailableforsalesecuritiesbeforereclassificationadjustmentstax": 25000000,
        "othercomprehensiveincomelossreclassificationadjustmentfromaociforsaleofsecuritiestax": -32000000,
        "othercomprehensiveincomeunrealizedgainlossonderivativesarisingduringperiodtax": 5000000,
        "othercomprehensiveincomelossreclassificationadjustmentfromaocionderivativestax": -2000000,
        "othercomprehensiveincomelossforeigncurrencytranslationadjustmentandactuarialgainsandlossestax": 6000000,
        "salesrevenuegoodsnet": 8885000000,
        "salesrevenueservicesnet": 3055000000,
        "salesrevenuenet": 6200000000,
        "costofgoodssold": 3405000000,
        "costofservices": 1017000000,
        "costofgoodsandservicessold": 4422000000,
        "grossprofit": 4551000000,
        "researchanddevelopmentexpense": 1507000000,
        "sellingandmarketingexpense": 2226000000,
        "generalandadministrativeexpense": 487000000,
        "amortizationofintangibleassets": 141000000,
        "restructuringandothercharges": 70000000,
        "operatingexpenses": 4349000000,
        "operatingincomeloss": 3169000000,
        "investmentincomeinterestanddividend": 354000000,
        "interestexpense": 219000000,
        "othernonoperatingincomeexpense": -113000000,
        "nonoperatingincomeexpense": 22000000,
        "incomelossfromcontinuingoperationsbeforeincometaxesextraordinaryitemsnoncontrollinginterest": 3191000000,
        "incometaxexpensebenefit": 676000000,
        "earningspersharebasic": 0.5,
        "earningspersharediluted": 0.5,
        "weightedaveragenumberofsharesoutstandingbasic": 5005000000,
        "weightedaveragenumberofdilutedsharesoutstanding": 5045000000,
        "commonstockdividendspersharecashpaid": 0.29
    },
    {
        "date": "2017-01-27",
        "symbol": "CSCO",
        "period": "Q2",
        "netincomeloss": 2348000000,
        "othercomprehensiveincomeunrealizedholdinggainlossonsecuritiesarisingduringperiodnetoftax": -276000000,
        "othercomprehensiveincomelossreclassificationadjustmentfromaociforsaleofsecuritiesnetoftax": -19000000,
        "othercomprehensiveincomelossavailableforsalesecuritiesadjustmentnetoftax": -257000000,
        "othercomprehensiveincomeunrealizedgainlossonderivativesarisingduringperiodnetoftax": -1000000,
        "othercomprehensiveincomelossreclassificationadjustmentfromaocionderivativesnetoftax": -25000000,
        "othercomprehensiveincomelossderivativesqualifyingashedgesnetoftax": 24000000,
        "amountaftertaxbeforereclassificationadjustmentsofnetchangeinctaandactuarialgainslosses": -44000000,
        "othercomprehensiveincomelossnetoftax": -277000000,
        "comprehensiveincomenetoftaxincludingportionattributabletononcontrollinginterest": 2071000000,
        "comprehensiveincomenetoftaxattributabletononcontrollinginterest": 0,
        "comprehensiveincomenetoftax": 2071000000,
        "othercomprehensiveincomelossavailableforsalesecuritiesbeforereclassificationadjustmentstax": -73000000,
        "othercomprehensiveincomelossreclassificationadjustmentfromaociforsaleofsecuritiestax": -11000000,
        "othercomprehensiveincomeunrealizedgainlossonderivativesarisingduringperiodtax": -1000000,
        "othercomprehensiveincomelossreclassificationadjustmentfromaocionderivativestax": -2000000,
        "othercomprehensiveincomelossforeigncurrencytranslationadjustmentandactuarialgainsandlossestax": 0,
        "salesrevenuegoodsnet": 8491000000,
        "salesrevenueservicesnet": 3089000000,
        "salesrevenuenet": 148000000,
        "costofgoodssold": 3305000000,
        "costofservices": 999000000,
        "costofgoodsandservicessold": 4304000000,
        "grossprofit": 1237000000,
        "researchanddevelopmentexpense": 1508000000,
        "sellingandmarketingexpense": 2222000000,
        "generalandadministrativeexpense": 456000000,
        "amortizationofintangibleassets": 175000000,
        "restructuringandothercharges": 133000000,
        "operatingexpenses": 4383000000,
        "operatingincomeloss": 2893000000,
        "investmentincomeinterestanddividend": 329000000,
        "interestexpense": 222000000,
        "othernonoperatingincomeexpense": -37000000,
        "nonoperatingincomeexpense": 70000000,
        "incomelossfromcontinuingoperationsbeforeincometaxesextraordinaryitemsnoncontrollinginterest": 2963000000,
        "incometaxexpensebenefit": 615000000,
        "earningspersharebasic": 0.47000000000000003,
        "earningspersharediluted": 0.46,
        "weightedaveragenumberofsharesoutstandingbasic": -6000000,
        "weightedaveragenumberofdilutedsharesoutstanding": -12000000,
        "commonstockdividendspersharecashpaid": 0.26
    },
    {
        "date": "2016-10-28",
        "symbol": "CSCO",
        "period": "Q1",
        "netincomeloss": 2322000000,
        "othercomprehensiveincomeunrealizedholdinggainlossonsecuritiesarisingduringperiodnetoftax": -121000000,
        "othercomprehensiveincomelossreclassificationadjustmentfromaociforsaleofsecuritiesnetoftax": 10000000,
        "othercomprehensiveincomelossavailableforsalesecuritiesadjustmentnetoftax": -131000000,
        "othercomprehensiveincomeunrealizedgainlossonderivativesarisingduringperiodnetoftax": -43000000,
        "othercomprehensiveincomelossreclassificationadjustmentfromaocionderivativesnetoftax": -11000000,
        "othercomprehensiveincomelossderivativesqualifyingashedgesnetoftax": -32000000,
        "amountaftertaxbeforereclassificationadjustmentsofnetchangeinctaandactuarialgainslosses": -27000000,
        "othercomprehensiveincomelossnetoftax": -198000000,
        "comprehensiveincomenetoftaxincludingportionattributabletononcontrollinginterest": 2132000000,
        "comprehensiveincomenetoftaxattributabletononcontrollinginterest": 8000000,
        "comprehensiveincomenetoftax": 2124000000,
        "othercomprehensiveincomelossavailableforsalesecuritiesbeforereclassificationadjustmentstax": -81000000,
        "othercomprehensiveincomelossreclassificationadjustmentfromaociforsaleofsecuritiestax": 5000000,
        "othercomprehensiveincomeunrealizedgainlossonderivativesarisingduringperiodtax": -3000000,
        "othercomprehensiveincomelossreclassificationadjustmentfromaocionderivativestax": -1000000,
        "othercomprehensiveincomelossforeigncurrencytranslationadjustmentandactuarialgainsandlossestax": 1000000,
        "salesrevenuegoodsnet": 9302000000,
        "salesrevenueservicesnet": 3050000000,
        "salesrevenuenet": 12352000000,
        "costofgoodssold": 3403000000,
        "costofservices": 1065000000,
        "costofgoodsandservicessold": 4468000000,
        "grossprofit": 7884000000,
        "researchanddevelopmentexpense": 1545000000,
        "sellingandmarketingexpense": 2418000000,
        "generalandadministrativeexpense": 555000000,
        "amortizationofintangibleassets": 78000000,
        "restructuringandothercharges": 411000000,
        "operatingexpenses": 5007000000,
        "operatingincomeloss": 2877000000,
        "investmentincomeinterestanddividend": 295000000,
        "interestexpense": 198000000,
        "othernonoperatingincomeexpense": -21000000,
        "nonoperatingincomeexpense": 76000000,
        "incomelossfromcontinuingoperationsbeforeincometaxesextraordinaryitemsnoncontrollinginterest": 2953000000,
        "incometaxexpensebenefit": 631000000,
        "earningspersharebasic": 0.46,
        "earningspersharediluted": 0.46,
        "weightedaveragenumberofsharesoutstandingbasic": 5027000000,
        "weightedaveragenumberofdilutedsharesoutstanding": 5066000000,
        "commonstockdividendspersharecashpaid": 0.26
    },
    {
        "date": "2016-07-29",
        "symbol": "CSCO",
        "period": "Q4",
        "netincomeloss": 2813000000,
        "othercomprehensiveincomeunrealizedholdinggainlossonsecuritiesarisingduringperiodnetoftax": 187000000,
        "othercomprehensiveincomelossreclassificationadjustmentfromaociforsaleofsecuritiesnetoftax": 16000000,
        "othercomprehensiveincomelossavailableforsalesecuritiesadjustmentnetoftax": 171000000,
        "othercomprehensiveincomeunrealizedgainlossonderivativesarisingduringperiodnetoftax": -56000000,
        "othercomprehensiveincomelossderivativesqualifyingashedgesnetoftax": -55000000,
        "othercomprehensiveincomelossnetoftax": -92000000,
        "comprehensiveincomenetoftaxincludingportionattributabletononcontrollinginterest": 2713000000,
        "comprehensiveincomenetoftaxattributabletononcontrollinginterest": -1000000,
        "comprehensiveincomenetoftax": 2714000000,
        "othercomprehensiveincomelossavailableforsalesecuritiesbeforereclassificationadjustmentstax": -108000000,
        "othercomprehensiveincomelossreclassificationadjustmentfromaocionderivativestax": -10000000,
        "othercomprehensiveincomelossforeigncurrencytranslationadjustmentandactuarialgainsandlossestax": 1000000,
        "salesrevenuegoodsnet": 9552000000,
        "salesrevenueservicesnet": 3086000000,
        "salesrevenuenet": 7638000000,
        "costofgoodssold": 3614000000,
        "costofservices": 1049000000,
        "costofgoodsandservicessold": 4663000000,
        "grossprofit": 4960000000,
        "researchanddevelopmentexpense": 1601000000,
        "sellingandmarketingexpense": 2443000000,
        "generalandadministrativeexpense": 533000000,
        "amortizationofintangibleassets": 82000000,
        "restructuringandothercharges": 13000000,
        "operatingexpenses": 4672000000,
        "operatingincomeloss": 3303000000,
        "investmentincomeinterestanddividend": 273000000,
        "interestexpense": 180000000,
        "othernonoperatingincomeexpense": -2000000,
        "nonoperatingincomeexpense": 91000000,
        "incomelossfromcontinuingoperationsbeforeincometaxesextraordinaryitemsnoncontrollinginterest": 3394000000,
        "incometaxexpensebenefit": 581000000,
        "earningspersharebasic": 0.5599999999999998,
        "earningspersharediluted": 0.5599999999999998,
        "weightedaveragenumberofsharesoutstandingbasic": -5054000000,
        "weightedaveragenumberofdilutedsharesoutstanding": -5083000000,
        "commonstockdividendspersharecashpaid": 0.26
    },
    {
        "date": "2016-04-29",
        "symbol": "CSCO",
        "period": "Q3",
        "netincomeloss": 2349000000,
        "othercomprehensiveincomeunrealizedholdinggainlossonsecuritiesarisingduringperiodnetoftax": 217000000,
        "othercomprehensiveincomelossreclassificationadjustmentfromaociforsaleofsecuritiesnetoftax": -4000000,
        "othercomprehensiveincomelossavailableforsalesecuritiesadjustmentnetoftax": 221000000,
        "othercomprehensiveincomeunrealizedgainlossonderivativesarisingduringperiodnetoftax": 19000000,
        "othercomprehensiveincomelossreclassificationadjustmentfromaocionderivativesnetoftax": -7000000,
        "othercomprehensiveincomelossderivativesqualifyingashedgesnetoftax": 26000000,
        "amountaftertaxbeforereclassificationadjustmentsofnetchangeinctaandactuarialgainslosses": 326000000,
        "othercomprehensiveincomelossnetoftax": 573000000,
        "comprehensiveincomenetoftaxincludingportionattributabletononcontrollinginterest": 2922000000,
        "comprehensiveincomenetoftaxattributabletononcontrollinginterest": -7000000,
        "comprehensiveincomenetoftax": 2929000000,
        "othercomprehensiveincomelossavailableforsalesecuritiesbeforereclassificationadjustmentstax": -146000000,
        "othercomprehensiveincomelossreclassificationadjustmentfromaociforsaleofsecuritiestax": -2000000,
        "othercomprehensiveincomeunrealizedgainlossonderivativesarisingduringperiodtax": -2000000,
        "othercomprehensiveincomelossreclassificationadjustmentfromaocionderivativestax": -2000000,
        "othercomprehensiveincomelossforeigncurrencytranslationadjustmentandactuarialgainsandlossestax": -9000000,
        "salesrevenuegoodsnet": 8875000000,
        "salesrevenueservicesnet": 3125000000,
        "salesrevenuenet": 7062000000,
        "costofgoodssold": 3214000000,
        "costofservices": 1065000000,
        "costofgoodsandservicessold": 4279000000,
        "grossprofit": 4684000000,
        "researchanddevelopmentexpense": 1626000000,
        "sellingandmarketingexpense": 2447000000,
        "generalandadministrativeexpense": 566000000,
        "amortizationofintangibleassets": 81000000,
        "restructuringandothercharges": 17000000,
        "operatingexpenses": 4737000000,
        "operatingincomeloss": 2984000000,
        "investmentincomeinterestanddividend": 270000000,
        "interestexpense": 175000000,
        "othernonoperatingincomeexpense": 4000000,
        "nonoperatingincomeexpense": 99000000,
        "incomelossfromcontinuingoperationsbeforeincometaxesextraordinaryitemsnoncontrollinginterest": 3083000000,
        "incometaxexpensebenefit": 734000000,
        "earningspersharebasic": 0.47,
        "earningspersharediluted": 0.46,
        "weightedaveragenumberofsharesoutstandingbasic": 5032000000,
        "weightedaveragenumberofdilutedsharesoutstanding": 5065000000,
        "commonstockdividendspersharecashpaid": 0.26
    },
    {
        "date": "2016-01-22",
        "symbol": "CSCO",
        "period": "Q2",
        "netincomeloss": 3147000000,
        "othercomprehensiveincomeunrealizedholdinggainlossonsecuritiesarisingduringperiodnetoftax": -212000000,
        "othercomprehensiveincomelossreclassificationadjustmentfromaociforsaleofsecuritiesnetoftax": -12000000,
        "othercomprehensiveincomelossavailableforsalesecuritiesadjustmentnetoftax": -200000000,
        "othercomprehensiveincomeunrealizedgainlossonderivativesarisingduringperiodnetoftax": -20000000,
        "othercomprehensiveincomelossreclassificationadjustmentfromaocionderivativestax": 5000000,
        "othercomprehensiveincomelossderivativesqualifyingashedgesnetoftax": -15000000,
        "othercomprehensiveincomelossnetoftax": -555000000,
        "comprehensiveincomenetoftaxincludingportionattributabletononcontrollinginterest": 2591000000,
        "comprehensiveincomenetoftaxattributabletononcontrollinginterest": -1000000,
        "comprehensiveincomenetoftax": 2592000000,
        "othercomprehensiveincomelossavailableforsalesecuritiesbeforereclassificationadjustmentstax": 149000000,
        "othercomprehensiveincomeunrealizedgainlossonderivativesarisingduringperiodtax": 0,
        "othercomprehensiveincomelossforeigncurrencytranslationadjustmentandactuarialgainsandlossestax": 5000000,
        "salesrevenuegoodsnet": 8983000000,
        "salesrevenueservicesnet": 2944000000,
        "salesrevenuenet": 6912000000,
        "costofgoodssold": 3480000000,
        "costofservices": 1015000000,
        "costofgoodsandservicessold": 4495000000,
        "grossprofit": 4412000000,
        "researchanddevelopmentexpense": 1509000000,
        "sellingandmarketingexpense": 2286000000,
        "generalandadministrativeexpense": 176000000,
        "amortizationofintangibleassets": 71000000,
        "restructuringandothercharges": 96000000,
        "operatingexpenses": 4138000000,
        "operatingincomeloss": 3294000000,
        "investmentincomeinterestanddividend": 237000000,
        "interestexpense": 162000000,
        "othernonoperatingincomeexpense": -63000000,
        "nonoperatingincomeexpense": 12000000,
        "incomelossfromcontinuingoperationsbeforeincometaxesextraordinaryitemsnoncontrollinginterest": 3306000000,
        "incometaxexpensebenefit": 159000000,
        "earningspersharebasic": 0.6200000000000001,
        "earningspersharediluted": 0.6100000000000001,
        "weightedaveragenumberofsharesoutstandingbasic": -5000000,
        "weightedaveragenumberofdilutedsharesoutstanding": -7000000,
        "commonstockdividendspersharecashpaid": 0.21
    },
    {
        "date": "2015-10-23",
        "symbol": "CSCO",
        "period": "Q1",
        "netincomeloss": 2430000000,
        "othercomprehensiveincomeunrealizedholdinggainlossonsecuritiesarisingduringperiodnetoftax": -100000000,
        "othercomprehensiveincomelossreclassificationadjustmentfromaociforsaleofsecuritiesnetoftax": -1000000,
        "othercomprehensiveincomelossavailableforsalesecuritiesadjustmentnetoftax": -99000000,
        "othercomprehensiveincomeunrealizedgainlossonderivativesarisingduringperiodnetoftax": -2000000,
        "othercomprehensiveincomelossreclassificationadjustmentfromaocionderivativestax": 3000000,
        "othercomprehensiveincomelossderivativesqualifyingashedgesnetoftax": 1000000,
        "amountaftertaxbeforereclassificationadjustmentsofnetchangeincumulativetranslationadjustmentandactuarialgainsandlosses": -216000000,
        "othercomprehensiveincomelossnetoftax": -313000000,
        "comprehensiveincomenetoftaxincludingportionattributabletononcontrollinginterest": 2116000000,
        "comprehensiveincomenetoftaxattributabletononcontrollinginterest": -1000000,
        "comprehensiveincomenetoftax": 2117000000,
        "othercomprehensiveincomelossavailableforsalesecuritiesbeforereclassificationadjustmentstax": 56000000,
        "othercomprehensiveincomeunrealizedgainlossonderivativesarisingduringperiodtax": 2000000,
        "othercomprehensiveincomelossforeigncurrencytranslationadjustmentandactuarialgainsandlossestax": -39000000,
        "salesrevenuegoodsnet": 9844000000,
        "salesrevenueservicesnet": 2838000000,
        "salesrevenuenet": 7799000000,
        "costofgoodssold": 3853000000,
        "costofservices": 997000000,
        "costofgoodsandservicessold": 4850000000,
        "grossprofit": 4950000000,
        "researchanddevelopmentexpense": 1560000000,
        "sellingandmarketingexpense": 2443000000,
        "generalandadministrativeexpense": 539000000,
        "amortizationofintangibleassets": 69000000,
        "restructuringandothercharges": 142000000,
        "operatingexpenses": 4753000000,
        "operatingincomeloss": 3079000000,
        "investmentincomeinterestanddividend": 225000000,
        "interestexpense": 159000000,
        "othernonoperatingincomeexpense": -8000000,
        "nonoperatingincomeexpense": 58000000,
        "incomelossfromcontinuingoperationsbeforeincometaxesextraordinaryitemsnoncontrollinginterest": 3137000000,
        "incometaxexpensebenefit": 707000000,
        "earningspersharebasic": 0.48,
        "earningspersharediluted": 0.48,
        "weightedaveragenumberofsharesoutstandingbasic": 5080000000,
        "weightedaveragenumberofdilutedsharesoutstanding": 5113000000,
        "commonstockdividendspersharecashpaid": 0.21
    },
    {
        "date": "2015-01-23",
        "symbol": "CSCO",
        "period": "Q2",
        "netincomeloss": 2397000000,
        "othercomprehensiveincomeunrealizedholdinggainlossonsecuritiesarisingduringperiodnetoftax": 30000000,
        "othercomprehensiveincomelossreclassificationadjustmentfromaociforsaleofsecuritiesnetoftax": 45000000,
        "othercomprehensiveincomelossavailableforsalesecuritiesadjustmentnetoftax": -15000000,
        "othercomprehensiveincomeunrealizedgainlossonderivativesarisingduringperiodnetoftax": -75000000,
        "othercomprehensiveincomelossreclassificationadjustmentfromaocionderivativestax": 26000000,
        "othercomprehensiveincomelossderivativesqualifyingashedgesnetoftax": -49000000,
        "othercomprehensiveincomelossnetoftax": -265000000,
        "comprehensiveincomenetoftaxincludingportionattributabletononcontrollinginterest": 2140000000,
        "comprehensiveincomenetoftax": 2132000000,
        "othercomprehensiveincomelossavailableforsalesecuritiesbeforereclassificationadjustmentstax": 9000000,
        "othercomprehensiveincomelossreclassificationadjustmentfromaociforsaleofsecuritiestax": 24000000,
        "othercomprehensiveincomeunrealizedgainlossonderivativesarisingduringperiodtax": 0,
        "salesrevenuegoodsnet": 9078000000,
        "salesrevenueservicesnet": 2858000000,
        "salesrevenuenet": 11600000000,
        "costofgoodssold": 3806000000,
        "costofservices": 1040000000,
        "costofgoodsandservicessold": 4846000000,
        "grossprofit": 9633000000,
        "researchanddevelopmentexpense": 1529000000,
        "sellingandmarketingexpense": 2308000000,
        "generalandadministrativeexpense": 490000000,
        "amortizationofintangibleassets": -46000000,
        "restructuringandothercharges": 69000000,
        "operatingexpenses": 4468000000,
        "operatingincomeloss": 2622000000,
        "investmentincomeinterestanddividend": 189000000,
        "interestexpense": 139000000,
        "othernonoperatingincomeexpense": 201000000,
        "nonoperatingincomeexpense": 251000000,
        "incomelossfromcontinuingoperationsbeforeincometaxesextraordinaryitemsnoncontrollinginterest": 2873000000,
        "incometaxexpensebenefit": 476000000,
        "earningspersharebasic": 0.47,
        "earningspersharediluted": 0.47,
        "weightedaveragenumberofsharesoutstandingbasic": 3000000,
        "weightedaveragenumberofdilutedsharesoutstanding": 3000000,
        "commonstockdividendspersharecashpaid": 0.19
    },
    {
        "date": "2014-10-24",
        "symbol": "CSCO",
        "period": "Q1",
        "netincomeloss": 1828000000,
        "othercomprehensiveincomeunrealizedholdinggainlossonsecuritiesarisingduringperiodnetoftax": -22000000,
        "othercomprehensiveincomelossreclassificationadjustmentfromaociforsaleofsecuritiesnetoftax": 5000000,
        "othercomprehensiveincomelossavailableforsalesecuritiesadjustmentnetoftax": -27000000,
        "othercomprehensiveincomeunrealizedgainlossonderivativesarisingduringperiodnetoftax": -53000000,
        "othercomprehensiveincomelossreclassificationadjustmentfromaocionderivativestax": 4000000,
        "othercomprehensiveincomelossderivativesqualifyingashedgesnetoftax": -49000000,
        "othercomprehensiveincomeforeigncurrencytransactionandtranslationgainlossarisingduringperiodnetoftax": -150000000,
        "othercomprehensiveincomelossnetoftax": -226000000,
        "comprehensiveincomenetoftaxincludingportionattributabletononcontrollinginterest": 1602000000,
        "comprehensiveincomenetoftax": 1602000000,
        "othercomprehensiveincomelossavailableforsalesecuritiesbeforereclassificationadjustmentstax": 14000000,
        "othercomprehensiveincomelossreclassificationadjustmentfromaociforsaleofsecuritiestax": 2000000,
        "othercomprehensiveincomeunrealizedgainlossonderivativesarisingduringperiodtax": 3000000,
        "othercomprehensiveincomelossforeigncurrencytranslationadjustmenttax": 11000000,
        "salesrevenuegoodsnet": 9435000000,
        "salesrevenueservicesnet": 2810000000,
        "salesrevenuenet": 3002000000,
        "costofgoodssold": 3919000000,
        "costofservices": 993000000,
        "costofgoodsandservicessold": 4912000000,
        "grossprofit": -417000000,
        "researchanddevelopmentexpense": 1583000000,
        "sellingandmarketingexpense": 2515000000,
        "generalandadministrativeexpense": 504000000,
        "amortizationofintangibleassets": 189000000,
        "restructuringandothercharges": 318000000,
        "operatingexpenses": 4991000000,
        "operatingincomeloss": 2342000000,
        "investmentincomeinterestanddividend": 179000000,
        "interestexpense": 139000000,
        "othernonoperatingincomeexpense": -22000000,
        "nonoperatingincomeexpense": 18000000,
        "incomelossfromcontinuingoperationsbeforeincometaxesextraordinaryitemsnoncontrollinginterest": 2360000000,
        "incometaxexpensebenefit": 532000000,
        "earningspersharebasic": 0.36,
        "earningspersharediluted": 0.35,
        "weightedaveragenumberofsharesoutstandingbasic": 5112000000,
        "weightedaveragenumberofdilutedsharesoutstanding": 5156000000,
        "commonstockdividendspersharecashpaid": 0.19
    },
    {
        "date": "2014-07-25",
        "symbol": "CSCO",
        "period": "Q4",
        "netincomeloss": 2247000000,
        "othercomprehensiveincomeunrealizedholdinggainlossonsecuritiesarisingduringperiodnetoftax": 24000000,
        "othercomprehensiveincomelossreclassificationadjustmentfromaociforsaleofsecuritiesnetoftax": 43000000,
        "othercomprehensiveincomelossavailableforsalesecuritiesadjustmentnetoftax": -19000000,
        "othercomprehensiveincomeunrealizedgainlossonderivativesarisingduringperiodnetoftax": 4000000,
        "othercomprehensiveincomelossderivativesqualifyingashedgesnetoftax": -20000000,
        "othercomprehensiveincomelossnetoftax": 73000000,
        "comprehensiveincomenetoftaxincludingportionattributabletononcontrollinginterest": 2225000000,
        "comprehensiveincomenetoftaxattributabletononcontrollinginterest": -2000000,
        "comprehensiveincomenetoftax": 2227000000,
        "othercomprehensiveincomelossreclassificationadjustmentfromaociforsaleofsecuritiestax": 23000000,
        "othercomprehensiveincomelossforeigncurrencytranslationadjustmenttax": -11000000,
        "salesrevenuegoodsnet": 9532000000,
        "salesrevenueservicesnet": 2825000000,
        "salesrevenuenet": 6400000000,
        "costofgoodssold": 6916000000,
        "costofservices": 976000000,
        "costofgoodsandservicessold": 4952000000,
        "grossprofit": 5584000000,
        "sellingandmarketingexpense": 2473000000,
        "generalandadministrativeexpense": 508000000,
        "amortizationofintangibleassets": 68000000,
        "restructuringandothercharges": 82000000,
        "operatingexpenses": 4724000000,
        "operatingincomeloss": 2681000000,
        "investmentincomeinterestanddividend": 183000000,
        "interestexpense": 142000000,
        "othernonoperatingincomeexpense": 56000000,
        "nonoperatingincomeexpense": 97000000,
        "incometaxexpensebenefit": 531000000,
        "earningspersharebasic": 0.44000000000000006,
        "earningspersharediluted": 0.43000000000000005,
        "weightedaveragenumberofsharesoutstandingbasic": -10581000000,
        "weightedaveragenumberofdilutedsharesoutstanding": -10656000000,
        "commonstockdividendspersharecashpaid": 0.18999999999999997
    },
    {
        "date": "2014-04-25",
        "symbol": "CSCO",
        "period": "Q3",
        "netincomeloss": 2181000000,
        "othercomprehensiveincomeunrealizedholdinggainlossonsecuritiesarisingduringperiodnetoftax": -8000000,
        "othercomprehensiveincomelossreclassificationadjustmentfromaociforsaleofsecuritiesnetoftax": 43000000,
        "othercomprehensiveincomelossavailableforsalesecuritiesadjustmentnetoftax": -51000000,
        "othercomprehensiveincomeunrealizedgainlossonderivativesarisingduringperiodnetoftax": 13000000,
        "othercomprehensiveincomelossreclassificationadjustmentfromaocionderivativesnetoftax": 16000000,
        "othercomprehensiveincomelossderivativesqualifyingashedgesnetoftax": -3000000,
        "othercomprehensiveincomelossforeigncurrencytransactionandtranslationadjustmentnetoftax": 42000000,
        "othercomprehensiveincomelossnetoftax": -12000000,
        "comprehensiveincomenetoftaxincludingportionattributabletononcontrollinginterest": 2169000000,
        "comprehensiveincomenetoftaxattributabletononcontrollinginterest": -6000000,
        "comprehensiveincomenetoftax": 2175000000,
        "othercomprehensiveincomelossavailableforsalesecuritiesbeforereclassificationadjustmentstax": 8000000,
        "othercomprehensiveincomelossreclassificationadjustmentfromaociforsaleofsecuritiestax": 26000000,
        "othercomprehensiveincomelossderivativesqualifyingashedgestax": 1000000,
        "othercomprehensiveincomelossforeigncurrencytranslationadjustmenttax": 5000000,
        "salesrevenuegoodsnet": 8820000000,
        "salesrevenueservicesnet": 2725000000,
        "salesrevenuenet": 5900000000,
        "costofgoodssold": 655000000,
        "costofservices": 944000000,
        "costofgoodsandservicessold": 4539000000,
        "grossprofit": -233000000,
        "researchanddevelopmentcostincludingsoftwaredevelopmentcosts": 1565000000,
        "sellingandmarketingexpense": 2342000000,
        "generalandadministrativeexpense": 460000000,
        "amortizationofintangibleassets": 71000000,
        "restructuringandothercharges": 26000000,
        "operatingexpenses": 4464000000,
        "operatingincomeloss": 2542000000,
        "investmentincomeinterestanddividend": 170000000,
        "interestexpense": 146000000,
        "othernonoperatingincomeexpense": 76000000,
        "nonoperatingincomeexpense": 100000000,
        "incomelossfromcontinuingoperationsbeforeincometaxes": 2642000000,
        "incometaxexpensebenefit": 461000000,
        "earningspersharebasic": 0.42,
        "earningspersharediluted": 0.42,
        "weightedaveragenumberofsharesoutstandingbasic": 5143000000,
        "weightedaveragenumberofdilutedsharesoutstanding": 5180000000,
        "commonstockdividendspersharecashpaid": 0.19
    },
    {
        "date": "2014-01-24",
        "symbol": "CSCO",
        "period": "Q2",
        "netincomeloss": 1429000000,
        "othercomprehensiveincomeunrealizedholdinggainlossonsecuritiesarisingduringperiodnetoftax": 96000000,
        "othercomprehensiveincomelossreclassificationadjustmentfromaociforsaleofsecuritiesnetoftax": 51000000,
        "othercomprehensiveincomelossavailableforsalesecuritiesadjustmentnetoftax": 45000000,
        "othercomprehensiveincomeunrealizedgainlossonderivativesarisingduringperiodnetoftax": -4000000,
        "othercomprehensiveincomelossreclassificationadjustmentfromaocionderivativesnetoftax": 19000000,
        "othercomprehensiveincomelossderivativesqualifyingashedgesnetoftax": -23000000,
        "othercomprehensiveincomelossforeigncurrencytransactionandtranslationadjustmentnetoftax": -88000000,
        "othercomprehensiveincomelossnetoftax": -66000000,
        "comprehensiveincomenetoftaxincludingportionattributabletononcontrollinginterest": 1363000000,
        "comprehensiveincomenetoftaxattributabletononcontrollinginterest": 3000000,
        "comprehensiveincomenetoftax": 1360000000,
        "othercomprehensiveincomelossavailableforsalesecuritiesbeforereclassificationadjustmentstax": 69000000,
        "othercomprehensiveincomelossreclassificationadjustmentfromaociforsaleofsecuritiestax": 31000000,
        "othercomprehensiveincomelossderivativesqualifyingashedgestax": -1000000,
        "othercomprehensiveincomelossforeigncurrencytranslationadjustmenttax": -2000000,
        "salesrevenuegoodsnet": 8423000000,
        "salesrevenueservicesnet": 2732000000,
        "salesrevenuenet": 5600000000,
        "costofgoodssold": 4323000000,
        "costofservices": 881000000,
        "costofgoodsandservicessold": 5204000000,
        "grossprofit": -889000000,
        "researchanddevelopmentcostincludingsoftwaredevelopmentcosts": 1412000000,
        "sellingandmarketingexpense": 2277000000,
        "generalandadministrativeexpense": 451000000,
        "amortizationofintangibleassets": 71000000,
        "restructuringandothercharges": 73000000,
        "operatingexpenses": 4284000000,
        "operatingincomeloss": 1667000000,
        "investmentincomeinterestanddividend": 169000000,
        "interestexpense": 136000000,
        "othernonoperatingincomeexpense": 55000000,
        "nonoperatingincomeexpense": 88000000,
        "incomelossfromcontinuingoperationsbeforeincometaxes": 1755000000,
        "incometaxexpensebenefit": 326000000,
        "earningspersharebasic": 0.27,
        "earningspersharediluted": 0.27,
        "weightedaveragenumberofsharesoutstandingbasic": 5294000000,
        "weightedaveragenumberofdilutedsharesoutstanding": 5327000000,
        "commonstockdividendspersharecashpaid": 0.17
    },
    {
        "date": "2013-10-25",
        "symbol": "CSCO",
        "period": "Q1",
        "netincomeloss": 1996000000,
        "othercomprehensiveincomeunrealizedholdinggainlossonsecuritiesarisingduringperiodnetoftax": 121000000,
        "othercomprehensiveincomelossreclassificationadjustmentfromaociforsaleofsecuritiesnetoftax": 52000000,
        "othercomprehensiveincomelossavailableforsalesecuritiesadjustmentnetoftax": 69000000,
        "othercomprehensiveincomeunrealizedgainlossonderivativesarisingduringperiodnetoftax": 35000000,
        "othercomprehensiveincomelossreclassificationadjustmentfromaocionderivativesnetoftax": 9000000,
        "othercomprehensiveincomelossderivativesqualifyingashedgesnetoftax": 26000000,
        "othercomprehensiveincomelossforeigncurrencytransactionandtranslationadjustmentnetoftax": 73000000,
        "othercomprehensiveincomelossnetoftax": 4000000,
        "comprehensiveincomenetoftaxincludingportionattributabletononcontrollinginterest": 2164000000,
        "comprehensiveincomenetoftaxattributabletononcontrollinginterest": 4000000,
        "comprehensiveincomenetoftax": 2160000000,
        "othercomprehensiveincomelossavailableforsalesecuritiestax": 53000000,
        "othercomprehensiveincomelossreclassificationadjustmentfromaociforsaleofsecuritiestax": 31000000,
        "othercomprehensiveincomelossderivativesqualifyingashedgestax": 3000000,
        "othercomprehensiveincomelossforeigncurrencytranslationadjustmenttax": 3000000,
        "salesrevenuegoodsnet": 9397000000,
        "salesrevenueservicesnet": 2688000000,
        "salesrevenuenet": 6400000000,
        "costofgoodssold": 3747000000,
        "costofservices": 931000000,
        "costofgoodsandservicessold": 4678000000,
        "grossprofit": -210000000,
        "researchanddevelopmentcostincludingsoftwaredevelopmentcosts": 1724000000,
        "sellingandmarketingexpense": 2411000000,
        "generalandadministrativeexpense": 515000000,
        "amortizationofintangibleassets": 65000000,
        "restructuringandothercharges": 237000000,
        "operatingexpenses": 4952000000,
        "operatingincomeloss": 2455000000,
        "investmentincomeinterestanddividend": 169000000,
        "interestexpense": 140000000,
        "othernonoperatingincomeexpense": 56000000,
        "nonoperatingincomeexpense": 85000000,
        "incomelossfromcontinuingoperationsbeforeincometaxes": 2540000000,
        "incometaxexpensebenefit": 544000000,
        "earningspersharebasic": 0.37,
        "earningspersharediluted": 0.37,
        "weightedaveragenumberofsharesoutstandingbasic": 5378000000,
        "weightedaveragenumberofdilutedsharesoutstanding": 5430000000,
        "commonstockdividendspersharecashpaid": 0.17
    },
    {
        "date": "2013-04-26",
        "symbol": "CSCO",
        "period": "Q3",
        "netincomeloss": 2478000000,
        "othercomprehensiveincomeunrealizedholdinggainlossonsecuritiesarisingduringperiodnetoftax": -63000000,
        "othercomprehensiveincomeunrealizedgainlossonderivativesarisingduringperiodnetoftax": -10000000,
        "comprehensiveincomenetoftaxwhichincludesportionattributabletononcontrollinginterest": 2269000000,
        "comprehensiveincomenetoftax": 2269000000,
        "othercomprehensiveincomeunrealizedholdinggainlossonsecuritiesarisingduringperiodtax": -41000000,
        "changeincumulativetranslationtaxeffects": 19000000,
        "salesrevenuegoodsnet": 9559000000,
        "salesrevenueservicesnet": 2657000000,
        "salesrevenuenet": 5177000000,
        "costofgoodssold": 3782000000,
        "costofservices": 923000000,
        "costofgoodsandservicessold": 4705000000,
        "grossprofit": -3776000000,
        "researchanddevelopmentcostincludingsoftwaredevelopmentcosts": 1542000000,
        "sellingandmarketingexpense": 2375000000,
        "generalandadministrativeexpense": 530000000,
        "amortizationofintangibleassets": 89000000,
        "restructuringandothercharges": 33000000,
        "operatingexpenses": 4569000000,
        "operatingincomeloss": 2942000000,
        "investmentincomeinterestanddividend": 162000000,
        "interestexpense": 145000000,
        "othernonoperatingincomeexpense": -14000000,
        "nonoperatingincomeexpense": 3000000,
        "incomelossfromcontinuingoperationsbeforeincometaxes": 2945000000,
        "incometaxexpensebenefit": 467000000,
        "earningspersharebasic": 0.47,
        "earningspersharediluted": 0.45999999999999996,
        "weightedaveragenumberofsharesoutstandingbasic": -5303000000,
        "weightedaveragenumberofdilutedsharesoutstanding": -5330000000,
        "commonstockdividendspersharecashpaid": 0.16999999999999998
    },
    {
        "date": "2013-01-25",
        "symbol": "CSCO",
        "period": "Q2",
        "netincomeloss": 3143000000,
        "othercomprehensiveincomeunrealizedholdinggainlossonsecuritiesarisingduringperiodnetoftax": 69000000,
        "othercomprehensiveincomelossreclassificationadjustmentforsaleofsecuritiesincludedinnetincomenetoftax": -9000000,
        "othercomprehensiveincomelossavailableforsalesecuritiesadjustmentnetoftax": 60000000,
        "othercomprehensiveincomeunrealizedgainlossonderivativesarisingduringperiodnetoftax": 2000000,
        "othercomprehensiveincomelossreclassificationadjustmentonderivativesincludedinnetincomenetoftax": -8000000,
        "othercomprehensiveincomelossderivativesqualifyingashedgesnetoftax": -6000000,
        "othercomprehensiveincomelossforeigncurrencytransactionandtranslationadjustmentnetoftax": 6000000,
        "othercomprehensiveincomelossnetoftax": 60000000,
        "comprehensiveincomenetoftaxwhichincludesportionattributabletononcontrollinginterest": 3203000000,
        "othercomprehensiveincomelossavailableforsalesecuritiesadjustmentnetoftaxportionattributabletononcontrollinginterest": -5000000,
        "comprehensiveincomenetoftax": 3208000000,
        "othercomprehensiveincomeunrealizedholdinggainlossonsecuritiesarisingduringperiodtax": 47000000,
        "othercomprehensiveincomelossreclassificationadjustmentforsaleofsecuritiesincludedinnetincometax": 5000000,
        "othercomprehensiveincomeunrealizedgainlossonderivativesarisingduringperiodtax": 1000000,
        "changeincumulativetranslationtaxeffects": 5000000,
        "salesrevenuegoodsnet": 9437000000,
        "salesrevenueservicesnet": 2661000000,
        "salesrevenuenet": 6100000000,
        "costofgoodssold": 3857000000,
        "costofservices": 898000000,
        "costofgoodsandservicessold": 4755000000,
        "grossprofit": 2008000000,
        "researchanddevelopmentcostincludingsoftwaredevelopmentcosts": 1452000000,
        "sellingandmarketingexpense": 2387000000,
        "generalandadministrativeexpense": 584000000,
        "amortizationofintangibleassets": 118000000,
        "restructuringandothercharges": 13000000,
        "operatingexpenses": 4554000000,
        "operatingincomeloss": 2789000000,
        "investmentincomeinterestanddividend": 160000000,
        "interestexpense": 147000000,
        "othernonoperatingincomeexpense": -22000000,
        "nonoperatingincomeexpense": -9000000,
        "incomelossfromcontinuingoperationsbeforeincometaxes": 2780000000,
        "incometaxexpensebenefit": -363000000,
        "earningspersharebasic": 0.59,
        "earningspersharediluted": 0.59,
        "weightedaveragenumberofsharesoutstandingbasic": 5318000000,
        "weightedaveragenumberofdilutedsharesoutstanding": 5357000000,
        "commonstockdividendspersharecashpaid": 0.14
    },
    {
        "date": "2012-10-26",
        "symbol": "CSCO",
        "period": "Q1",
        "netincomeloss": 2092000000,
        "othercomprehensiveincomeunrealizedholdinggainlossonsecuritiesarisingduringperiodnetoftax": 4000000,
        "othercomprehensiveincomereclassificationadjustmentforsaleofsecuritiesincludedinnetincomenetoftax": 17000000,
        "othercomprehensiveincomeavailableforsalesecuritiesadjustmentnetoftaxperiodincreasedecrease": -13000000,
        "othercomprehensiveincomeunrealizedgainlossonderivativesarisingduringperiodnetoftax": 66000000,
        "othercomprehensiveincomereclassificationadjustmentonderivativesincludedinnetincomenetoftax": -5000000,
        "othercomprehensiveincomederivativesqualifyingashedgesnetoftaxperiodincreasedecrease": 71000000,
        "othercomprehensiveincomeforeigncurrencytransactionandtranslationadjustmentnetoftaxperiodincreasedecrease": 114000000,
        "othercomprehensiveincomelossnetoftaxperiodincreasedecrease": 172000000,
        "comprehensiveincomenetoftaxwhichincludesportionattributabletononcontrollinginterest": 2264000000,
        "comprehensiveincomenetoftax": 2264000000,
        "othercomprehensiveincomeunrealizedholdinggainlossonsecuritiesarisingduringperiodtax": 1000000,
        "othercomprehensiveincomereclassificationadjustmentforsaleofsecuritiesincludedinnetincometax": 10000000,
        "changeincumulativetranslationtaxeffects": -10000000,
        "salesrevenuegoodsnet": 9297000000,
        "salesrevenueservicesnet": 2579000000,
        "salesrevenuenet": 7023000000,
        "costofgoodssold": 3748000000,
        "costofservices": 889000000,
        "costofgoodsandservicessold": 4637000000,
        "grossprofit": 1176000000,
        "researchanddevelopmentcostincludingsoftwaredevelopmentcosts": 1431000000,
        "sellingandmarketingexpense": 2416000000,
        "generalandadministrativeexpense": 560000000,
        "amortizationofintangibleassets": 122000000,
        "restructuringandothercharges": 59000000,
        "operatingexpenses": 4588000000,
        "operatingincomeloss": 2651000000,
        "investmentincomeinterestanddividend": 161000000,
        "interestexpense": 148000000,
        "othernonoperatingincomeexpense": -33000000,
        "nonoperatingincomeexpense": -20000000,
        "incomelossfromcontinuingoperationsbeforeincometaxes": 2631000000,
        "incometaxexpensebenefit": 539000000,
        "earningspersharebasic": 0.39,
        "earningspersharediluted": 0.39,
        "weightedaveragenumberofsharesoutstandingbasic": 5301000000,
        "weightedaveragenumberofdilutedsharesoutstanding": 5334000000,
        "commonstockdividendspersharecashpaid": 0.14
    },
    {
        "date": "2012-04-27",
        "symbol": "CSCO",
        "period": "Q3",
        "salesrevenuegoodsnet": 9106000000,
        "salesrevenueservicesnet": 2482000000,
        "salesrevenuenet": 3160000000,
        "costofgoodssold": 3563000000,
        "costofservices": 856000000,
        "costofgoodsandservicessold": 4419000000,
        "grossprofit": -145000000,
        "researchanddevelopmentcostsincludingsoftwaredevelopmentcosts": 1358000000,
        "sellingandmarketingexpense": 2383000000,
        "generalandadministrativeexpense": 562000000,
        "amortizationofintangibleassets": 96000000,
        "restructuringandothercharges": 20000000,
        "operatingexpenses": 4419000000,
        "operatingincomeloss": 2750000000,
        "investmentincomeinterestanddividend": 161000000,
        "interestexpense": 151000000,
        "othernonoperatingincomeexpense": 19000000,
        "nonoperatingincomeexpense": 29000000,
        "incomelossfromcontinuingoperationsbeforeincometaxes": 2779000000,
        "incometaxexpensebenefit": 614000000,
        "netincomeloss": 2165000000,
        "earningspersharebasic": 0.4,
        "earningspersharediluted": 0.4,
        "weightedaveragenumberofsharesoutstandingbasic": 5388000000,
        "dilutedweightedaveragenumberofsharesforperiodusedinpersharecalculation": 5456000000,
        "commonstockdividendspersharecashpaid": 0.08
    },
    {
        "date": "2012-01-27",
        "symbol": "CSCO",
        "period": "Q2",
        "salesrevenuegoodsnet": 9118000000,
        "salesrevenueservicesnet": 2409000000,
        "salesrevenuenet": 6552000000,
        "costofgoodssold": 3650000000,
        "costofservices": 812000000,
        "costofgoodsandservicessold": 4462000000,
        "grossprofit": -128000000,
        "researchanddevelopmentcostsincludingsoftwaredevelopmentcosts": 1339000000,
        "sellingandmarketingexpense": 2395000000,
        "generalandadministrativeexpense": 497000000,
        "amortizationofintangibleassets": 97000000,
        "restructuringandothercharges": 3000000,
        "operatingexpenses": 4331000000,
        "operatingincomeloss": 2734000000,
        "investmentincomeinterestanddividend": 158000000,
        "interestexpense": 150000000,
        "othernonoperatingincomeexpense": 7000000,
        "nonoperatingincomeexpense": 15000000,
        "incomelossfromcontinuingoperationsbeforeincometaxes": 2749000000,
        "incometaxexpensebenefit": 567000000,
        "netincomeloss": 2182000000,
        "earningspersharebasic": 0.41,
        "earningspersharediluted": 0.4,
        "weightedaveragenumberofsharesoutstandingbasic": 5368000000,
        "dilutedweightedaveragenumberofsharesforperiodusedinpersharecalculation": 5401000000,
        "commonstockdividendspersharecashpaid": 0.06
    },
    {
        "date": "2011-10-28",
        "symbol": "CSCO",
        "period": "Q1",
        "salesrevenuegoodsnet": 8952000000,
        "salesrevenueservicesnet": 2304000000,
        "salesrevenuenet": 6588000000,
        "costofgoodssold": 3563000000,
        "costofservices": 803000000,
        "costofrevenue": 4366000000,
        "grossprofit": 4160000000,
        "researchanddevelopmentcostsincludingsoftwaredevelopmentcosts": 1375000000,
        "sellingandmarketingexpense": 2452000000,
        "generalandadministrativeexpense": 552000000,
        "amortizationofintangibleassets": 99000000,
        "restructuringandothercharges": 202000000,
        "operatingexpenses": 4680000000,
        "operatingincomeloss": 2210000000,
        "investmentincomeinterestanddividend": 164000000,
        "interestexpense": 148000000,
        "othernonoperatingincomeexpense": 19000000,
        "nonoperatingincomeexpense": 35000000,
        "incomelossfromcontinuingoperationsbeforeincometaxes": 2245000000,
        "incometaxexpensebenefit": 468000000,
        "netincomeloss": 1777000000,
        "earningspersharebasic": 0.33,
        "earningspersharediluted": 0.33,
        "weightedaveragenumberofsharesoutstandingbasic": 5394000000,
        "dilutedweightedaveragenumberofsharesforperiodusedinpersharecalculation": 5407000000,
        "commonstockdividendspersharecashpaid": 0.06
    },
    {
        "date": "2011-04-29",
        "symbol": "CSCO",
        "period": "Q3",
        "salesrevenuegoodsnet": 8669000000,
        "salesrevenueservicesnet": 2197000000,
        "salesrevenuenet": 248000000,
        "costofgoodssold": 3437000000,
        "costofservices": 770000000,
        "costofrevenue": 4207000000,
        "grossprofit": 3683000000,
        "researchanddevelopmentcostsincludingsoftwaredevelopmentcosts": 1430000000,
        "sellingandmarketingexpense": 2446000000,
        "generalandadministrativeexpense": 466000000,
        "amortizationofintangibleassets": 103000000,
        "restructuringandotherspecialcharges": 8000000,
        "operatingexpenses": 4476000000,
        "operatingincomeloss": 2183000000,
        "investmentincomeinterestanddividend": 161000000,
        "interestexpense": 153000000,
        "othernonoperatingincomeexpense": 12000000,
        "nonoperatingincomeexpense": 20000000,
        "incomelossfromcontinuingoperationsbeforeincometaxes": 2203000000,
        "incometaxexpensebenefit": 396000000,
        "netincomeloss": 1807000000,
        "earningspersharebasic": 0.33,
        "earningspersharediluted": 0.33,
        "weightedaveragenumberofsharesoutstandingbasic": 5508000000,
        "weightedaveragenumberofdilutedsharesoutstanding": 5537000000,
        "commonstockdividendspersharecashpaid": 0.06
    },
    {
        "date": "2011-01-28",
        "symbol": "CSCO",
        "period": "Q2",
        "salesrevenuegoodsnet": 8236000000,
        "salesrevenueservicesnet": 2171000000,
        "salesrevenuenet": 211000000,
        "costofgoodssold": 3382000000,
        "costofservices": 764000000,
        "costofrevenue": 4146000000,
        "grossprofit": 3448000000,
        "researchanddevelopmentcostsincludingsoftwaredevelopmentcosts": 1478000000,
        "sellingandmarketingexpense": 2444000000,
        "generalandadministrativeexpense": 452000000,
        "amortizationofintangibleassets": 203000000,
        "operatingexpenses": 4577000000,
        "operatingincomeloss": 1684000000,
        "investmentincomeinterestanddividend": 156000000,
        "interestexpense": 161000000,
        "othernonoperatingincomeexpense": 51000000,
        "nonoperatingincomeexpense": 46000000,
        "incomelossfromcontinuingoperationsbeforeincometaxes": 1730000000,
        "incometaxexpensebenefit": 209000000,
        "netincomeloss": 1521000000,
        "earningspersharebasic": 0.27,
        "earningspersharediluted": 0.27,
        "weightedaveragenumberofsharesoutstandingbasic": 5531000000,
        "weightedaveragenumberofdilutedsharesoutstanding": 5587000000
    },
    {
        "date": "2010-10-29",
        "symbol": "CSCO",
        "period": "Q1",
        "salesrevenuegoodsnet": 8700000000,
        "salesrevenueservicesnet": 2050000000,
        "salesrevenuenet": 5878000000,
        "costofgoodssold": 3249000000,
        "costofservices": 746000000,
        "costofrevenue": 3995000000,
        "grossprofit": 3788000000,
        "researchanddevelopmentcostsincludingsoftwaredevelopmentcosts": 1431000000,
        "sellingandmarketingexpense": 2402000000,
        "generalandadministrativeexpense": 458000000,
        "amortizationofintangibleassets": 113000000,
        "operatingexpenses": 4404000000,
        "operatingincomeloss": 2351000000,
        "investmentincomeinterestanddividend": 160000000,
        "interestexpense": 166000000,
        "othernonoperatingincomeexpense": 80000000,
        "nonoperatingincomeexpense": 74000000,
        "incomelossfromcontinuingoperationsbeforeincometaxes": 2425000000,
        "incometaxexpensebenefit": 495000000,
        "netincomeloss": 1930000000,
        "earningspersharebasic": 0.34,
        "earningspersharediluted": 0.34,
        "weightedaveragenumberofsharesoutstandingbasic": 5595000000,
        "weightedaveragenumberofdilutedsharesoutstanding": 5675000000
    },
    {
        "date": "2010-04-30",
        "symbol": "CSCO",
        "period": "Q3",
        "salesrevenuegoodsnet": 8436000000,
        "salesrevenueservicesnet": 1932000000,
        "salesrevenuenet": 10368000000,
        "costofgoodssold": 3010000000,
        "costofservices": 728000000,
        "costofrevenue": 3738000000,
        "grossprofit": 6630000000,
        "researchanddevelopmentcostsincludingsoftwaredevelopmentcosts": 1411000000,
        "sellingandmarketingexpense": 2260000000,
        "generalandadministrativeexpense": 497000000,
        "amortizationofintangibleassets": 117000000,
        "operatingexpenses": 4285000000,
        "operatingincomeloss": 2345000000,
        "investmentincomeinterestanddividend": 158000000,
        "interestexpense": 182000000,
        "othernonoperatingincomeexpense": 82000000,
        "nonoperatingincomeexpense": 58000000,
        "incomelossfromcontinuingoperationsbeforeincometaxes": 2403000000,
        "incometaxexpensebenefit": 211000000,
        "netincomeloss": 2192000000,
        "earningspersharebasic": 0.38,
        "earningspersharediluted": 0.37,
        "weightedaveragenumberofsharesoutstandingbasic": 5731000000,
        "weightedaveragenumberofdilutedsharesoutstanding": 5869000000
    },
    {
        "date": "2010-01-22",
        "symbol": "CSCO",
        "period": "Q2",
        "salesrevenuegoodsnet": 7976000000,
        "salesrevenueservicesnet": 1839000000,
        "salesrevenuenet": 9815000000,
        "costofgoodssold": 2815000000,
        "costofservices": 668000000,
        "costofrevenue": 3483000000,
        "grossprofit": 6332000000,
        "researchanddevelopmentcostsincludingsoftwaredevelopmentcosts": 1247000000,
        "sellingandmarketingexpense": 2110000000,
        "generalandadministrativeexpense": 467000000,
        "amortizationofintangibleassets": 138000000,
        "operatingexpenses": 3962000000,
        "operatingincomeloss": 2370000000,
        "investmentincomeinterestanddividend": 155000000,
        "interestexpense": 158000000,
        "othernonoperatingincomeexpense": -12000000,
        "nonoperatingincomeexpense": -15000000,
        "incomelossfromcontinuingoperationsbeforeincometaxes": 2355000000,
        "incometaxexpensebenefit": 502000000,
        "netincomeloss": 1853000000,
        "earningspersharebasic": 0.32,
        "earningspersharediluted": 0.32,
        "weightedaveragenumberofsharesoutstandingbasic": 5741000000,
        "weightedaveragenumberofdilutedsharesoutstanding": 5862000000
    },
    {
        "date": "2009-10-23",
        "symbol": "CSCO",
        "period": "Q1",
        "salesrevenuegoodsnet": 7200000000,
        "salesrevenueservicesnet": 1821000000,
        "salesrevenuenet": 9021000000,
        "costofgoodssold": 2486000000,
        "costofservices": 647000000,
        "costofrevenue": 3133000000,
        "grossprofit": 5888000000,
        "researchanddevelopmentcostsincludingsoftwaredevelopmentcosts": 1224000000,
        "sellingandmarketingexpense": 1995000000,
        "generalandadministrativeexpense": 440000000,
        "amortizationofintangibleassets": 105000000,
        "operatingexpenses": 3764000000,
        "operatingincomeloss": 2124000000,
        "investmentincomeinterestanddividend": 168000000,
        "interestexpense": 114000000,
        "othernonoperatingincomeexpense": 61000000,
        "nonoperatingincomeexpense": 115000000,
        "incomelossfromcontinuingoperationsbeforeincometaxes": 2239000000,
        "incometaxexpensebenefit": 452000000,
        "netincomeloss": 1787000000,
        "earningspersharebasic": 0.31,
        "earningspersharediluted": 0.3,
        "weightedaveragenumberofsharesoutstandingbasic": 5767000000,
        "weightedaveragenumberofdilutedsharesoutstanding": 5871000000,
        "sharesissued": 5751000000,
        "stockholdersequityincludingportionattributabletononcontrollinginterest": 4354000000,
        "profitloss": 1787000000,
        "othercomprehensiveincomeavailableforsalesecuritiesadjustmentnetoftaxperiodincreasedecrease": 186000000,
        "othercomprehensiveincomederivativesqualifyingashedgesnetoftaxperiodincreasedecrease": 61000000,
        "othercomprehensiveincomeforeigncurrencytransactionandtranslationadjustmentnetoftaxperiodincreasedecrease": 163000000,
        "comprehensiveincomenetoftaxincludingportionattributabletononcontrollinginterest": 2197000000,
        "stockissuedduringperiodsharesnewissues": 45000000,
        "stockissuedduringperiodvaluenewissues": 634000000,
        "stockrepurchasedduringperiodshares": -79000000,
        "stockrepurchasedduringperiodvalue": 1301000000,
        "adjustmentstoadditionalpaidincapitaltaxeffectfromsharebasedcompensation": 20000000,
        "adjustmentstoadditionalpaidincapitalsharebasedcompensationrequisiteserviceperiodrecognitionvalue": 321000000
    }
]