[
    {
        "date": "2024-06-29",
        "symbol": "MO",
        "period": "Q2",
        "revenuefromcontractwithcustomerexcludingassessedtax": 6209000000,
        "costofgoodsandservicessold": 1602000000,
        "othercostofoperatingrevenue": 932000000,
        "grossprofit": 3675000000,
        "marketingadministrationandresearchcosts": 788000000,
        "assetimpairmentcharges": 354000000,
        "operatingincomeloss": 2533000000,
        "interestincomeexpensenonoperatingnet": -261000000,
        "netperiodicdefinedbenefitsexpensereversalofexpenseexcludingservicecostcomponent": -25000000,
        "gainlossfromequitysecurities": 119000000,
        "gainonsaleofiqossystemcommercializationrights": 2700000000,
        "incomelossfromcontinuingoperationsbeforeincometaxesextraordinaryitemsnoncontrollinginterest": 5116000000,
        "incometaxexpensebenefit": 1313000000,
        "netincomeloss": 3803000000,
        "earningspersharebasic": 2.21,
        "earningspersharediluted": 2.21,
        "profitloss": 3803000000,
        "othercomprehensiveincomelosspensionandotherpostretirementbenefitplansadjustmentnetoftax": 1000000,
        "ociequitymethodinvestmentaftertax": -8000000,
        "othercomprehensiveincomelossforeigncurrencytransactionandtranslationadjustmentnetoftax": -8000000,
        "othercomprehensiveincomelossnetoftax": -17000000,
        "comprehensiveincomenetoftax": 3786000000
    },
    {
        "date": "2023-12-30",
        "symbol": "MO",
        "period": "Q4",
        "revenuefromcontractwithcustomerexcludingassessedtax": 5975000000,
        "costofgoodsandservicessold": 1525000000,
        "othercostofoperatingrevenue": 951000000,
        "grossprofit": 3499000000,
        "marketingadministrationandresearchcosts": 703000000,
        "operatingincomeloss": 2796000000,
        "interestincomeexpensenet": -231000000,
        "netperiodicdefinedbenefitsexpensereversalofexpenseexcludingservicecostcomponent": -32000000,
        "incomelossfromcontinuingoperationsbeforeincometaxesextraordinaryitemsnoncontrollinginterest": 2735000000,
        "incometaxexpensebenefit": 675000000,
        "netincomeloss": 2060000000,
        "earningspersharebasic": 1.1600000000000006,
        "earningspersharediluted": 1.1600000000000006,
        "profitloss": 2060000000,
        "othercomprehensiveincomelosspensionandotherpostretirementbenefitplansadjustmentnetoftax": 41000000,
        "ociequitymethodinvestmentaftertax": -128000000,
        "othercomprehensiveincomelossforeigncurrencytransactionandtranslationadjustmentnetoftax": -33000000,
        "othercomprehensiveincomelossnetoftax": -202000000,
        "comprehensiveincomenetoftax": 1858000000
    },
    {
        "date": "2023-09-29",
        "symbol": "MO",
        "period": "Q3",
        "revenuefromcontractwithcustomerexcludingassessedtax": 6281000000,
        "costofgoodsandservicessold": 1578000000,
        "othercostofoperatingrevenue": 1004000000,
        "grossprofit": 3699000000,
        "marketingadministrationandresearchcosts": 610000000,
        "operatingincomeloss": 3089000000,
        "interestincomeexpensenet": -272000000,
        "netperiodicdefinedbenefitsexpensereversalofexpenseexcludingservicecostcomponent": -33000000,
        "gainlossfromequitysecurities": 58000000,
        "incomelossfromcontinuingoperationsbeforeincometaxesextraordinaryitemsnoncontrollinginterest": 2908000000,
        "incometaxexpensebenefit": 742000000,
        "netincomeloss": 2166000000,
        "earningspersharebasic": 1.22,
        "earningspersharediluted": 1.22,
        "profitloss": 2166000000,
        "othercomprehensiveincomelosspensionandotherpostretirementbenefitplansadjustmentnetoftax": 5000000,
        "ociequitymethodinvestmentaftertax": 236000000,
        "othercomprehensiveincomelossforeigncurrencytransactionandtranslationadjustmentnetoftax": 7000000,
        "othercomprehensiveincomelossnetoftax": 238000000,
        "comprehensiveincomenetoftax": 2404000000
    },
    {
        "date": "2023-06-29",
        "symbol": "MO",
        "period": "Q2",
        "revenuefromcontractwithcustomerexcludingassessedtax": 6508000000,
        "costofgoodsandservicessold": 1681000000,
        "othercostofoperatingrevenue": 1070000000,
        "grossprofit": 3757000000,
        "marketingadministrationandresearchcosts": 852000000,
        "operatingincomeloss": 2905000000,
        "interestincomeexpensenet": -257000000,
        "netperiodicdefinedbenefitsexpensereversalofexpenseexcludingservicecostcomponent": -31000000,
        "incomelossfromequitysecurities": 127000000,
        "incomelossfromcontinuingoperationsbeforeincometaxesextraordinaryitemsnoncontrollinginterest": 2806000000,
        "incometaxexpensebenefit": 689000000,
        "netincomeloss": 2117000000,
        "earningspersharebasic": 1.19,
        "earningspersharediluted": 1.19,
        "profitloss": 2117000000,
        "othercomprehensiveincomelosspensionandotherpostretirementbenefitplansadjustmentnetoftax": 5000000,
        "ociequitymethodinvestmentaftertax": 78000000,
        "othercomprehensiveincomelossforeigncurrencytransactionandtranslationadjustmentnetoftax": -3000000,
        "othercomprehensiveincomelossnetoftax": 70000000,
        "comprehensiveincomenetoftax": 2187000000
    },
    {
        "date": "2023-03-30",
        "symbol": "MO",
        "period": "Q1",
        "revenuefromcontractwithcustomerexcludingassessedtax": 5719000000,
        "costofgoodsandservicessold": 1434000000,
        "othercostofoperatingrevenue": 956000000,
        "grossprofit": 3329000000,
        "marketingadministrationandresearchcosts": 572000000,
        "operatingincomeloss": 2757000000,
        "interestincomeexpensenet": -229000000,
        "netperiodicdefinedbenefitsexpensereversalofexpenseexcludingservicecostcomponent": -31000000,
        "incomelossfromequitysecurities": -80000000,
        "incomelossfromcontinuingoperationsbeforeincometaxesextraordinaryitemsnoncontrollinginterest": 2479000000,
        "incometaxexpensebenefit": 692000000,
        "netincomeloss": 1787000000,
        "earningspersharebasic": 1,
        "earningspersharediluted": 1,
        "profitloss": 1787000000,
        "othercomprehensiveincomelosspensionandotherpostretirementbenefitplansadjustmentnetoftax": 6000000,
        "ociequitymethodinvestmentaftertax": -12000000,
        "othercomprehensiveincomelossforeigncurrencytransactionandtranslationadjustmentnetoftax": 10000000,
        "othercomprehensiveincomelossnetoftax": -8000000,
        "comprehensiveincomenetoftax": 1779000000
    },
    {
        "date": "2022-12-30",
        "symbol": "MO",
        "period": "Q4",
        "revenuefromcontractwithcustomerexcludingassessedtax": 1002000000,
        "costofgoodsandservicessold": 1573000000,
        "grossprofit": -10211000000,
        "marketingadministrationandresearchcosts": 692000000,
        "operatingincomeloss": -9137000000,
        "interestincomeexpensenet": -226000000,
        "netperiodicdefinedbenefitsexpensereversalofexpenseexcludingservicecostcomponent": 23000000,
        "incomelossfromequityinvestments": 66000000,
        "incomelossfromcontinuingoperationsbeforeincometaxesextraordinaryitemsnoncontrollinginterest": -5206000000,
        "incometaxexpensebenefit": 14000000,
        "profitloss": -12000000,
        "netincomeloss": 2690000000,
        "earningspersharebasic": 1.5,
        "earningspersharediluted": 1.5,
        "othercomprehensiveincomelosspensionandotherpostretirementbenefitplansadjustmentnetoftax": -128000000,
        "ociequitymethodinvestmentaftertax": -494000000,
        "othercomprehensiveincomelossnetoftax": -22000000,
        "comprehensiveincomenetoftaxincludingportionattributabletononcontrollinginterest": 2302000000,
        "comprehensiveincomenetoftax": 2302000000
    },
    {
        "date": "2022-09-29",
        "symbol": "MO",
        "period": "Q3",
        "revenuefromcontractwithcustomerexcludingassessedtax": 13088000000,
        "costofgoodsandservicessold": 1715000000,
        "othercostofoperatingrevenue": 1138000000,
        "grossprofit": 3697000000,
        "marketingadministrationandresearchcosts": 585000000,
        "operatingincomeloss": 3112000000,
        "interestincomeexpensenet": -271000000,
        "netperiodicdefinedbenefitsexpensereversalofexpenseexcludingservicecostcomponent": -111000000,
        "incomelossfromequityinvestments": -2478000000,
        "derivativegainlossonderivativenet": 0,
        "incomelossfromcontinuingoperationsbeforeincometaxesextraordinaryitemsnoncontrollinginterest": 407000000,
        "incometaxexpensebenefit": 183000000,
        "profitloss": 1112000000,
        "netincomeloss": 224000000,
        "earningspersharebasic": 0.11999999999999988,
        "earningspersharediluted": 0.11999999999999988,
        "othercomprehensiveincomelosspensionandotherpostretirementbenefitplansadjustmentnetoftax": -17000000,
        "ociequitymethodinvestmentaftertax": -6000000,
        "othercomprehensiveincomelossforeigncurrencytransactionandtranslationadjustmentnetoftax": -17000000,
        "othercomprehensiveincomelossnetoftax": 575000000,
        "comprehensiveincomenetoftaxincludingportionattributabletononcontrollinginterest": 218000000,
        "comprehensiveincomenetoftax": 218000000
    },
    {
        "date": "2022-06-29",
        "symbol": "MO",
        "period": "Q2",
        "revenuefromcontractwithcustomerexcludingassessedtax": 6543000000,
        "costofgoodsandservicessold": 1708000000,
        "othercostofoperatingrevenue": 1169000000,
        "grossprofit": 3666000000,
        "marketingadministrationandresearchcosts": 561000000,
        "operatingincomeloss": 3105000000,
        "interestincomeexpensenet": -280000000,
        "netperiodicdefinedbenefitsexpensereversalofexpenseexcludingservicecostcomponent": -47000000,
        "incomelossfromequityinvestments": -1263000000,
        "derivativegainlossonderivativenet": -4000000,
        "incomelossfromcontinuingoperationsbeforeincometaxesextraordinaryitemsnoncontrollinginterest": 1605000000,
        "incometaxexpensebenefit": 714000000,
        "profitloss": 891000000,
        "netincomeloss": 891000000,
        "earningspersharebasic": 0.49,
        "earningspersharediluted": 0.49,
        "othercomprehensiveincomelosspensionandotherpostretirementbenefitplansadjustmentnetoftax": -16000000,
        "ociequitymethodinvestmentaftertax": 565000000,
        "othercomprehensiveincomelossforeigncurrencytransactionandtranslationadjustmentnetoftax": 4000000,
        "othercomprehensiveincomelossnetoftax": 585000000,
        "comprehensiveincomenetoftaxincludingportionattributabletononcontrollinginterest": 1476000000,
        "comprehensiveincomenetoftax": 1476000000
    },
    {
        "date": "2022-03-30",
        "symbol": "MO",
        "period": "Q1",
        "revenuefromcontractwithcustomerexcludingassessedtax": 5892000000,
        "costofgoodsandservicessold": 1446000000,
        "othercostofoperatingrevenue": 1073000000,
        "grossprofit": 3373000000,
        "marketingadministrationandresearchcosts": 489000000,
        "operatingincomeloss": 2884000000,
        "interestincomeexpensenet": -281000000,
        "netperiodicdefinedbenefitsexpensereversalofexpenseexcludingservicecostcomponent": -46000000,
        "incomelossfromequityinvestments": 34000000,
        "derivativegainlossonderivativenet": -10000000,
        "incomelossfromcontinuingoperationsbeforeincometaxesextraordinaryitemsnoncontrollinginterest": 2673000000,
        "incometaxexpensebenefit": 714000000,
        "profitloss": 1959000000,
        "netincomeloss": 1959000000,
        "earningspersharebasic": 1.08,
        "earningspersharediluted": 1.08,
        "othercomprehensiveincomelosspensionandotherpostretirementbenefitplansadjustmentnetoftax": -15000000,
        "ociequitymethodinvestmentaftertax": 78000000,
        "othercomprehensiveincomelossforeigncurrencytransactionandtranslationadjustmentnetoftax": 1000000,
        "othercomprehensiveincomelossnetoftax": 94000000,
        "comprehensiveincomenetoftaxincludingportionattributabletononcontrollinginterest": 2053000000,
        "comprehensiveincomenetoftax": 2053000000
    },
    {
        "date": "2021-09-29",
        "symbol": "MO",
        "period": "Q3",
        "revenuefromcontractwithcustomerexcludingassessedtax": 6786000000,
        "costofgoodsandservicessold": 1858000000,
        "othercostofoperatingrevenue": 1255000000,
        "grossprofit": 3673000000,
        "marketingadministrationandresearchcosts": 722000000,
        "operatingincomeloss": 2951000000,
        "interestincomeexpensenet": -266000000,
        "netperiodicdefinedbenefitsexpensereversalofexpenseexcludingservicecostcomponent": -63000000,
        "incomelossfromequityinvestments": -5915000000,
        "derivativegainlossonderivativenet": -135000000,
        "incomelossfromcontinuingoperationsbeforeincometaxesextraordinaryitemsnoncontrollinginterest": -3302000000,
        "incometaxexpensebenefit": -582000000,
        "profitloss": -2720000000,
        "netincomelossattributabletononcontrollinginterest": 2000000,
        "netincomeloss": -2722000000,
        "earningspersharebasic": -1.48,
        "earningspersharediluted": -1.48,
        "othercomprehensiveincomelosspensionandotherpostretirementbenefitplansadjustmentnetoftax": -6000000,
        "ociequitymethodinvestmentaftertax": 161000000,
        "othercomprehensiveincomelossforeigncurrencytransactionandtranslationadjustmentnetoftax": 5000000,
        "othercomprehensiveincomelossnetoftax": 172000000,
        "comprehensiveincomenetoftaxincludingportionattributabletononcontrollinginterest": -2548000000,
        "comprehensiveincomenetoftaxattributabletononcontrollinginterest": 2000000,
        "comprehensiveincomenetoftax": -2550000000
    },
    {
        "date": "2021-06-29",
        "symbol": "MO",
        "period": "Q2",
        "revenuefromcontractwithcustomerexcludingassessedtax": 6936000000,
        "costofgoodsandservicessold": 1882000000,
        "othercostofoperatingrevenue": 1322000000,
        "grossprofit": 3732000000,
        "marketingadministrationandresearchcosts": 546000000,
        "operatingincomeloss": 3186000000,
        "interestincomeexpensenet": -295000000,
        "gainslossesonextinguishmentofdebt": 0,
        "netperiodicdefinedbenefitsexpensereversalofexpenseexcludingservicecostcomponent": -46000000,
        "incomelossfromequityinvestments": 75000000,
        "derivativegainlossonderivativenet": -103000000,
        "incomelossfromcontinuingoperationsbeforeincometaxesextraordinaryitemsnoncontrollinginterest": 2909000000,
        "incometaxexpensebenefit": 759000000,
        "profitloss": 2150000000,
        "netincomelossattributabletononcontrollinginterest": 1000000,
        "netincomeloss": 2149000000,
        "earningspersharebasic": 1.16,
        "earningspersharediluted": 1.16,
        "othercomprehensiveincomelosspensionandotherpostretirementbenefitplansadjustmentnetoftax": -349000000,
        "ociequitymethodinvestmentaftertax": -183000000,
        "othercomprehensiveincomelossforeigncurrencytransactionandtranslationadjustmentnetoftax": 6000000,
        "othercomprehensiveincomelossnetoftax": 172000000,
        "comprehensiveincomenetoftaxincludingportionattributabletononcontrollinginterest": 2322000000,
        "comprehensiveincomenetoftaxattributabletononcontrollinginterest": 1000000,
        "comprehensiveincomenetoftax": 2321000000
    },
    {
        "date": "2021-03-30",
        "symbol": "MO",
        "period": "Q1",
        "revenuefromcontractwithcustomerexcludingassessedtax": 6036000000,
        "costofgoodsandservicessold": 1608000000,
        "othercostofoperatingrevenue": 1156000000,
        "grossprofit": 3272000000,
        "marketingadministrationandresearchcosts": 582000000,
        "operatingincomeloss": 2690000000,
        "interestincomeexpensenet": -308000000,
        "gainslossesonextinguishmentofdebt": -649000000,
        "netperiodicdefinedbenefitsexpensereversalofexpenseexcludingservicecostcomponent": -43000000,
        "incomelossfromequityinvestments": 51000000,
        "derivativegainlossonderivativenet": 110000000,
        "incomelossfromcontinuingoperationsbeforeincometaxesextraordinaryitemsnoncontrollinginterest": 1937000000,
        "incometaxexpensebenefit": 516000000,
        "profitloss": 1421000000,
        "netincomelossattributabletononcontrollinginterest": -3000000,
        "netincomeloss": 1424000000,
        "earningspersharebasic": 0.77,
        "earningspersharediluted": 0.77,
        "othercomprehensiveincomelosspensionandotherpostretirementbenefitplansadjustmentnetoftax": -28000000,
        "ociequitymethodinvestmentaftertax": 517000000,
        "othercomprehensiveincomelossforeigncurrencytransactionandtranslationadjustmentnetoftax": 22000000,
        "othercomprehensiveincomelossnetoftax": 567000000,
        "comprehensiveincomenetoftaxincludingportionattributabletononcontrollinginterest": 1988000000,
        "comprehensiveincomenetoftaxattributabletononcontrollinginterest": -3000000,
        "comprehensiveincomenetoftax": 1991000000
    },
    {
        "date": "2020-09-29",
        "symbol": "MO",
        "period": "Q3",
        "revenuefromcontractwithcustomerexcludingassessedtax": 7123000000,
        "costofgoodsandservicessold": 1961000000,
        "othercostofoperatingrevenue": 1445000000,
        "grossprofit": 3717000000,
        "marketingadministrationandresearchcosts": 557000000,
        "operatingincomeloss": 3160000000,
        "interestincomeexpensenet": -310000000,
        "netperiodicdefinedbenefitsexpensereversalofexpenseexcludingservicecostcomponent": -3000000,
        "incomelossfromequitymethodinvestments": -472000000,
        "equitysecuritieswithoutreadilydeterminablefairvalueimpairmentlossannualamount": 2600000000,
        "derivativegainlossonderivativenet": -105000000,
        "incomelossfromcontinuingoperationsbeforeincometaxesextraordinaryitemsnoncontrollinginterest": -324000000,
        "incometaxexpensebenefit": 632000000,
        "profitloss": -956000000,
        "netincomelossattributabletononcontrollinginterest": -4000000,
        "netincomeloss": -952000000,
        "earningspersharebasic": -0.51,
        "earningspersharediluted": -0.51,
        "othercomprehensiveincomelosspensionandotherpostretirementbenefitplansadjustmentnetoftax": 15000000,
        "ociequitymethodinvestmentaftertax": -15000000,
        "othercomprehensiveincomelossforeigncurrencytransactionandtranslationadjustmentnetoftax": 23000000,
        "othercomprehensiveincomelossnetoftax": -7000000,
        "comprehensiveincomenetoftaxincludingportionattributabletononcontrollinginterest": -963000000,
        "comprehensiveincomenetoftaxattributabletononcontrollinginterest": -4000000,
        "comprehensiveincomenetoftax": -959000000
    },
    {
        "date": "2020-06-29",
        "symbol": "MO",
        "period": "Q2",
        "profitloss": 1938000000,
        "othercomprehensiveincomelosspensionandotherpostretirementbenefitplansadjustmentnetoftax": -21000000,
        "othercomprehensiveincomelossfromequitymethodinvestmentadjustmentnetoftax": -1211000000,
        "othercomprehensiveincomelossforeigncurrencytransactionandtranslationadjustmentnetoftax": -51000000,
        "othercomprehensiveincomelossnetoftax": -1241000000,
        "comprehensiveincomenetoftaxincludingportionattributabletononcontrollinginterest": 697000000,
        "comprehensiveincomenetoftaxattributabletononcontrollinginterest": -5000000,
        "comprehensiveincomenetoftax": 702000000,
        "revenuefromcontractwithcustomerexcludingassessedtax": 6367000000,
        "costofgoodsandservicessold": 9000000,
        "exciseandsalestaxes": 1305000000,
        "grossprofit": 3287000000,
        "marketingadministrationandresearchcosts": 491000000,
        "operatingincomeloss": 2796000000,
        "interestincomeexpensenet": -308000000,
        "netperiodicdefinedbenefitsexpensereversalofexpenseexcludingservicecostcomponent": -28000000,
        "incomelossfromequitymethodinvestments": 9000000,
        "derivativegainlossonderivativenet": 40000000,
        "incomelossfromcontinuingoperationsbeforeincometaxesextraordinaryitemsnoncontrollinginterest": 2565000000,
        "incometaxexpensebenefit": 627000000,
        "netincomelossattributabletononcontrollinginterest": -5000000,
        "netincomeloss": 1943000000,
        "earningspersharebasicanddiluted": 1.04
    },
    {
        "date": "2020-03-30",
        "symbol": "MO",
        "period": "Q1",
        "profitloss": 1550000000,
        "othercomprehensiveincomelosspensionandotherpostretirementbenefitplansadjustmentnetoftax": -21000000,
        "othercomprehensiveincomelossfromequitymethodinvestmentadjustmentnetoftax": 298000000,
        "othercomprehensiveincomelossforeigncurrencytransactionandtranslationadjustmentnetoftax": 12000000,
        "othercomprehensiveincomelossnetoftax": 331000000,
        "comprehensiveincomenetoftaxincludingportionattributabletononcontrollinginterest": 1881000000,
        "comprehensiveincomenetoftaxattributabletononcontrollinginterest": -2000000,
        "comprehensiveincomenetoftax": 1883000000,
        "revenuefromcontractwithcustomerexcludingassessedtax": 6359000000,
        "costofgoodsandservicessold": 2173000000,
        "exciseandsalestaxes": 1313000000,
        "grossprofit": 2873000000,
        "marketingadministrationandresearchcosts": 537000000,
        "operatingincomeloss": 2336000000,
        "interestincomeexpensenet": -275000000,
        "netperiodicdefinedbenefitsexpensereversalofexpenseexcludingservicecostcomponent": -27000000,
        "incomelossfromequitymethodinvestments": 157000000,
        "derivativegainlossonderivativenet": -137000000,
        "incomelossfromcontinuingoperationsbeforeincometaxesextraordinaryitemsnoncontrollinginterest": 2108000000,
        "incometaxexpensebenefit": 558000000,
        "netincomelossattributabletononcontrollinginterest": -2000000,
        "netincomeloss": 1552000000,
        "earningspersharebasicanddiluted": 0.83
    },
    {
        "date": "2019-09-29",
        "symbol": "MO",
        "period": "Q3",
        "profitloss": -2602000000,
        "othercomprehensiveincomelosspensionandotherpostretirementbenefitplansadjustmentnetoftax": -26000000,
        "othercomprehensiveincomelossfromequitymethodinvestmentadjustmentnetoftax": 221000000,
        "othercomprehensiveincomelossforeigncurrencytransactionandtranslationadjustmentnetoftax": -3000000,
        "othercomprehensiveincomelossnetoftax": 244000000,
        "comprehensiveincomenetoftaxincludingportionattributabletononcontrollinginterest": -2358000000,
        "comprehensiveincomenetoftaxattributabletononcontrollinginterest": -2000000,
        "comprehensiveincomenetoftax": -2356000000,
        "revenuefromcontractwithcustomerexcludingassessedtax": 6856000000,
        "costofgoodsandservicessold": 1915000000,
        "exciseandsalestaxes": 1444000000,
        "grossprofit": 3497000000,
        "marketingadministrationandresearchcosts": 552000000,
        "assetimpairmentandbusinessexitcosts": 1000000,
        "operatingincomeloss": 2944000000,
        "interestincomeexpensenet": -293000000,
        "netperiodicdefinedbenefitsexpensereversalofexpenseexcludingservicecostcomponent": -24000000,
        "incomelossfromequitymethodinvestments": 333000000,
        "equitysecuritieswithoutreadilydeterminablefairvalueimpairmentlossannualamount": 4500000000,
        "derivativegainlossonderivativenet": -636000000,
        "incomelossfromcontinuingoperationsbeforeincometaxesextraordinaryitemsnoncontrollinginterest": -2128000000,
        "incometaxexpensebenefit": 474000000,
        "netincomelossattributabletononcontrollinginterest": -2000000,
        "netincomeloss": -2600000000,
        "earningspersharebasicanddiluted": -1.39
    },
    {
        "date": "2019-06-29",
        "symbol": "MO",
        "period": "Q2",
        "profitloss": 1997000000,
        "othercomprehensiveincomelossforeigncurrencytransactionandtranslationadjustmentnetoftax": 11000000,
        "othercomprehensiveincomelosspensionandotherpostretirementbenefitplansadjustmentnetoftax": -29000000,
        "othercomprehensiveincomelossfromequitymethodinvestmentadjustmentnetoftax": 31000000,
        "othercomprehensiveincomelossnetoftax": 71000000,
        "comprehensiveincomenetoftaxincludingportionattributabletononcontrollinginterest": 2068000000,
        "comprehensiveincomenetoftaxattributabletononcontrollinginterest": 1000000,
        "comprehensiveincomenetoftax": 2067000000,
        "revenuefromcontractwithcustomerexcludingassessedtax": 6619000000,
        "costofgoodsandservicessold": 1874000000,
        "exciseandsalestaxes": 1426000000,
        "grossprofit": 3319000000,
        "marketingadministrationandresearchcosts": 569000000,
        "assetimpairmentandbusinessexitcosts": 33000000,
        "operatingincomeloss": 2717000000,
        "interestincomeexpensenet": -312000000,
        "netperiodicdefinedbenefitsexpensereversalofexpenseexcludingservicecostcomponent": -15000000,
        "incomelossfromequitymethodinvestments": 447000000,
        "derivativegainlossonderivativenet": -266000000,
        "incomelossfromcontinuingoperationsbeforeincometaxesextraordinaryitemsnoncontrollinginterest": 2601000000,
        "incometaxexpensebenefit": 604000000,
        "netincomelossattributabletononcontrollinginterest": 1000000,
        "netincomeloss": 1996000000,
        "earningspersharebasicanddiluted": 1.07
    },
    {
        "date": "2019-03-30",
        "symbol": "MO",
        "period": "Q1",
        "profitloss": 1121000000,
        "othercomprehensiveincomelosspensionandotherpostretirementbenefitplansadjustmentnetoftax": -29000000,
        "othercomprehensiveincomelossfromequitymethodinvestmentadjustmentnetoftax": -199000000,
        "othercomprehensiveincomelossnetoftax": -170000000,
        "comprehensiveincomenetoftaxincludingportionattributabletononcontrollinginterest": 951000000,
        "comprehensiveincomenetoftaxattributabletononcontrollinginterest": 1000000,
        "comprehensiveincomenetoftax": 950000000,
        "revenuefromcontractwithcustomerexcludingassessedtax": 5628000000,
        "costofgoodsandservicessold": 1578000000,
        "exciseandsalestaxes": 1239000000,
        "grossprofit": 2811000000,
        "marketingadministrationandresearchcosts": 533000000,
        "assetimpairmentandbusinessexitcosts": 40000000,
        "operatingincomeloss": 2238000000,
        "interestincomeexpensenet": -384000000,
        "netperiodicdefinedbenefitsexpensereversalofexpenseexcludingservicecostcomponent": -1000000,
        "incomelossfromequitymethodinvestments": 86000000,
        "derivativegainlossonderivativenet": -425000000,
        "incomelossfromcontinuingoperationsbeforeincometaxesextraordinaryitemsnoncontrollinginterest": 1516000000,
        "incometaxexpensebenefit": 395000000,
        "netincomelossattributabletononcontrollinginterest": 1000000,
        "netincomeloss": 1120000000,
        "earningspersharebasicanddiluted": 0.6
    },
    {
        "date": "2018-03-30",
        "symbol": "MO",
        "period": "Q1",
        "profitloss": -1822000000,
        "othercomprehensiveincomelosspensionandotherpostretirementbenefitplansadjustmentnetoftax": -45000000,
        "othercomprehensiveincomelossfromequitymethodinvestmentadjustmentnetoftax": -75000000,
        "othercomprehensiveincomelossnetoftax": -30000000,
        "comprehensiveincomenetoftaxincludingportionattributabletononcontrollinginterest": -1865000000,
        "comprehensiveincomenetoftaxattributabletononcontrollinginterest": 1000000,
        "comprehensiveincomenetoftax": -1865000000,
        "salesrevenuenet": 27000000,
        "costofgoodssold": -10000000,
        "exciseandsalestaxes": 55000000,
        "grossprofit": 592000000,
        "marketingadministrationandresearchcosts": 38000000,
        "assetimpairmentandbusinessexitcosts": 2000000,
        "operatingincomeloss": -26000000,
        "interestincomeexpensenet": -122000000,
        "netperiodicdefinedbenefitsexpensereversalofexpenseexcludingservicecostcomponent": -7000000,
        "incomelossfromequitymethodinvestments": 342000000,
        "nonmonetarytransactiongainlossontransferderivativeinstrumentsanddivestitures": -33000000,
        "incomelossfromcontinuingoperationsbeforeincometaxesextraordinaryitemsnoncontrollinginterest": 148000000,
        "incometaxexpensebenefit": -13000000,
        "netincomelossattributabletononcontrollinginterest": 1000000,
        "netincomeloss": -1822000000,
        "earningspersharebasicanddiluted": 1,
        "commonstockdividendspersharedeclared": 0.7
    },
    {
        "date": "2017-06-29",
        "symbol": "MO",
        "period": "Q2",
        "profitloss": -1723000000,
        "othercomprehensiveincomelossforeigncurrencytransactionandtranslationadjustmentnetoftax": 1000000,
        "othercomprehensiveincomelosspensionandotherpostretirementbenefitplansadjustmentnetoftax": -33000000,
        "othercomprehensiveincomelossfromequitymethodinvestmentadjustmentnetoftax": 340000000,
        "othercomprehensiveincomelossnetoftax": 1000000,
        "comprehensiveincomenetoftaxincludingportionattributabletononcontrollinginterest": -1755000000,
        "comprehensiveincomenetoftaxattributabletononcontrollinginterest": 1000000,
        "comprehensiveincomenetoftax": -1755000000,
        "salesrevenuenet": 27000000,
        "costofgoodssold": -10000000,
        "exciseandsalestaxes": 59000000,
        "grossprofit": 620000000,
        "marketingadministrationandresearchcosts": 40000000,
        "assetimpairmentandbusinessexitcosts": 11000000,
        "operatingincomeloss": -8000000,
        "interestincomeexpensenet": -130000000,
        "incomelossfromequitymethodinvestments": 140000000,
        "nonmonetarytransactiongainlossontransferderivativeinstrumentsanddivestitures": 408000000,
        "incomelossfromcontinuingoperationsbeforeincometaxesextraordinaryitemsnoncontrollinginterest": 378000000,
        "incometaxexpensebenefit": 32000000,
        "netincomelossattributabletononcontrollinginterest": 1000000,
        "netincomeloss": -1723000000,
        "earningspersharebasicanddiluted": 1.03,
        "commonstockdividendspersharedeclared": 0.61
    },
    {
        "date": "2017-03-30",
        "symbol": "MO",
        "period": "Q1",
        "profitloss": -1541000000,
        "othercomprehensiveincomelosspensionandotherpostretirementbenefitplansadjustmentnetoftax": -32000000,
        "othercomprehensiveincomelossfromequitymethodinvestmentadjustmentnetoftax": -192000000,
        "othercomprehensiveincomelossnetoftax": -160000000,
        "comprehensiveincomenetoftaxincludingportionattributabletononcontrollinginterest": -1572000000,
        "comprehensiveincomenetoftaxattributabletononcontrollinginterest": 1000000,
        "comprehensiveincomenetoftax": -1572000000,
        "salesrevenuenet": 19000000,
        "costofgoodssold": -8000000,
        "exciseandsalestaxes": 48000000,
        "grossprofit": 492000000,
        "marketingadministrationandresearchcosts": 40000000,
        "assetimpairmentandbusinessexitcosts": 3000000,
        "operatingincomeloss": -13000000,
        "interestincomeexpensenet": -123000000,
        "incomelossfromequitymethodinvestments": 23000000,
        "incomelossfromcontinuingoperationsbeforeincometaxesextraordinaryitemsnoncontrollinginterest": -140000000,
        "incometaxexpensebenefit": -72000000,
        "netincomelossattributabletononcontrollinginterest": 1000000,
        "netincomeloss": -1541000000,
        "earningspersharebasicanddiluted": 0.72,
        "commonstockdividendspersharedeclared": 0.61
    },
    {
        "date": "2016-03-30",
        "symbol": "MO",
        "period": "Q1",
        "profitloss": 1218000000,
        "othercomprehensiveincomelossforeigncurrencytransactionandtranslationadjustmentnetoftax": 1000000,
        "othercomprehensiveincomelosspensionandotherpostretirementbenefitplansadjustmentnetoftax": 174000000,
        "othercomprehensiveincomelossfromequitymethodinvestmentadjustmentnetoftax": 126000000,
        "othercomprehensiveincomelossnetoftax": 1000000,
        "comprehensiveincomenetoftaxincludingportionattributabletononcontrollinginterest": 1171000000,
        "comprehensiveincomenetoftaxattributabletononcontrollinginterest": 1000000,
        "comprehensiveincomenetoftax": 1170000000,
        "salesrevenuenet": 6066000000,
        "costofgoodssold": 1874000000,
        "exciseandsalestaxes": 1536000000,
        "grossprofit": 2656000000,
        "marketingadministrationandresearchcosts": 559000000,
        "assetimpairmentandbusinessexitcosts": 120000000,
        "operatingincomeloss": 1977000000,
        "interestincomeexpensenet": -200000000,
        "incomelossfromequitymethodinvestments": 66000000,
        "gainlossonderivativeinstrumentsnetpretax": 40000000,
        "incomelossfromcontinuingoperationsbeforeincometaxesextraordinaryitemsnoncontrollinginterest": 1883000000,
        "incometaxexpensebenefit": 665000000,
        "netincomelossattributabletononcontrollinginterest": 1000000,
        "netincomeloss": 1217000000,
        "earningspersharebasicanddiluted": 0.62,
        "commonstockdividendspersharedeclared": 0.565
    },
    {
        "date": "2015-06-29",
        "symbol": "MO",
        "period": "Q2",
        "profitloss": -3715000000,
        "othercomprehensiveincomelossforeigncurrencytransactionandtranslationadjustmentnetoftax": 0,
        "othercomprehensiveincomelosspensionandotherpostretirementbenefitplansadjustmentnetoftax": -39000000,
        "othercomprehensiveincomelossfromequitymethodinvestmentadjustmentnetoftax": 28000000,
        "othercomprehensiveincomelossnetoftax": 0,
        "comprehensiveincomenetoftaxincludingportionattributabletononcontrollinginterest": -3529000000,
        "comprehensiveincomenetoftax": -3529000000,
        "salesrevenuenet": -5509000000,
        "costofgoodssold": -1818000000,
        "exciseandsalestaxes": -1426000000,
        "grossprofit": -1531000000,
        "marketingadministrationandresearchcosts": -521000000,
        "operatingincomeloss": -1954000000,
        "interestincomeexpensenet": -83000000,
        "gainslossesonextinguishmentofdebt": 0,
        "incomelossfromequitymethodinvestments": 225000000,
        "incomelossfromcontinuingoperationsbeforeincometaxesextraordinaryitemsnoncontrollinginterest": -1553000000,
        "incometaxexpensebenefit": -689000000,
        "netincomeloss": -3715000000,
        "earningspersharebasicanddiluted": 0.73,
        "commonstockdividendspersharedeclared": 0.52
    },
    {
        "date": "2015-03-30",
        "symbol": "MO",
        "period": "Q1",
        "profitloss": 1018000000,
        "othercomprehensiveincomelossforeigncurrencytransactionandtranslationadjustmentnetoftax": -1000000,
        "othercomprehensiveincomelosspensionandotherpostretirementbenefitplansadjustmentnetoftax": -42000000,
        "othercomprehensiveincomelossfromequitymethodinvestmentadjustmentnetoftax": -304000000,
        "othercomprehensiveincomelossnetoftax": -1000000,
        "comprehensiveincomenetoftaxincludingportionattributabletononcontrollinginterest": 755000000,
        "comprehensiveincomenetoftax": 755000000,
        "salesrevenuenet": 5804000000,
        "costofgoodssold": 1797000000,
        "exciseandsalestaxes": 1532000000,
        "grossprofit": 2475000000,
        "marketingadministrationandresearchcosts": 610000000,
        "operatingincomeloss": 1865000000,
        "interestincomeexpensenet": -209000000,
        "gainslossesonextinguishmentofdebt": -228000000,
        "incomelossfromequitymethodinvestments": 134000000,
        "incomelossfromcontinuingoperationsbeforeincometaxesextraordinaryitemsnoncontrollinginterest": 1562000000,
        "incometaxexpensebenefit": 544000000,
        "netincomeloss": 1018000000,
        "earningspersharebasicanddiluted": 0.52,
        "commonstockdividendspersharedeclared": 0.52
    },
    {
        "date": "2014-09-29",
        "symbol": "MO",
        "period": "Q3",
        "profitloss": -1295000000,
        "othercomprehensiveincomelossforeigncurrencytransactionandtranslationadjustmentnetoftax": -2000000,
        "othercomprehensiveincomelosspensionandotherpostretirementbenefitplansadjustmentnetoftax": -22000000,
        "othercomprehensiveincomelossfromequitymethodinvestmentadjustmentnetoftax": -245000000,
        "othercomprehensiveincomelossnetoftax": -225000000,
        "comprehensiveincomenetoftaxincludingportionattributabletononcontrollinginterest": 213000000,
        "comprehensiveincomenetoftax": 213000000,
        "salesrevenuenet": 818000000,
        "costofgoodssold": 1812000000,
        "exciseandsalestaxes": 1682000000,
        "grossprofit": 2190000000,
        "marketingadministrationandresearchcosts": 495000000,
        "otheroperatingexpenesincometaxsharingagreement": 5000000,
        "restructuringcharges": 2000000,
        "operatingincomeloss": 368000000,
        "interestincomeexpensenet": -62000000,
        "incomelossfromequitymethodinvestments": 328000000,
        "incomelossfromcontinuingoperationsbeforeincometaxesextraordinaryitemsnoncontrollinginterest": 1692000000,
        "incometaxexpensebenefit": -53000000,
        "netincomeloss": -1295000000,
        "earningspersharebasicanddiluted": 0.71,
        "commonstockdividendspersharedeclared": 0.52
    },
    {
        "date": "2014-06-29",
        "symbol": "MO",
        "period": "Q2",
        "profitloss": 1093000000,
        "othercomprehensiveincomelossforeigncurrencytransactionandtranslationadjustmentnetoftax": 1000000,
        "othercomprehensiveincomelosspensionandotherpostretirementbenefitplansadjustmentnetoftax": -24000000,
        "othercomprehensiveincomelossfromequitymethodinvestmentadjustmentnetoftax": 64000000,
        "othercomprehensiveincomelossnetoftax": -23000000,
        "comprehensiveincomenetoftaxincludingportionattributabletononcontrollinginterest": 228000000,
        "comprehensiveincomenetoftax": 1351000000,
        "salesrevenuenet": 5443000000,
        "costofgoodssold": -18000000,
        "exciseandsalestaxes": 1629000000,
        "grossprofit": 2108000000,
        "marketingadministrationandresearchcosts": 108000000,
        "restructuringcharges": -10000000,
        "operatingincomeloss": 1653000000,
        "interestincomeexpensenet": -61000000,
        "incomelossfromequitymethodinvestments": 200000000,
        "incomelossfromcontinuingoperationsbeforeincometaxesextraordinaryitemsnoncontrollinginterest": 1636000000,
        "incometaxexpensebenefit": -42000000,
        "netincomeloss": 1093000000,
        "earningspersharebasicanddiluted": 0.64,
        "commonstockdividendspersharedeclared": 0.48
    },
    {
        "date": "2014-03-30",
        "symbol": "MO",
        "period": "Q1",
        "profitloss": 1175000000,
        "othercomprehensiveincomelosspensionandotherpostretirementbenefitplansadjustmentnetoftax": -25000000,
        "othercomprehensiveincomelossfromequitymethodinvestmentadjustmentnetoftax": 35000000,
        "othercomprehensiveincomelossnetoftax": -24000000,
        "comprehensiveincomenetoftaxincludingportionattributabletononcontrollinginterest": 1235000000,
        "comprehensiveincomenetoftax": 985000000,
        "salesrevenuenet": 4818000000,
        "costofgoodssold": 1541000000,
        "exciseandsalestaxes": 1460000000,
        "grossprofit": 439000000,
        "marketingadministrationandresearchcosts": 39000000,
        "restructuringcharges": 2000000,
        "operatingincomeloss": -39000000,
        "interestincomeexpensenet": -156000000,
        "incomelossfromequitymethodinvestments": 225000000,
        "incomelossfromcontinuingoperationsbeforeincometaxesextraordinaryitemsnoncontrollinginterest": 1477000000,
        "incometaxexpensebenefit": 107000000,
        "netincomeloss": 1175000000,
        "earningspersharebasicanddiluted": 0.59,
        "commonstockdividendspersharedeclared": 0.48
    },
    {
        "date": "2013-06-29",
        "symbol": "MO",
        "period": "Q2",
        "profitloss": 1067000000,
        "othercomprehensiveincomelossforeigncurrencytransactionandtranslationadjustmentnetoftax": -1000000,
        "othercomprehensiveincomelosspensionandotherpostretirementbenefitplansadjustmentnetoftax": -47000000,
        "othercomprehensiveincomelossfromequitymethodinvestmentadjustmentnetoftax": -308000000,
        "othercomprehensiveincomelossnetoftax": -262000000,
        "comprehensiveincomenetoftaxincludingportionattributabletononcontrollinginterest": 264000000,
        "othercomprehensiveincomelossnetoftaxportionattributabletoparent": -1335000000,
        "salesrevenuenet": -6000000,
        "costofgoodssold": 1753000000,
        "exciseandsalestaxes": 1713000000,
        "grossprofit": 2052000000,
        "marketingadministrationandresearchcosts": 448000000,
        "restructuringsettlementandimpairmentprovisions": 1000000,
        "amortizationofintangibleassets": 5000000,
        "operatingincomeloss": -49000000,
        "interestincomeexpensenet": -163000000,
        "incomelossfromequitymethodinvestments": 227000000,
        "incomelossfromcontinuingoperationsbeforeincometaxesextraordinaryitemsnoncontrollinginterest": 15000000,
        "incometaxexpensebenefit": 595000000,
        "netincomeloss": -1292000000,
        "earningspersharebasicanddiluted": 0.63,
        "commonstockdividendspersharedeclared": 0.44
    },
    {
        "date": "2013-03-30",
        "symbol": "MO",
        "period": "Q1",
        "netincomeloss": 1385000000,
        "othercomprehensiveincomelosspensionandotherpostretirementbenefitplansadjustmentnetoftax": -66000000,
        "othercomprehensiveincomelossfromequitymethodinvestmentadjustmentnetoftax": -94000000,
        "othercomprehensiveincomelossnetoftax": 8000000,
        "comprehensiveincomenetoftaxincludingportionattributabletononcontrollinginterest": 1194000000,
        "othercomprehensiveincomelossnetoftaxportionattributabletoparent": 1357000000,
        "salesrevenuenet": 711000000,
        "costofgoodssold": 1099000000,
        "exciseandsalestaxes": 60000000,
        "grossprofit": 2228000000,
        "marketingadministrationandresearchcosts": 52000000,
        "amortizationofintangibleassets": 5000000,
        "operatingincomeloss": 1809000000,
        "interestincomeexpensenet": -161000000,
        "incomelossfromequitymethodinvestments": 256000000,
        "incomelossfromcontinuingoperationsbeforeincometaxesextraordinaryitemsnoncontrollinginterest": 49000000,
        "incometaxexpensebenefit": -9000000,
        "profitloss": -1371000000,
        "earningspersharebasicanddiluted": 0.69,
        "commonstockdividendspersharedeclared": 0.44
    },
    {
        "date": "2012-06-29",
        "symbol": "MO",
        "period": "Q2",
        "profitloss": 256000000,
        "othercomprehensiveincomereclassificationofdefinedbenefitplansnetgainlossrecognizedinnetperiodicbenefitcostnetoftax": 39000000,
        "shareofequityinvestmentothercomprehensiveearningsbeforereclassification": -23000000,
        "shareofequityinvestmentothercomprehensiveearningsamountsreclassifiedtonetearnings": -5000000,
        "shareofequityinvestmentothercomprehensiveearningsafterreclassification": -28000000,
        "othercomprehensiveincomelossnetoftaxperiodincreasedecrease": 30000000,
        "comprehensiveincomenetoftaxincludingportionattributabletononcontrollinginterest": -1303000000,
        "comprehensiveincomenetoftaxattributabletononcontrollinginterest": 1000000,
        "othercomprehensiveincomelossnetoftaxportionattributabletoparent": 285000000,
        "salesrevenuenet": -6000000,
        "costofgoodssold": 1876000000,
        "exciseandsalestaxes": 1834000000,
        "grossprofit": 2014000000,
        "marketingadministrationandresearchcosts": 56000000,
        "restructuringsettlementandimpairmentprovisions": 16000000,
        "amortizationofintangibleassets": 5000000,
        "operatingincomeloss": -53000000,
        "interestincomeexpensenet": -111000000,
        "incomelossfromequitymethodinvestments": 223000000,
        "incomelossfromcontinuingoperationsbeforeincometaxesextraordinaryitemsnoncontrollinginterest": 1511000000,
        "incometaxexpensebenefit": -29000000,
        "netincomelossattributabletononcontrollinginterest": 1000000,
        "netincomeloss": 1011000000,
        "earningspersharebasic": 0.6,
        "earningspersharediluted": 0.6,
        "commonstockdividendspersharedeclared": 0.41
    },
    {
        "date": "2012-03-30",
        "symbol": "MO",
        "period": "Q1",
        "salesrevenuenet": 731000000,
        "costofgoodssold": 199000000,
        "exciseandsalestaxes": 76000000,
        "grossprofit": 456000000,
        "marketingadministrationandresearchcosts": 34000000,
        "restructuringsettlementandimpairmentprovisions": 1000000,
        "amortizationofintangibleassets": 5000000,
        "operatingincomeloss": -34000000,
        "interestincomeexpensenet": -185000000,
        "incomelossfromequitymethodinvestments": 178000000,
        "incomelossfromcontinuingoperationsbeforeincometaxesextraordinaryitemsnoncontrollinginterest": -41000000,
        "incometaxexpensebenefit": -36000000,
        "profitloss": 973000000,
        "netincomeloss": 973000000,
        "earningspersharebasic": 0.48,
        "earningspersharediluted": 0.48,
        "commonstockdividendspersharedeclared": 0.41,
        "othercomprehensiveincomereclassificationofdefinedbenefitplansnetgainlossrecognizedinnetperiodicbenefitcostnetoftax": 22000000,
        "shareofequityinvestmentothercomprehensiveearningsbeforereclassification": 177000000,
        "shareofequityinvestmentothercomprehensiveearningsamountsreclassifiedtonetearnings": 3000000,
        "shareofequityinvestmentothercomprehensiveearningsafterreclassification": 180000000,
        "othercomprehensiveincomelossnetoftaxperiodincreasedecrease": 202000000,
        "comprehensiveincomenetoftaxincludingportionattributabletononcontrollinginterest": 1175000000,
        "othercomprehensiveincomelossnetoftaxportionattributabletoparent": 1175000000
    },
    {
        "date": "2011-06-29",
        "symbol": "MO",
        "period": "Q2",
        "salesrevenuenet": 883000000,
        "costofgoodssold": 388000000,
        "exciseandsalestaxes": -1453000000,
        "grossprofit": -1446000000,
        "marketingadministrationandresearchcosts": 39000000,
        "restructuringsettlementandimpairmentprovisions": 1000000,
        "amortizationofintangibleassets": 5000000,
        "operatingincomeloss": -39000000,
        "incomelossfromequitymethodinvestments": 155000000,
        "incometaxexpensebenefit": -41000000,
        "profitloss": 444000000,
        "netincomelossattributabletononcontrollinginterest": 0,
        "netincomeloss": 444000000,
        "earningspersharebasic": 0.21000000000000002,
        "earningspersharediluted": 0.21000000000000002,
        "commonstockdividendspersharedeclared": 0.38
    },
    {
        "date": "2011-03-30",
        "symbol": "MO",
        "period": "Q1",
        "salesrevenuenet": -6000000,
        "costofgoodssold": -6000000,
        "exciseandsalestaxes": 1619000000,
        "grossprofit": 1775000000,
        "marketingadministrationandresearchcosts": 45000000,
        "restructuringsettlementandimpairmentprovisions": 2000000,
        "amortizationofintangibleassets": 6000000,
        "operatingincomeloss": -45000000,
        "interestandotherdebtexpenseincomenet": 165000000,
        "incomelossfromequitymethodinvestments": 189000000,
        "incomelossfromcontinuingoperationsbeforeincometaxes": -21000000,
        "incometaxexpensebenefit": -30000000,
        "profitloss": 937000000,
        "netincomelossattributabletononcontrollinginterest": 1000000,
        "netincomeloss": 937000000,
        "earningspersharebasic": 0.45,
        "earningspersharediluted": 0.45,
        "commonstockdividendspersharedeclared": 0.38
    },
    {
        "date": "2010-03-30",
        "symbol": "MO",
        "period": "Q1",
        "salesrevenuenet": 5760000000,
        "costofgoodssold": 1867000000,
        "exciseandsalestaxes": 1809000000,
        "grossprofit": 2084000000,
        "marketingadministrationandresearchcosts": 641000000,
        "businessexitcosts": 7000000,
        "amortizationofintangibleassets": 6000000,
        "operatingincomeloss": 1430000000,
        "interestandotherdebtexpenseincomenet": -287000000,
        "incomelossfromequitymethodinvestments": 138000000,
        "incomelossfromcontinuingoperationsbeforeincometaxes": 1281000000,
        "incometaxexpensebenefit": 468000000,
        "netincomeloss": 813000000,
        "earningspersharebasic": 0.39,
        "earningspersharediluted": 0.39,
        "commonstockdividendspersharedeclared": 0.35
    }
]