[
    {
        "date": "2024-09-29",
        "symbol": "LUV",
        "period": "Q3",
        "revenuefromcontractwithcustomerexcludingassessedtax": 538000000,
        "laborandrelatedexpense": 3070000000,
        "fuelcosts": 15000000,
        "aircraftmaintenancematerialsandrepairs": 335000000,
        "landingfeesandotherrentals": 493000000,
        "depreciationandamortization": 30000000,
        "othercostandexpenseoperating": 2000000,
        "operatingcostsandexpenses": 6832000000,
        "operatingincomeloss": 38000000,
        "interestexpensenonoperating": 63000000,
        "interestcostscapitalizedadjustment": 9000000,
        "investmentincomeinterest": 121000000,
        "othernonoperatingincomeexpense": -16000000,
        "nonoperatingincomeexpense": 51000000,
        "incomelossfromcontinuingoperationsbeforeincometaxesextraordinaryitemsnoncontrollinginterest": 89000000,
        "incometaxexpensebenefit": 4000000,
        "netincomeloss": 67000000,
        "earningspersharebasic": 0.11,
        "earningspersharediluted": 0.11,
        "comprehensiveincomenetoftax": 19000000,
        "weightedaveragenumberofsharesoutstandingbasic": 599000000,
        "weightedaveragenumberofdilutedsharesoutstanding": 601000000
    },
    {
        "date": "2024-06-29",
        "symbol": "LUV",
        "period": "Q2",
        "revenuefromcontractwithcustomerexcludingassessedtax": 6712000000,
        "laborandrelatedexpense": 2999000000,
        "fuelcosts": 1599000000,
        "aircraftmaintenancematerialsandrepairs": 350000000,
        "landingfeesandotherrentals": 511000000,
        "depreciationandamortization": 404000000,
        "othercostandexpenseoperating": 1093000000,
        "operatingcostsandexpenses": 6956000000,
        "operatingincomeloss": 398000000,
        "interestexpensenonoperating": 63000000,
        "interestcostscapitalizedadjustment": 8000000,
        "investmentincomeinterest": 130000000,
        "othernonoperatingincomeexpense": 5000000,
        "nonoperatingincomeexpense": 80000000,
        "incomelossfromcontinuingoperationsbeforeincometaxesextraordinaryitemsnoncontrollinginterest": 478000000,
        "incometaxexpensebenefit": 111000000,
        "netincomeloss": 367000000,
        "earningspersharebasic": 0.61,
        "earningspersharediluted": 0.58,
        "comprehensiveincomenetoftax": 359000000,
        "weightedaveragenumberofsharesoutstandingbasic": 599000000,
        "weightedaveragenumberofdilutedsharesoutstanding": 643000000
    },
    {
        "date": "2024-03-30",
        "symbol": "LUV",
        "period": "Q1",
        "revenuefromcontractwithcustomerexcludingassessedtax": 5712000000,
        "laborandrelatedexpense": 2940000000,
        "fuelcosts": 1531000000,
        "aircraftmaintenancematerialsandrepairs": 361000000,
        "landingfeesandotherrentals": 464000000,
        "depreciationandamortization": 408000000,
        "othercostandexpenseoperating": 1018000000,
        "operatingcostsandexpenses": 6722000000,
        "operatingincomeloss": -393000000,
        "interestcostsincurred": 65000000,
        "interestcostscapitalizedadjustment": 7000000,
        "investmentincomeinterest": 141000000,
        "othernonoperatingincomeexpense": 12000000,
        "nonoperatingincomeexpense": 95000000,
        "incomelossfromcontinuingoperationsbeforeincometaxesextraordinaryitemsnoncontrollinginterest": -298000000,
        "incometaxexpensebenefit": -67000000,
        "netincomeloss": -231000000,
        "earningspersharebasic": -0.39,
        "earningspersharediluted": -0.39,
        "comprehensiveincomenetoftax": -212000000,
        "weightedaveragenumberofsharesoutstandingbasic": 597000000,
        "weightedaveragenumberofdilutedsharesoutstanding": 597000000
    },
    {
        "date": "2023-12-30",
        "symbol": "LUV",
        "period": "Q4",
        "revenuefromcontractwithcustomerexcludingassessedtax": 16664000000,
        "laborandrelatedexpense": 3160000000,
        "fuelcosts": 4695000000,
        "aircraftmaintenancematerialsandrepairs": 351000000,
        "landingfeesandotherrentals": 465000000,
        "depreciationandamortization": 415000000,
        "othercostandexpenseoperating": 1133000000,
        "operatingcostsandexpenses": 7227000000,
        "operatingincomeloss": -404000000,
        "interestcostsincurred": 192000000,
        "interestcostscapitalizedadjustment": 8000000,
        "investmentincomeinterest": 158000000,
        "othernonoperatingincomeexpense": 18000000,
        "nonoperatingincomeexpense": 119000000,
        "incomelossfromcontinuingoperationsbeforeincometaxesextraordinaryitemsnoncontrollinginterest": -285000000,
        "incometaxexpensebenefit": 126000000,
        "netincomeloss": 306000000,
        "earningspersharebasic": -0.41999999999999993,
        "earningspersharediluted": -0.3600000000000001,
        "comprehensiveincomenetoftax": 71000000
    },
    {
        "date": "2023-09-29",
        "symbol": "LUV",
        "period": "Q3",
        "revenuefromcontractwithcustomerexcludingassessedtax": 5912000000,
        "laborandrelatedexpense": 2728000000,
        "fuelcosts": 1564000000,
        "aircraftmaintenancematerialsandrepairs": 326000000,
        "landingfeesandotherrentals": 457000000,
        "depreciationandamortization": 375000000,
        "othercostandexpenseoperating": 958000000,
        "operatingcostsandexpenses": 6408000000,
        "operatingincomeloss": 117000000,
        "interestcostsincurred": 63000000,
        "interestcostscapitalizedadjustment": 4000000,
        "investmentincomeinterest": 156000000,
        "othernonoperatingincomeexpense": 23000000,
        "nonoperatingincomeexpense": 120000000,
        "incomelossfromcontinuingoperationsbeforeincometaxesextraordinaryitemsnoncontrollinginterest": 237000000,
        "incometaxexpensebenefit": 44000000,
        "netincomeloss": 193000000,
        "earningspersharebasic": 0.32,
        "earningspersharediluted": 0.31,
        "comprehensiveincomenetoftax": 336000000,
        "weightedaveragenumberofsharesoutstandingbasic": 596000000,
        "weightedaveragenumberofdilutedsharesoutstanding": 640000000
    },
    {
        "date": "2023-06-29",
        "symbol": "LUV",
        "period": "Q2",
        "revenuefromcontractwithcustomerexcludingassessedtax": 540000000,
        "laborandrelatedexpense": 2786000000,
        "fuelcosts": -14000000,
        "aircraftmaintenancematerialsandrepairs": 271000000,
        "landingfeesandotherrentals": 459000000,
        "depreciationandamortization": 367000000,
        "othercostandexpenseoperating": 956000000,
        "operatingcostsandexpenses": 6242000000,
        "operatingincomeloss": 795000000,
        "interestcostsincurred": 2000000,
        "interestcostscapitalizedadjustment": 5000000,
        "investmentincomeinterest": 144000000,
        "othernonoperatingincomeexpense": 7000000,
        "nonoperatingincomeexpense": 91000000,
        "incomelossfromcontinuingoperationsbeforeincometaxesextraordinaryitemsnoncontrollinginterest": 886000000,
        "incometaxexpensebenefit": 4000000,
        "netincomeloss": -14000000,
        "earningspersharebasic": 1.15,
        "earningspersharediluted": 1.08,
        "comprehensiveincomenetoftax": -139000000,
        "weightedaveragenumberofsharesoutstandingbasic": 595000000,
        "weightedaveragenumberofdilutedsharesoutstanding": 639000000
    },
    {
        "date": "2023-03-30",
        "symbol": "LUV",
        "period": "Q1",
        "revenuefromcontractwithcustomerexcludingassessedtax": 521000000,
        "laborandrelatedexpense": 2478000000,
        "fuelcosts": -28000000,
        "aircraftmaintenancematerialsandrepairs": 240000000,
        "landingfeesandotherrentals": 408000000,
        "depreciationandamortization": 365000000,
        "othercostandexpenseoperating": 952000000,
        "operatingcostsandexpenses": 5990000000,
        "operatingincomeloss": -284000000,
        "interestcostsincurred": 2000000,
        "interestcostscapitalizedadjustment": 6000000,
        "investmentincomeinterest": 125000000,
        "othernonoperatingincomeexpense": 14000000,
        "nonoperatingincomeexpense": 79000000,
        "incomelossfromcontinuingoperationsbeforeincometaxesextraordinaryitemsnoncontrollinginterest": -205000000,
        "incometaxexpensebenefit": -6000000,
        "netincomeloss": -20000000,
        "earningspersharebasic": -0.27,
        "earningspersharediluted": -0.27,
        "comprehensiveincomenetoftax": -147000000,
        "weightedaveragenumberofsharesoutstandingbasic": 594000000,
        "weightedaveragenumberofdilutedsharesoutstanding": 594000000
    },
    {
        "date": "2022-12-30",
        "symbol": "LUV",
        "period": "Q4",
        "revenuefromcontractwithcustomerexcludingassessedtax": 19879000000,
        "laborandrelatedexpense": 2605000000,
        "fuelcosts": 6679000000,
        "aircraftmaintenancematerialsandrepairs": 227000000,
        "landingfeesandotherrentals": 379000000,
        "depreciationandamortization": 367000000,
        "othercostandexpenseoperating": 1394000000,
        "operatingcostsandexpenses": 6557000000,
        "operatingincomeloss": -385000000,
        "interestcostsincurred": 334000000,
        "interestcostscapitalizedadjustment": 8000000,
        "investmentincomeinterest": 116000000,
        "othernonoperatingincomeexpense": 161000000,
        "nonoperatingincomeexpense": 100000000,
        "incomelossfromcontinuingoperationsbeforeincometaxesextraordinaryitemsnoncontrollinginterest": -285000000,
        "incometaxexpensebenefit": 304000000,
        "netincomeloss": 1075000000,
        "earningspersharebasic": -0.38,
        "earningspersharediluted": 1.05,
        "comprehensiveincomenetoftax": 578000000
    },
    {
        "date": "2022-09-29",
        "symbol": "LUV",
        "period": "Q3",
        "revenuefromcontractwithcustomerexcludingassessedtax": 521000000,
        "laborandrelatedexpense": 2322000000,
        "fuelcosts": -195000000,
        "aircraftmaintenancematerialsandrepairs": 204000000,
        "landingfeesandotherrentals": 395000000,
        "depreciationandamortization": 335000000,
        "othercostandexpenseoperating": 819000000,
        "operatingcostsandexpenses": 5825000000,
        "operatingincomeloss": 395000000,
        "interestcostsincurred": 2000000,
        "interestcostscapitalizedadjustment": 11000000,
        "investmentincomeinterest": 70000000,
        "gainslossesonextinguishmentofdebt": -76000000,
        "othernonoperatingincomeexpense": 39000000,
        "nonoperatingincomeexpense": -42000000,
        "incomelossfromcontinuingoperationsbeforeincometaxesextraordinaryitemsnoncontrollinginterest": 353000000,
        "incometaxexpensebenefit": -45000000,
        "netincomeloss": -148000000,
        "earningspersharebasic": 0.47,
        "earningspersharediluted": 0.08,
        "comprehensiveincomenetoftax": -500000000,
        "weightedaveragenumberofsharesoutstandingbasic": 593000000,
        "weightedaveragenumberofdilutedsharesoutstanding": 639000000
    },
    {
        "date": "2022-06-29",
        "symbol": "LUV",
        "period": "Q2",
        "revenuefromcontractwithcustomerexcludingassessedtax": 522000000,
        "laborandrelatedexpense": 2220000000,
        "fuelcosts": -306000000,
        "aircraftmaintenancematerialsandrepairs": 210000000,
        "landingfeesandotherrentals": 388000000,
        "depreciationandamortization": 325000000,
        "othercostandexpenseoperating": 791000000,
        "operatingcostsandexpenses": 5570000000,
        "operatingincomeloss": 1158000000,
        "interestcostsincurred": 2000000,
        "interestcostscapitalizedadjustment": 11000000,
        "investmentincomeinterest": 28000000,
        "othernonoperatingincomeexpense": -68000000,
        "nonoperatingincomeexpense": -122000000,
        "incomelossfromcontinuingoperationsbeforeincometaxesextraordinaryitemsnoncontrollinginterest": 1036000000,
        "incometaxexpensebenefit": -71000000,
        "netincomeloss": -233000000,
        "earningspersharebasic": 1.29,
        "earningspersharediluted": -0.2,
        "comprehensiveincomenetoftax": -86000000,
        "weightedaveragenumberofsharesoutstandingbasic": 593000000,
        "weightedaveragenumberofdilutedsharesoutstanding": 635000000
    },
    {
        "date": "2022-03-30",
        "symbol": "LUV",
        "period": "Q1",
        "revenuefromcontractwithcustomerexcludingassessedtax": 486000000,
        "laborandrelatedexpense": 2229000000,
        "fuelcosts": -203000000,
        "aircraftmaintenancematerialsandrepairs": 211000000,
        "landingfeesandotherrentals": 346000000,
        "depreciationandamortization": 324000000,
        "othercostandexpenseoperating": 731000000,
        "operatingcostsandexpenses": 4845000000,
        "operatingincomeloss": -151000000,
        "interestcostsincurred": 2000000,
        "interestcostscapitalizedadjustment": 9000000,
        "investmentincomeinterest": 3000000,
        "othernonoperatingincomeexpense": -144000000,
        "nonoperatingincomeexpense": -225000000,
        "incomelossfromcontinuingoperationsbeforeincometaxesextraordinaryitemsnoncontrollinginterest": -376000000,
        "incometaxexpensebenefit": 1000000,
        "netincomeloss": -155000000,
        "earningspersharebasic": -0.47,
        "earningspersharediluted": -0.06,
        "comprehensiveincomenetoftax": 503000000,
        "weightedaveragenumberofsharesoutstandingbasic": 592000000,
        "weightedaveragenumberofdilutedsharesoutstanding": 592000000
    },
    {
        "date": "2021-12-30",
        "symbol": "LUV",
        "period": "Q4",
        "revenuefromcontractwithcustomerexcludingassessedtax": 11647000000,
        "laborandrelatedexpense": 2225000000,
        "payrollsupportandvoluntaryemployeeprogramsnet": 2892000000,
        "fuelcosts": 2827000000,
        "aircraftmaintenancematerialsandrepairs": 209000000,
        "landingfeesandotherrentals": 364000000,
        "depreciationandamortization": 323000000,
        "othercostandexpenseoperating": 1929000000,
        "operatingcostsandexpenses": 4856000000,
        "operatingincomeloss": 195000000,
        "interestcostsincurred": 122000000,
        "interestcostscapitalizedadjustment": 8000000,
        "investmentincomeinterest": 7000000,
        "othernonoperatingincomeexpense": -11000000,
        "nonoperatingincomeexpense": -118000000,
        "incometaxexpensebenefit": 314000000,
        "netincomeloss": 849000000,
        "earningspersharebasic": 0.10999999999999993,
        "earningspersharediluted": 0.12000000000000016,
        "comprehensiveincomenetoftax": 983000000
    },
    {
        "date": "2021-09-29",
        "symbol": "LUV",
        "period": "Q3",
        "revenuefromcontractwithcustomerexcludingassessedtax": 355000000,
        "laborandrelatedexpense": 2122000000,
        "payrollsupportandvoluntaryemployeeprogramsnet": 776000000,
        "fuelcosts": 2000000,
        "aircraftmaintenancematerialsandrepairs": 250000000,
        "landingfeesandotherrentals": 376000000,
        "depreciationandamortization": 322000000,
        "othercostandexpenseoperating": 1000000,
        "operatingcostsandexpenses": 3946000000,
        "operatingincomeloss": 733000000,
        "interestcostsincurred": 115000000,
        "interestcostscapitalizedadjustment": 9000000,
        "investmentincomeinterest": 2000000,
        "othernonoperatingincomeexpense": -29000000,
        "nonoperatingincomeexpense": -133000000,
        "incomelossfromcontinuingoperationsbeforeincometaxesextraordinaryitemsnoncontrollinginterest": 600000000,
        "incometaxexpensebenefit": 1000000,
        "netincomeloss": 2000000,
        "earningspersharebasic": 0.75,
        "earningspersharediluted": 0.73,
        "comprehensiveincomenetoftax": 131000000,
        "weightedaveragenumberofsharesoutstandingbasic": 592000000,
        "weightedaveragenumberofdilutedsharesoutstanding": 607000000
    },
    {
        "date": "2021-06-29",
        "symbol": "LUV",
        "period": "Q2",
        "revenuefromcontractwithcustomerexcludingassessedtax": 352000000,
        "laborandrelatedexpense": 1825000000,
        "payrollsupportandvoluntaryemployeeprogramsnet": 740000000,
        "fuelcosts": 12000000,
        "aircraftmaintenancematerialsandrepairs": 222000000,
        "landingfeesandotherrentals": 403000000,
        "depreciationandamortization": 315000000,
        "othercostandexpenseoperating": 1000000,
        "operatingcostsandexpenses": 3414000000,
        "operatingincomeloss": 594000000,
        "interestcostsincurred": 116000000,
        "interestcostscapitalizedadjustment": 8000000,
        "investmentincomeinterest": 2000000,
        "othernonoperatingincomeexpense": 14000000,
        "nonoperatingincomeexpense": -92000000,
        "incomelossfromcontinuingoperationsbeforeincometaxesminorityinterestandincomelossfromequitymethodinvestments": 502000000,
        "incometaxexpensebenefit": 3000000,
        "netincomeloss": 10000000,
        "earningspersharebasic": 0.59,
        "earningspersharediluted": 0.57,
        "comprehensiveincomenetoftax": 196000000,
        "weightedaveragenumberofsharesoutstandingbasic": 591000000,
        "weightedaveragenumberofdilutedsharesoutstanding": 615000000
    },
    {
        "date": "2021-03-30",
        "symbol": "LUV",
        "period": "Q1",
        "revenuefromcontractwithcustomerexcludingassessedtax": 1712000000,
        "laborandrelatedexpense": 1571000000,
        "payrollsupportandvoluntaryemployeeprogramsnet": -1448000000,
        "fuelcosts": 469000000,
        "aircraftmaintenancematerialsandrepairs": 173000000,
        "landingfeesandotherrentals": 313000000,
        "depreciationandamortization": 312000000,
        "othercostandexpenseoperating": 463000000,
        "operatingcostsandexpenses": 1853000000,
        "operatingincomeloss": 199000000,
        "interestcostsincurred": 114000000,
        "interestcostscapitalizedadjustment": 11000000,
        "investmentincomeinterest": 2000000,
        "othernonoperatingincomeexpense": 48000000,
        "nonoperatingincomeexpense": -53000000,
        "incomelossfromcontinuingoperationsbeforeincometaxesminorityinterestandincomelossfromequitymethodinvestments": 146000000,
        "incometaxexpensebenefit": 30000000,
        "netincomeloss": 116000000,
        "earningspersharebasic": 0.2,
        "earningspersharediluted": 0.19,
        "comprehensiveincomenetoftax": 180000000,
        "weightedaveragenumberofsharesoutstandingbasic": 591000000,
        "weightedaveragenumberofdilutedsharesoutstanding": 609000000
    },
    {
        "date": "2020-12-30",
        "symbol": "LUV",
        "period": "Q4",
        "revenuefromcontractwithcustomerexcludingassessedtax": 2110000000,
        "laborandrelatedexpense": 1565000000,
        "fuelcosts": 586000000,
        "aircraftmaintenancematerialsandrepairs": 153000000,
        "landingfeesandotherrentals": 318000000,
        "depreciationandamortization": 316000000,
        "othercostandexpenseoperating": 520000000,
        "operatingcostsandexpenses": 3181000000,
        "operatingincomeloss": -1168000000,
        "interestcostsincurred": 114000000,
        "interestcostscapitalizedadjustment": 12000000,
        "investmentincomeinterest": 2000000,
        "othernonoperatingincomeexpense": -109000000,
        "nonoperatingincomeexpense": -163000000,
        "incomelossfromcontinuingoperationsbeforeincometaxesminorityinterestandincomelossfromequitymethodinvestments": -1331000000,
        "incometaxexpensebenefit": -754000000,
        "netincomeloss": -908000000,
        "comprehensiveincomenetoftax": -1826000000
    },
    {
        "date": "2020-09-29",
        "symbol": "LUV",
        "period": "Q3",
        "revenuefromcontractwithcustomerexcludingassessedtax": 1454000000,
        "laborandrelatedexpense": 1678000000,
        "payrollsupportandvoluntaryemployeeprogramsnet": -149000000,
        "fuelcosts": 379000000,
        "aircraftmaintenancematerialsandrepairs": 185000000,
        "landingfeesandotherrentals": 308000000,
        "depreciationandamortization": 315000000,
        "othercostandexpenseoperating": 488000000,
        "operatingcostsandexpenses": 3204000000,
        "operatingincomeloss": -1411000000,
        "interestcostsincurred": 111000000,
        "interestcostscapitalizedadjustment": 11000000,
        "investmentincomeinterest": 4000000,
        "othernonoperatingincomeexpense": -35000000,
        "nonoperatingincomeexpense": -131000000,
        "incomelossfromcontinuingoperationsbeforeincometaxesminorityinterestandincomelossfromequitymethodinvestments": -1542000000,
        "incometaxexpensebenefit": -385000000,
        "netincomeloss": -1157000000,
        "earningspersharebasic": -1.96,
        "earningspersharediluted": -1.96,
        "comprehensiveincomenetoftax": -1129000000,
        "weightedaveragenumberofsharesoutstandingbasic": 590000000,
        "weightedaveragenumberofdilutedsharesoutstanding": 590000000
    },
    {
        "date": "2020-06-29",
        "symbol": "LUV",
        "period": "Q2",
        "revenuefromcontractwithcustomerexcludingassessedtax": 256000000,
        "laborandrelatedexpense": 1714000000,
        "payrollsupportvoluntaryseparationnet": -784000000,
        "fuelcosts": 14000000,
        "landingfeesandotherrentals": 275000000,
        "aircraftmaintenancematerialsandrepairs": 140000000,
        "depreciationandamortization": 313000000,
        "othercostandexpenseoperating": 220000000,
        "operatingcostsandexpenses": 2135000000,
        "operatingincomeloss": -1127000000,
        "interestcostsincurred": 96000000,
        "interestcostscapitalizedadjustment": 7000000,
        "investmentincomeinterest": 9000000,
        "othernonoperatingincomeexpense": 14000000,
        "nonoperatingincomeexpense": -112000000,
        "incomelossfromcontinuingoperationsbeforeincometaxesminorityinterestandincomelossfromequitymethodinvestments": -1239000000,
        "incometaxexpensebenefit": 7000000,
        "netincomeloss": -915000000,
        "earningspersharebasicanddiluted": -1.63,
        "comprehensiveincomenetoftax": 56000000,
        "weightedaveragenumberofshareoutstandingbasicanddiluted": 563000000
    },
    {
        "date": "2020-03-30",
        "symbol": "LUV",
        "period": "Q1",
        "revenuefromcontractwithcustomerexcludingassessedtax": 3845000000,
        "laborandrelatedexpense": 1854000000,
        "fuelcosts": 870000000,
        "landingfeesandotherrentals": 339000000,
        "aircraftmaintenancematerialsandrepairs": 272000000,
        "depreciationandamortization": 311000000,
        "othercostandexpenseoperating": 698000000,
        "operatingcostsandexpenses": 4344000000,
        "operatingincomeloss": -110000000,
        "interestcostsincurred": 28000000,
        "interestcostscapitalizedadjustment": 5000000,
        "investmentincomeinterest": 17000000,
        "othernonoperatingincomeexpense": -28000000,
        "nonoperatingincomeexpense": -34000000,
        "incomelossfromcontinuingoperationsbeforeincometaxesminorityinterestandincomelossfromequitymethodinvestments": -144000000,
        "incometaxexpensebenefit": -50000000,
        "netincomeloss": -94000000,
        "earningspersharebasic": -0.18,
        "earningspersharediluted": -0.18,
        "comprehensiveincomenetoftax": -219000000,
        "weightedaveragenumberofsharesoutstandingbasic": 515000000,
        "weightedaveragenumberofdilutedsharesoutstanding": 515000000
    },
    {
        "date": "2019-12-30",
        "symbol": "LUV",
        "period": "Q4",
        "revenuefromcontractwithcustomerexcludingassessedtax": 316000000,
        "netincomeloss": 513000000,
        "comprehensiveincomenetoftax": -1785000000,
        "laborandrelatedexpense": 2247000000,
        "fuelcosts": -3194000000,
        "aircraftmaintenancematerialsandrepairs": 307000000,
        "landingfeesandotherrentals": 327000000,
        "depreciationandamortization": 313000000,
        "othercostandexpenseoperating": 766000000,
        "operatingexpenses": 5065000000,
        "operatingincomeloss": 665000000,
        "interestexpense": -85000000,
        "interestcostscapitalizedadjustment": 9000000,
        "investmentincomeinterest": 20000000,
        "othernonoperatingincomeexpense": 0,
        "incomelossfromcontinuingoperationsbeforeincometaxesminorityinterestandincomelossfromequitymethodinvestments": 666000000,
        "incometaxexpensebenefit": 7000000,
        "earningspersharebasic": 0.9800000000000004,
        "earningspersharediluted": 0.9799999999999995
    },
    {
        "date": "2019-09-29",
        "symbol": "LUV",
        "period": "Q3",
        "revenuefromcontractwithcustomerexcludingassessedtax": 329000000,
        "laborandrelatedexpense": 2003000000,
        "fuelcosts": 1090000000,
        "aircraftmaintenancematerialsandrepairs": 313000000,
        "landingfeesandotherrentals": 345000000,
        "depreciationandamortization": 308000000,
        "othercostandexpenseoperating": 761000000,
        "operatingexpenses": 4820000000,
        "operatingincomeloss": 819000000,
        "interestexpense": 29000000,
        "interestcostscapitalizedadjustment": 10000000,
        "investmentincomeinterest": 23000000,
        "othernonoperatingincomeexpense": -4000000,
        "incomelossfromcontinuingoperationsbeforeincometaxesminorityinterestandincomelossfromequitymethodinvestments": 819000000,
        "incometaxexpensebenefit": -4000000,
        "netincomeloss": 659000000,
        "earningspersharebasic": 1.2399999999999998,
        "earningspersharediluted": 1.23,
        "comprehensiveincomenetoftax": 566000000,
        "weightedaveragenumberofsharesoutstandingbasic": -5000000,
        "weightedaveragenumberofdilutedsharesoutstanding": -4000000
    },
    {
        "date": "2019-06-29",
        "symbol": "LUV",
        "period": "Q2",
        "revenuefromcontractwithcustomerexcludingassessedtax": 336000000,
        "laborandrelatedexpense": 2067000000,
        "fuelcosts": 1137000000,
        "aircraftmaintenancematerialsandrepairs": 310000000,
        "landingfeesandotherrentals": 358000000,
        "depreciationandamortization": 301000000,
        "othercostandexpenseoperating": 769000000,
        "operatingexpenses": 4942000000,
        "operatingincomeloss": 968000000,
        "interestexpense": 30000000,
        "interestcostscapitalizedadjustment": 8000000,
        "investmentincomeinterest": 24000000,
        "othernonoperatingincomeexpense": -2000000,
        "nonoperatingincomeexpense": 0,
        "incomelossfromcontinuingoperationsbeforeincometaxesminorityinterestandincomelossfromequitymethodinvestments": 968000000,
        "incometaxexpensebenefit": 1000000,
        "netincomeloss": 741000000,
        "earningspersharebasic": 1.36,
        "earningspersharediluted": 1.36,
        "comprehensiveincomenetoftax": 1062000000,
        "weightedaveragenumberofsharesoutstandingbasic": -4000000,
        "weightedaveragenumberofdilutedsharesoutstanding": -5000000
    },
    {
        "date": "2019-03-30",
        "symbol": "LUV",
        "period": "Q1",
        "revenuefromcontractwithcustomerexcludingassessedtax": 319000000,
        "laborandrelatedexpense": 1976000000,
        "fuelcosts": 1015000000,
        "aircraftmaintenancematerialsandrepairs": 293000000,
        "landingfeesandotherrentals": 333000000,
        "depreciationandamortization": 297000000,
        "othercostandexpenseoperating": 730000000,
        "operatingexpenses": 4644000000,
        "operatingincomeloss": 505000000,
        "interestexpense": 31000000,
        "interestcostscapitalizedadjustment": 9000000,
        "investmentincomeinterest": 23000000,
        "othernonoperatingincomeexpense": -2000000,
        "nonoperatingincomeexpense": -1000000,
        "incomelossfromcontinuingoperationsbeforeincometaxesminorityinterestandincomelossfromequitymethodinvestments": 504000000,
        "incometaxexpensebenefit": -3000000,
        "netincomeloss": 387000000,
        "earningspersharebasic": 0.7,
        "earningspersharediluted": 0.7,
        "comprehensiveincomenetoftax": 76000000,
        "weightedaveragenumberofsharesoutstandingbasic": 551000000,
        "weightedaveragenumberofdilutedsharesoutstanding": 552000000
    },
    {
        "date": "2018-12-30",
        "symbol": "LUV",
        "period": "Q4",
        "netincomeloss": 654000000,
        "comprehensiveincomenetoftax": 236000000,
        "laborandrelatedexpense": 1989000000,
        "fuelcosts": -3458000000,
        "aircraftmaintenancematerialsandrepairs": 293000000,
        "landingfeesandotherrentals": 323000000,
        "depreciationandamortization": 331000000,
        "othercostandexpenseoperating": 757000000,
        "operatingexpenses": 4884000000,
        "operatingincomeloss": 820000000,
        "interestexpense": -92000000,
        "interestcostscapitalizedadjustment": 9000000,
        "investmentincomeinterest": 22000000,
        "othernonoperatingincomeexpense": -2000000,
        "nonoperatingincomeexpense": -4000000,
        "incomelossfromcontinuingoperationsbeforeincometaxesminorityinterestandincomelossfromequitymethodinvestments": 816000000,
        "incometaxexpensebenefit": -144000000
    },
    {
        "date": "2018-09-29",
        "symbol": "LUV",
        "period": "Q3",
        "revenuefromcontractwithcustomerexcludingassessedtax": 290000000,
        "laborandrelatedexpense": 1912000000,
        "fuelcosts": 1205000000,
        "aircraftmaintenancematerialsandrepairs": 283000000,
        "landingfeesandotherrentals": 337000000,
        "depreciationandamortization": 301000000,
        "othercostandexpenseoperating": 739000000,
        "operatingexpenses": 4777000000,
        "operatingincomeloss": 798000000,
        "interestexpense": 33000000,
        "interestcostscapitalizedadjustment": 9000000,
        "investmentincomeinterest": 20000000,
        "othernonoperatingincomeexpense": -8000000,
        "nonoperatingincomeexpense": -12000000,
        "incomelossfromcontinuingoperationsbeforeincometaxesminorityinterestandincomelossfromequitymethodinvestments": 786000000,
        "incometaxexpensebenefit": 5000000,
        "netincomeloss": 615000000,
        "earningspersharebasic": 1.08,
        "earningspersharediluted": 1.08,
        "comprehensiveincomenetoftax": 729000000,
        "weightedaveragenumberofsharesoutstandingbasic": 569000000,
        "weightedaveragenumberofdilutedsharesoutstanding": 569000000,
        "commonstockdividendspersharedeclared": 0.16
    },
    {
        "date": "2018-06-29",
        "symbol": "LUV",
        "period": "Q2",
        "passengerrevenue": 4605000000,
        "cargoandfreightrevenue": 44000000,
        "othersalesrevenuenet": 292000000,
        "revenues": 5742000000,
        "laborandrelatedexpense": 1927000000,
        "fuelcosts": 1202000000,
        "aircraftmaintenancematerialsandrepairs": 274000000,
        "landingfeesandotherrentals": 344000000,
        "depreciationandamortization": 292000000,
        "othercostandexpenseoperating": 731000000,
        "operatingexpenses": 4770000000,
        "operatingincomeloss": 972000000,
        "interestexpense": 33000000,
        "interestcostscapitalizedadjustment": 10000000,
        "investmentincomeinterest": 15000000,
        "othernonoperatingincomeexpense": -4000000,
        "nonoperatingincomeexpense": -12000000,
        "incomelossfromcontinuingoperationsbeforeincometaxesminorityinterestandincomelossfromequitymethodinvestments": 960000000,
        "incometaxexpensebenefit": 1000000,
        "netincomeloss": 733000000,
        "earningspersharebasic": 1.27,
        "earningspersharediluted": 1.27,
        "comprehensiveincomenetoftax": 953000000,
        "weightedaveragenumberofsharesoutstandingbasic": 578000000,
        "weightedaveragenumberofdilutedsharesoutstanding": 579000000,
        "commonstockdividendspersharedeclared": 0.16
    },
    {
        "date": "2018-03-30",
        "symbol": "LUV",
        "period": "Q1",
        "passengerrevenue": 4585000000,
        "cargoandfreightrevenue": 42000000,
        "othersalesrevenuenet": 317000000,
        "revenues": 4944000000,
        "laborandrelatedexpense": 1821000000,
        "fuelcosts": 1018000000,
        "aircraftmaintenancematerialsandrepairs": 257000000,
        "landingfeesandotherrentals": 330000000,
        "depreciationandamortization": 277000000,
        "othercostandexpenseoperating": 625000000,
        "operatingexpenses": 4328000000,
        "operatingincomeloss": 616000000,
        "interestexpense": 32000000,
        "interestcostscapitalizedadjustment": 10000000,
        "investmentincomeinterest": 12000000,
        "othernonoperatingincomeexpense": -4000000,
        "nonoperatingincomeexpense": -14000000,
        "incomelossfromcontinuingoperationsbeforeincometaxesminorityinterestandincomelossfromequitymethodinvestments": 602000000,
        "incometaxexpensebenefit": 139000000,
        "netincomeloss": 463000000,
        "earningspersharebasic": 0.79,
        "earningspersharediluted": 0.79,
        "comprehensiveincomenetoftax": 547000000,
        "weightedaveragenumberofsharesoutstandingbasic": 587000000,
        "weightedaveragenumberofdilutedsharesoutstanding": 588000000,
        "commonstockdividendspersharedeclared": 0.125
    },
    {
        "date": "2017-12-30",
        "symbol": "LUV",
        "period": "Q4",
        "netincomeloss": 1888000000,
        "comprehensiveincomenetoftax": 1701000000,
        "passengerrevenue": 4739000000,
        "cargoandfreightrevenue": 45000000,
        "othersalesrevenuenet": 489000000,
        "revenues": 5273000000,
        "laborandrelatedexpense": 1924000000,
        "fuelcosts": -1215000000,
        "aircraftmaintenancematerialsandrepairs": 244000000,
        "aircraftrental": 40000000,
        "landingfeesandotherrentals": 323000000,
        "depreciationandamortization": 279000000,
        "othercostandexpenseoperating": 665000000,
        "operatingexpenses": 4500000000,
        "operatingincomeloss": 773000000,
        "interestexpense": -43000000,
        "interestcostscapitalizedadjustment": 10000000,
        "investmentincomeinterest": 11000000,
        "othernonoperatingincomeexpense": -27000000,
        "nonoperatingincomeexpense": -36000000,
        "incomelossfromcontinuingoperationsbeforeincometaxesminorityinterestandincomelossfromequitymethodinvestments": 737000000,
        "incometaxexpensebenefit": -142000000,
        "earningspersharebasic": 3.15,
        "earningspersharediluted": 3.1500000000000004,
        "commonstockdividendspersharedeclared": 0.12499999999999997
    },
    {
        "date": "2017-09-29",
        "symbol": "LUV",
        "period": "Q3",
        "passengerrevenue": 4745000000,
        "cargoandfreightrevenue": 42000000,
        "othersalesrevenuenet": 484000000,
        "revenues": 5271000000,
        "laborandrelatedexpense": 1795000000,
        "fuelcosts": 1003000000,
        "aircraftmaintenancematerialsandrepairs": 263000000,
        "aircraftrental": 51000000,
        "landingfeesandotherrentals": 324000000,
        "depreciationandamortization": 302000000,
        "othercostandexpenseoperating": 699000000,
        "operatingexpenses": 4437000000,
        "operatingincomeloss": 834000000,
        "interestexpense": 28000000,
        "interestcostscapitalizedadjustment": 15000000,
        "investmentincomeinterest": 9000000,
        "othernonoperatingincomeexpense": -39000000,
        "nonoperatingincomeexpense": -43000000,
        "incomelossfromcontinuingoperationsbeforeincometaxesminorityinterestandincomelossfromequitymethodinvestments": 791000000,
        "incometaxexpensebenefit": -57000000,
        "netincomeloss": 503000000,
        "earningspersharebasic": 0.84,
        "earningspersharediluted": 0.84,
        "comprehensiveincomenetoftax": 630000000,
        "weightedaveragenumberofsharesoutstandingbasic": 597000000,
        "weightedaveragenumberofdilutedsharesoutstanding": 598000000,
        "commonstockdividendspersharedeclared": 0.125
    },
    {
        "date": "2017-06-29",
        "symbol": "LUV",
        "period": "Q2",
        "passengerrevenue": 5233000000,
        "cargoandfreightrevenue": 44000000,
        "othersalesrevenuenet": 467000000,
        "revenues": 5744000000,
        "laborandrelatedexpense": 1867000000,
        "fuelcosts": -158000000,
        "aircraftmaintenancematerialsandrepairs": 251000000,
        "aircraftrental": 53000000,
        "landingfeesandotherrentals": 332000000,
        "depreciationandamortization": 319000000,
        "othercostandexpenseoperating": 682000000,
        "operatingexpenses": 4494000000,
        "operatingincomeloss": 1250000000,
        "interestexpense": -3000000,
        "interestcostscapitalizedadjustment": 13000000,
        "investmentincomeinterest": 8000000,
        "othernonoperatingincomeexpense": -74000000,
        "nonoperatingincomeexpense": -80000000,
        "incomelossfromcontinuingoperationsbeforeincometaxesminorityinterestandincomelossfromequitymethodinvestments": 1170000000,
        "incometaxexpensebenefit": 1000000,
        "netincomeloss": 746000000,
        "earningspersharebasic": 1.24,
        "earningspersharediluted": 1.23,
        "comprehensiveincomenetoftax": 795000000,
        "weightedaveragenumberofsharesoutstandingbasic": 604000000,
        "weightedaveragenumberofdilutedsharesoutstanding": 605000000,
        "commonstockdividendspersharedeclared": 0.125
    },
    {
        "date": "2017-03-30",
        "symbol": "LUV",
        "period": "Q1",
        "passengerrevenue": 4424000000,
        "cargoandfreightrevenue": 42000000,
        "othersalesrevenuenet": 417000000,
        "revenues": 4883000000,
        "laborandrelatedexpense": 1733000000,
        "fuelcosts": 922000000,
        "aircraftmaintenancematerialsandrepairs": 243000000,
        "aircraftrental": 54000000,
        "landingfeesandotherrentals": 313000000,
        "depreciationandamortization": 318000000,
        "othercostandexpenseoperating": 642000000,
        "operatingexpenses": 4225000000,
        "operatingincomeloss": 658000000,
        "interestexpense": 29000000,
        "interestcostscapitalizedadjustment": 11000000,
        "investmentincomeinterest": 7000000,
        "othernonoperatingincomeexpense": -94000000,
        "nonoperatingincomeexpense": -105000000,
        "incomelossfromcontinuingoperationsbeforeincometaxesminorityinterestandincomelossfromequitymethodinvestments": 553000000,
        "incometaxexpensebenefit": 202000000,
        "netincomeloss": 351000000,
        "earningspersharebasic": 0.57,
        "earningspersharediluted": 0.57,
        "comprehensiveincomenetoftax": 362000000,
        "weightedaveragenumberofsharesoutstandingbasic": 613000000,
        "weightedaveragenumberofdilutedsharesoutstanding": 614000000,
        "commonstockdividendspersharedeclared": 0.1
    },
    {
        "date": "2016-09-29",
        "symbol": "LUV",
        "period": "Q3",
        "passengerrevenue": 4669000000,
        "cargoandfreightrevenue": 42000000,
        "othersalesrevenuenet": 428000000,
        "revenues": 5139000000,
        "laborandrelatedexpense": 1909000000,
        "fuelcosts": -224000000,
        "aircraftmaintenancematerialsandrepairs": 258000000,
        "aircraftrental": 56000000,
        "landingfeesandotherrentals": 307000000,
        "depreciationandamortization": 315000000,
        "othercostandexpenseoperating": 658000000,
        "operatingexpenses": 4444000000,
        "operatingincomeloss": 695000000,
        "interestexpense": -3000000,
        "interestcostscapitalizedadjustment": 12000000,
        "investmentincomeinterest": 6000000,
        "othernonoperatingincomeexpense": -64000000,
        "nonoperatingincomeexpense": -77000000,
        "incomelossfromcontinuingoperationsbeforeincometaxesminorityinterestandincomelossfromequitymethodinvestments": 618000000,
        "incometaxexpensebenefit": 1000000,
        "netincomeloss": 388000000,
        "earningspersharebasic": 0.63,
        "earningspersharediluted": 0.62,
        "comprehensiveincomenetoftax": 517000000,
        "weightedaveragenumberofsharesoutstandingbasic": 618000000,
        "weightedaveragenumberofdilutedsharesoutstanding": 625000000,
        "commonstockdividendspersharedeclared": 0.1
    },
    {
        "date": "2016-06-29",
        "symbol": "LUV",
        "period": "Q2",
        "passengerrevenue": 4905000000,
        "cargoandfreightrevenue": 45000000,
        "othersalesrevenuenet": 434000000,
        "revenues": 5384000000,
        "laborandrelatedexpense": 1639000000,
        "fuelcosts": -236000000,
        "aircraftmaintenancematerialsandrepairs": 280000000,
        "aircraftrental": 59000000,
        "landingfeesandotherrentals": 309000000,
        "depreciationandamortization": 299000000,
        "othercostandexpenseoperating": 619000000,
        "operatingexpenses": 4108000000,
        "operatingincomeloss": 1276000000,
        "interestexpense": -4000000,
        "interestcostscapitalizedadjustment": 11000000,
        "investmentincomeinterest": 6000000,
        "othernonoperatingincomeexpense": 43000000,
        "nonoperatingincomeexpense": 28000000,
        "incomelossfromcontinuingoperationsbeforeincometaxesminorityinterestandincomelossfromequitymethodinvestments": 1304000000,
        "incometaxexpensebenefit": 1000000,
        "netincomeloss": 820000000,
        "earningspersharebasic": 1.3,
        "earningspersharediluted": 1.28,
        "comprehensiveincomenetoftax": 1086000000,
        "weightedaveragenumberofsharesoutstandingbasic": 632000000,
        "weightedaveragenumberofdilutedsharesoutstanding": 639000000,
        "commonstockdividendspersharedeclared": 0.1
    },
    {
        "date": "2016-03-30",
        "symbol": "LUV",
        "period": "Q1",
        "passengerrevenue": 4398000000,
        "cargoandfreightrevenue": 42000000,
        "othersalesrevenuenet": 386000000,
        "revenues": 4826000000,
        "laborandrelatedexpense": 1539000000,
        "fuelcosts": 852000000,
        "aircraftmaintenancematerialsandrepairs": 262000000,
        "aircraftrental": 59000000,
        "landingfeesandotherrentals": 302000000,
        "depreciationandamortization": 290000000,
        "othercostandexpenseoperating": 578000000,
        "operatingexpenses": 3882000000,
        "operatingincomeloss": 944000000,
        "interestexpense": 30000000,
        "interestcostscapitalizedadjustment": 11000000,
        "investmentincomeinterest": 5000000,
        "othernonoperatingincomeexpense": -114000000,
        "nonoperatingincomeexpense": -128000000,
        "incomelossfromcontinuingoperationsbeforeincometaxesminorityinterestandincomelossfromequitymethodinvestments": 816000000,
        "incometaxexpensebenefit": 305000000,
        "netincomeloss": 511000000,
        "earningspersharebasic": 0.8,
        "earningspersharediluted": 0.79,
        "comprehensiveincomenetoftax": 668000000,
        "weightedaveragenumberofsharesoutstandingbasic": 641000000,
        "weightedaveragenumberofdilutedsharesoutstanding": 648000000,
        "commonstockdividendspersharedeclared": 0.075
    },
    {
        "date": "2015-09-29",
        "symbol": "LUV",
        "period": "Q3",
        "passengerrevenue": 4716000000,
        "cargoandfreightrevenue": 44000000,
        "newaccountingpronouncementorchangeinaccountingprincipleeffectofadoptionquantification": 172000000,
        "othersalesrevenuenet": 386000000,
        "revenues": 5318000000,
        "laborandrelatedexpense": 1699000000,
        "fuelcosts": -126000000,
        "aircraftmaintenancematerialsandrepairs": 259000000,
        "aircraftrental": 60000000,
        "landingfeesandotherrentals": 303000000,
        "depreciationandamortization": 258000000,
        "businesscombinationintegrationrelatedcosts": 6000000,
        "othercostandexpenseoperating": 572000000,
        "operatingexpenses": 4093000000,
        "operatingincomeloss": 1225000000,
        "interestexpensedebt": 31000000,
        "interestcostscapitalizedadjustment": 9000000,
        "investmentincomeinterest": 2000000,
        "othernonoperatingincomeexpense": -272000000,
        "nonoperatingincomeexpense": -292000000,
        "incomelossfromcontinuingoperationsbeforeincometaxesminorityinterestandincomelossfromequitymethodinvestments": 933000000,
        "incometaxexpensebenefit": 2000000,
        "netincomeloss": 584000000,
        "earningspersharebasic": 0.89,
        "earningspersharediluted": 0.88,
        "comprehensiveincomenetoftax": 345000000,
        "weightedaveragenumberofsharesoutstandingbasic": 655000000,
        "weightedaveragenumberofdilutedsharesoutstanding": 663000000,
        "commonstockdividendspersharedeclared": 0.075
    },
    {
        "date": "2015-06-29",
        "symbol": "LUV",
        "period": "Q2",
        "passengerrevenue": 4852000000,
        "cargoandfreightrevenue": 46000000,
        "othersalesrevenuenet": 213000000,
        "revenues": 5111000000,
        "laborandrelatedexpense": 1607000000,
        "fuelcosts": -65000000,
        "aircraftmaintenancematerialsandrepairs": 240000000,
        "aircraftrental": 59000000,
        "landingfeesandotherrentals": 299000000,
        "depreciationandamortization": 250000000,
        "businesscombinationintegrationrelatedcosts": 3000000,
        "othercostandexpenseoperating": 563000000,
        "operatingexpenses": 4026000000,
        "operatingincomeloss": 1085000000,
        "interestexpensedebt": 29000000,
        "interestcostscapitalizedadjustment": 7000000,
        "investmentincomeinterest": 2000000,
        "othernonoperatingincomeexpense": -88000000,
        "nonoperatingincomeexpense": -108000000,
        "incomelossfromcontinuingoperationsbeforeincometaxesminorityinterestandincomelossfromequitymethodinvestments": 977000000,
        "incometaxexpensebenefit": 2000000,
        "netincomeloss": 608000000,
        "earningspersharebasic": 0.91,
        "earningspersharediluted": 0.9,
        "comprehensiveincomenetoftax": 686000000,
        "weightedaveragenumberofsharesoutstandingbasic": 665000000,
        "weightedaveragenumberofdilutedsharesoutstanding": 673000000,
        "commonstockdividendspersharedeclared": 0.075
    },
    {
        "date": "2015-03-30",
        "symbol": "LUV",
        "period": "Q1",
        "passengerrevenue": 4178000000,
        "cargoandfreightrevenue": 44000000,
        "othersalesrevenuenet": 192000000,
        "revenues": 4414000000,
        "laborandrelatedexpense": 1419000000,
        "fuelcosts": 877000000,
        "aircraftmaintenancematerialsandrepairs": 229000000,
        "aircraftrental": 60000000,
        "landingfeesandotherrentals": 285000000,
        "depreciationandamortization": 244000000,
        "businesscombinationintegrationrelatedcosts": 23000000,
        "othercostandexpenseoperating": 497000000,
        "operatingexpenses": 3634000000,
        "operatingincomeloss": 780000000,
        "interestexpensedebt": 32000000,
        "interestcostscapitalizedadjustment": 6000000,
        "investmentincomeinterest": 1000000,
        "othernonoperatingincomeexpense": -32000000,
        "nonoperatingincomeexpense": -57000000,
        "incomelossfromcontinuingoperationsbeforeincometaxesminorityinterestandincomelossfromequitymethodinvestments": 723000000,
        "incometaxexpensebenefit": 270000000,
        "netincomeloss": 453000000,
        "earningspersharebasic": 0.67,
        "earningspersharediluted": 0.66,
        "comprehensiveincomenetoftax": 449000000,
        "weightedaveragenumberofsharesoutstandingbasic": 674000000,
        "weightedaveragenumberofdilutedsharesoutstanding": 682000000,
        "commonstockdividendspersharedeclared": 0.06
    },
    {
        "date": "2014-12-30",
        "symbol": "LUV",
        "period": "Q4",
        "netincomeloss": 190000000,
        "comprehensiveincomenetoftax": 279000000,
        "passengerrevenue": 4409000000,
        "cargoandfreightrevenue": 46000000,
        "othersalesrevenuenet": 173000000,
        "revenues": 4628000000,
        "laborandrelatedexpense": 1390000000,
        "fuelcosts": -1344000000,
        "aircraftmaintenancematerialsandrepairs": 244000000,
        "aircraftrental": 68000000,
        "landingfeesandotherrentals": 261000000,
        "depreciationandamortization": -667000000,
        "businesscombinationintegrationrelatedcosts": 47000000,
        "othercostandexpenseoperating": 578000000,
        "operatingexpenses": 4007000000,
        "operatingincomeloss": 621000000,
        "interestexpensedebt": 32000000,
        "interestcostscapitalizedadjustment": 4000000,
        "investmentincomeinterest": 1000000,
        "othernonoperatingincomeexpense": -293000000,
        "nonoperatingincomeexpense": -320000000,
        "incomelossfromcontinuingoperationsbeforeincometaxesminorityinterestandincomelossfromequitymethodinvestments": 301000000,
        "incometaxexpensebenefit": 6000000,
        "earningspersharebasic": 0.2799999999999999,
        "earningspersharediluted": 0.2699999999999999,
        "commonstockdividendspersharedeclared": 0.060000000000000005
    },
    {
        "date": "2014-09-29",
        "symbol": "LUV",
        "period": "Q3",
        "passengerrevenue": 4564000000,
        "cargoandfreightrevenue": 45000000,
        "othersalesrevenuenet": 191000000,
        "revenues": 4800000000,
        "laborandrelatedexpense": 1363000000,
        "fuelcosts": -6000000,
        "aircraftmaintenancematerialsandrepairs": 248000000,
        "aircraftrental": 71000000,
        "landingfeesandotherrentals": 289000000,
        "depreciationandamortization": 238000000,
        "businesscombinationintegrationrelatedcosts": 23000000,
        "othercostandexpenseoperating": 568000000,
        "operatingexpenses": 4186000000,
        "operatingincomeloss": 614000000,
        "interestexpensedebt": 31000000,
        "interestcostscapitalizedadjustment": 6000000,
        "investmentincomeinterest": 2000000,
        "othernonoperatingincomeexpense": -66000000,
        "nonoperatingincomeexpense": -89000000,
        "incomelossfromcontinuingoperationsbeforeincometaxesminorityinterestandincomelossfromequitymethodinvestments": 525000000,
        "incometaxexpensebenefit": 2000000,
        "netincomeloss": 329000000,
        "earningspersharebasic": 0.48,
        "earningspersharediluted": 0.48,
        "comprehensiveincomenetoftax": 126000000,
        "weightedaveragenumberofsharesoutstandingbasic": 683000000,
        "weightedaveragenumberofdilutedsharesoutstanding": 691000000,
        "commonstockdividendspersharedeclared": 0.06
    },
    {
        "date": "2014-06-29",
        "symbol": "LUV",
        "period": "Q2",
        "passengerrevenue": 4752000000,
        "cargoandfreightrevenue": 44000000,
        "othersalesrevenuenet": 215000000,
        "revenues": 5011000000,
        "laborandrelatedexpense": 1406000000,
        "fuelcosts": 2000000,
        "aircraftmaintenancematerialsandrepairs": 236000000,
        "aircraftrental": 75000000,
        "landingfeesandotherrentals": 295000000,
        "depreciationandamortization": 228000000,
        "businesscombinationintegrationrelatedcosts": 38000000,
        "othercostandexpenseoperating": 533000000,
        "operatingexpenses": 4236000000,
        "operatingincomeloss": 775000000,
        "interestexpensedebt": 34000000,
        "interestcostscapitalizedadjustment": 6000000,
        "investmentincomeinterest": 2000000,
        "othernonoperatingincomeexpense": -3000000,
        "nonoperatingincomeexpense": -29000000,
        "incomelossfromcontinuingoperationsbeforeincometaxesminorityinterestandincomelossfromequitymethodinvestments": 746000000,
        "incometaxexpensebenefit": -1000000,
        "netincomeloss": 465000000,
        "earningspersharebasic": 0.67,
        "earningspersharediluted": 0.67,
        "comprehensiveincomenetoftax": 588000000,
        "weightedaveragenumberofsharesoutstandingbasic": 690000000,
        "weightedaveragenumberofdilutedsharesoutstanding": 698000000,
        "commonstockdividendspersharedeclared": 0.06
    },
    {
        "date": "2014-03-30",
        "symbol": "LUV",
        "period": "Q1",
        "passengerrevenue": 3933000000,
        "cargoandfreightrevenue": 40000000,
        "othersalesrevenuenet": 193000000,
        "revenues": 4166000000,
        "laborandrelatedexpense": 1275000000,
        "fuelcosts": 1314000000,
        "aircraftmaintenancematerialsandrepairs": 250000000,
        "aircraftrental": 81000000,
        "landingfeesandotherrentals": 266000000,
        "depreciationandamortization": 221000000,
        "businesscombinationintegrationrelatedcosts": 18000000,
        "othercostandexpenseoperating": 526000000,
        "operatingexpenses": 3951000000,
        "operatingincomeloss": 215000000,
        "interestexpensedebt": 33000000,
        "interestcostscapitalizedadjustment": 7000000,
        "investmentincomeinterest": 2000000,
        "othernonoperatingincomeexpense": 53000000,
        "nonoperatingincomeexpense": 29000000,
        "incomelossfromcontinuingoperationsbeforeincometaxesminorityinterestandincomelossfromequitymethodinvestments": 244000000,
        "incometaxexpensebenefit": 2000000,
        "netincomeloss": 152000000,
        "earningspersharebasic": 0.22,
        "earningspersharediluted": 0.22,
        "comprehensiveincomenetoftax": 143000000,
        "weightedaveragenumberofsharesoutstandingbasic": 698000000,
        "weightedaveragenumberofdilutedsharesoutstanding": 707000000,
        "commonstockdividendspersharedeclared": 0.04
    },
    {
        "date": "2013-12-30",
        "symbol": "LUV",
        "period": "Q4",
        "netincomeloss": 212000000,
        "comprehensiveincomenetoftax": -431000000,
        "passengerrevenue": 4197000000,
        "cargoandfreightrevenue": 41000000,
        "othersalesrevenuenet": 189000000,
        "revenues": 4427000000,
        "laborandrelatedexpense": 1283000000,
        "fuelcosts": -27000000,
        "aircraftmaintenancematerialsandrepairs": 237000000,
        "aircraftrental": 84000000,
        "landingfeesandotherrentals": 255000000,
        "depreciationandamortization": 441000000,
        "businesscombinationintegrationrelatedcosts": 19000000,
        "othercostandexpenseoperating": 574000000,
        "operatingexpenses": 4042000000,
        "operatingincomeloss": 385000000,
        "interestexpensedebt": 34000000,
        "interestcostscapitalized": -7000000,
        "investmentincomeinterest": 1000000,
        "othernonoperatingincomeexpense": -26000000,
        "nonoperatingincomeexpense": -52000000,
        "incomelossfromcontinuingoperationsbeforeincometaxesminorityinterestandincomelossfromequitymethodinvestments": 333000000,
        "incometaxexpensebenefit": -11000000,
        "earningspersharebasic": 0.30000000000000004,
        "earningspersharediluted": 0.29000000000000004,
        "commonstockdividendspersharedeclared": 0.039999999999999994
    },
    {
        "date": "2013-09-29",
        "symbol": "LUV",
        "period": "Q3",
        "passengerrevenue": 4306000000,
        "cargoandfreightrevenue": 41000000,
        "othersalesrevenuenet": 198000000,
        "revenues": 4545000000,
        "laborandrelatedexpense": 1271000000,
        "fuelcosts": -37000000,
        "aircraftmaintenancematerialsandrepairs": 271000000,
        "aircraftrental": 92000000,
        "landingfeesandotherrentals": 290000000,
        "depreciationandamortization": 3000000,
        "businesscombinationintegrationrelatedcosts": 28000000,
        "othercostandexpenseoperating": 532000000,
        "operatingexpenses": 4155000000,
        "operatingincomeloss": 390000000,
        "interestexpensedebt": 35000000,
        "interestcostscapitalized": -4000000,
        "investmentincomeinterest": 1000000,
        "othernonoperatingincomeexpense": 59000000,
        "nonoperatingincomeexpense": 29000000,
        "incomelossfromcontinuingoperationsbeforeincometaxesminorityinterestandincomelossfromequitymethodinvestments": 419000000,
        "incometaxexpensebenefit": 3000000,
        "netincomeloss": 259000000,
        "earningspersharebasic": 0.37,
        "earningspersharediluted": 0.37,
        "comprehensiveincomenetoftax": 393000000,
        "weightedaveragenumberofsharesoutstandingbasic": 703000000,
        "weightedaveragenumberofdilutedsharesoutstanding": 711000000,
        "commonstockdividendspersharedeclared": 0.04
    },
    {
        "date": "2013-06-29",
        "symbol": "LUV",
        "period": "Q2",
        "passengerrevenue": 4380000000,
        "cargoandfreightrevenue": 43000000,
        "othersalesrevenuenet": 220000000,
        "revenues": 4643000000,
        "laborandrelatedexpense": 1298000000,
        "fuelcosts": -59000000,
        "aircraftmaintenancematerialsandrepairs": 281000000,
        "aircraftrental": 92000000,
        "landingfeesandotherrentals": 292000000,
        "depreciationandamortization": 213000000,
        "businesscombinationintegrationrelatedcosts": 26000000,
        "othercostandexpenseoperating": 519000000,
        "operatingexpenses": 4210000000,
        "operatingincomeloss": 433000000,
        "interestexpensedebt": 33000000,
        "interestcostscapitalized": -8000000,
        "investmentincomeinterest": 2000000,
        "othernonoperatingincomeexpense": -47000000,
        "nonoperatingincomeexpense": -70000000,
        "incomelossfromcontinuingoperationsbeforeincometaxesminorityinterestandincomelossfromequitymethodinvestments": 363000000,
        "incometaxexpensebenefit": 2000000,
        "netincomeloss": 224000000,
        "earningspersharebasic": 0.31,
        "earningspersharediluted": 0.31,
        "comprehensiveincomenetoftax": 87000000,
        "weightedaveragenumberofsharesoutstandingbasic": 714000000,
        "weightedaveragenumberofdilutedsharesoutstanding": 722000000,
        "commonstockdividendspersharedeclared": 0.04
    },
    {
        "date": "2013-03-30",
        "symbol": "LUV",
        "period": "Q1",
        "passengerrevenue": 3838000000,
        "cargoandfreightrevenue": 39000000,
        "othersalesrevenuenet": 207000000,
        "revenues": 4084000000,
        "laborandrelatedexpense": 1183000000,
        "fuelcosts": -42000000,
        "aircraftmaintenancematerialsandrepairs": 291000000,
        "aircraftrental": 93000000,
        "landingfeesandotherrentals": 266000000,
        "depreciationandamortization": 210000000,
        "businesscombinationintegrationrelatedcosts": 13000000,
        "othercostandexpenseoperating": 501000000,
        "operatingexpenses": 4014000000,
        "operatingincomeloss": 70000000,
        "interestexpensedebt": 29000000,
        "interestcostscapitalized": -5000000,
        "investmentincomeinterest": 2000000,
        "othernonoperatingincomeexpense": 46000000,
        "nonoperatingincomeexpense": 24000000,
        "incomelossfromcontinuingoperationsbeforeincometaxesminorityinterestandincomelossfromequitymethodinvestments": 94000000,
        "incometaxexpensebenefit": 16000000,
        "netincomeloss": 59000000,
        "earningspersharebasic": 0.08,
        "earningspersharediluted": 0.08,
        "comprehensiveincomenetoftax": 67000000,
        "weightedaveragenumberofsharesoutstandingbasic": 725000000,
        "weightedaveragenumberofdilutedsharesoutstanding": 727000000,
        "commonstockdividendspersharedeclared": 0.01
    },
    {
        "date": "2012-09-29",
        "symbol": "LUV",
        "period": "Q3",
        "passengerrevenue": 4046000000,
        "cargoandfreightrevenue": 39000000,
        "othersalesrevenuenet": 224000000,
        "revenues": 4309000000,
        "laborandrelatedexpense": 1189000000,
        "fuelcosts": 1528000000,
        "aircraftmaintenancematerialsandrepairs": 300000000,
        "aircraftrental": 92000000,
        "landingfeesandotherrentals": 278000000,
        "depreciationandamortization": 217000000,
        "businesscombinationintegrationrelatedcosts": 145000000,
        "othercostandexpenseoperating": 509000000,
        "operatingexpenses": 4258000000,
        "operatingincomeloss": 51000000,
        "interestexpensedebt": 35000000,
        "interestcostscapitalized": -5000000,
        "investmentincomeinterest": 2000000,
        "othernonoperatingincomeexpense": 10000000,
        "nonoperatingincomeexpense": -18000000,
        "incomelossfromcontinuingoperationsbeforeincometaxesminorityinterestandincomelossfromequitymethodinvestments": 33000000,
        "incometaxexpensebenefit": 17000000,
        "netincomeloss": 16000000,
        "earningspersharebasic": 0.02,
        "earningspersharediluted": 0.02,
        "comprehensiveincomenetoftax": 211000000,
        "weightedaveragenumberofsharesoutstandingbasic": 739000000,
        "weightedaveragenumberofdilutedsharesoutstanding": 740000000,
        "commonstockdividendspersharedeclared": 0.01
    },
    {
        "date": "2012-06-29",
        "symbol": "LUV",
        "period": "Q2",
        "passengerrevenue": 4338000000,
        "cargoandfreightrevenue": 42000000,
        "othersalesrevenuenet": 236000000,
        "revenues": 4616000000,
        "laborandrelatedexpense": 1222000000,
        "fuelcosts": 1577000000,
        "aircraftmaintenancematerialsandrepairs": 291000000,
        "aircraftrental": 90000000,
        "landingfeesandotherrentals": 260000000,
        "depreciationandamortization": 202000000,
        "businesscombinationintegrationrelatedcosts": 11000000,
        "othercostandexpenseoperating": 503000000,
        "operatingexpenses": 4156000000,
        "operatingincomeloss": 460000000,
        "interestexpensedebt": 38000000,
        "interestcostscapitalized": -6000000,
        "investmentincomeinterest": 2000000,
        "othernonoperatingincomeexpense": -62000000,
        "nonoperatingincomeexpense": -92000000,
        "incomelossfromcontinuingoperationsbeforeincometaxesminorityinterestandincomelossfromequitymethodinvestments": 368000000,
        "incometaxexpensebenefit": 140000000,
        "netincomeloss": 228000000,
        "earningspersharebasic": 0.3,
        "earningspersharediluted": 0.3,
        "comprehensiveincomenetoftax": -35000000,
        "weightedaveragenumberofsharesoutstandingbasic": 757000000,
        "weightedaveragenumberofdilutedsharesoutstanding": 764000000,
        "commonstockdividendspersharedeclared": 0.01
    },
    {
        "date": "2012-03-30",
        "symbol": "LUV",
        "period": "Q1",
        "passengerrevenue": 3744000000,
        "cargoandfreightrevenue": 37000000,
        "othersalesrevenuenet": 210000000,
        "revenues": 3991000000,
        "laborandrelatedexpense": 1141000000,
        "fuelcosts": 1510000000,
        "aircraftmaintenancematerialsandrepairs": 272000000,
        "aircraftrental": 88000000,
        "landingfeesandotherrentals": 254000000,
        "depreciationandamortization": 201000000,
        "businesscombinationintegrationrelatedcosts": 13000000,
        "othercostandexpenseoperating": 490000000,
        "operatingexpenses": 3969000000,
        "operatingincomeloss": 22000000,
        "interestexpensedebt": 40000000,
        "interestcostscapitalized": -5000000,
        "investmentincomeinterest": 2000000,
        "othernonoperatingincomeexpense": 170000000,
        "nonoperatingincomeexpense": 137000000,
        "incomelossfromcontinuingoperationsbeforeincometaxesminorityinterestandincomelossfromequitymethodinvestments": 159000000,
        "incometaxexpensebenefit": 61000000,
        "netincomeloss": 98000000,
        "earningspersharebasic": 0.13,
        "earningspersharediluted": 0.13,
        "comprehensiveincomenetoftax": 265000000,
        "weightedaveragenumberofsharesoutstandingbasic": 771000000,
        "weightedaveragenumberofdilutedsharesoutstanding": 772000000,
        "commonstockdividendspersharedeclared": 0.0045
    },
    {
        "date": "2011-09-29",
        "symbol": "LUV",
        "period": "Q3",
        "passengerrevenue": 4014,
        "cargoandfreightrevenue": 35,
        "othersalesrevenuenet": 262,
        "revenues": 758,
        "laborandrelatedexpense": 1146,
        "fuelcosts": 1586,
        "aircraftmaintenancematerialsandrepairs": 272,
        "aircraftrental": 90,
        "landingfeesandotherrentals": 257,
        "depreciationandamortization": 191,
        "businesscombinationintegrationrelatedcosts": 22,
        "othercostandexpenseoperating": 522,
        "operatingexpenses": 4086,
        "operatingincomeloss": 225,
        "interestexpensedebt": 50,
        "interestcostscapitalized": -3,
        "investmentincomeinterest": 1,
        "othernonoperatingincomeexpense": -405,
        "nonoperatingincomeexpense": -451,
        "incomelossfromcontinuingoperationsbeforeincometaxesminorityinterestandincomelossfromequitymethodinvestments": -226,
        "incometaxexpensebenefit": -86,
        "netincomeloss": 3,
        "earningspersharebasic": -0.18,
        "earningspersharediluted": -0.18,
        "weightedaveragenumberofsharesoutstandingbasic": 792,
        "weightedaveragenumberofdilutedsharesoutstanding": 792,
        "commonstockdividendspersharedeclared": 0.0045
    },
    {
        "date": "2011-06-29",
        "symbol": "LUV",
        "period": "Q2",
        "passengerrevenue": 3876,
        "cargoandfreightrevenue": 36,
        "othersalesrevenuenet": 224,
        "revenues": 540,
        "laborandrelatedexpense": 1125,
        "fuelcosts": 1527,
        "aircraftmaintenancematerialsandrepairs": 246,
        "aircraftrental": 79,
        "landingfeesandotherrentals": 247,
        "depreciationandamortization": 176,
        "businesscombinationintegrationrelatedcosts": 14,
        "othercostandexpenseoperating": 471,
        "operatingexpenses": 3929,
        "operatingincomeloss": 207,
        "interestexpensedebt": 51,
        "interestcostscapitalized": -2,
        "investmentincomeinterest": 4,
        "othernonoperatingincomeexpense": 113,
        "nonoperatingincomeexpense": 68,
        "incomelossfromcontinuingoperationsbeforeincometaxesminorityinterestandincomelossfromequitymethodinvestments": 275,
        "incometaxexpensebenefit": 114,
        "netincomeloss": -27,
        "earningspersharebasic": 0.21,
        "earningspersharediluted": 0.21,
        "weightedaveragenumberofsharesoutstandingbasic": 780,
        "weightedaveragenumberofdilutedsharesoutstanding": 787,
        "commonstockdividendspersharedeclared": 0.0045
    },
    {
        "date": "2011-03-30",
        "symbol": "LUV",
        "period": "Q1",
        "passengerrevenue": 2939000000,
        "cargoandfreightrevenue": 31000000,
        "othersalesrevenuenet": 133000000,
        "revenues": 3103000000,
        "salarieswagesandbenefits": 954000000,
        "fuelcosts": 1038000000,
        "maintenancematerialsandrepairs": 199000000,
        "aircraftrental": 46000000,
        "landingfeesandotherrentals": 201000000,
        "depreciationandamortization": 155000000,
        "othercostandexpenseoperating": 396000000,
        "operatingexpenses": 2989000000,
        "operatingincomeloss": 114000000,
        "interestexpensedebt": 43000000,
        "interestcostscapitalized": -3000000,
        "investmentincomeinterest": -3000000,
        "othernonoperatingincomeexpense": 59000000,
        "totalotherexpensesincome": 96000000,
        "incomelossfromcontinuingoperationsbeforeincometaxesminorityinterestandincomelossfromequitymethodinvestments": 18000000,
        "incometaxexpensebenefit": 13000000,
        "netincomeloss": 5000000,
        "earningspersharebasic": 0.01,
        "earningspersharediluted": 0.01,
        "weightedaveragenumberofsharesoutstandingbasic": 748000000,
        "weightedaveragenumberofdilutedsharesoutstanding": 749000000,
        "commonstockdividendspersharedeclared": 0.0045
    },
    {
        "date": "2010-06-29",
        "symbol": "LUV",
        "period": "Q2",
        "passengerrevenue": 3016000000,
        "cargoandfreightrevenue": 33000000,
        "othersalesrevenuenet": 119000000,
        "revenues": 3168000000,
        "salarieswagesandbenefits": 946000000,
        "fuelcosts": 933000000,
        "maintenancematerialsandrepairs": 194000000,
        "aircraftrental": 45000000,
        "landingfeesandotherrentals": 206000000,
        "depreciationandamortization": 154000000,
        "othercostandexpenseoperating": 327000000,
        "operatingexpenses": 2805000000,
        "operatingincomeloss": 363000000,
        "interestexpensedebt": 42000000,
        "interestcostscapitalized": -5000000,
        "investmentincomeinterest": -4000000,
        "othernonoperatingincomeexpense": 146000000,
        "totalotherexpensesincome": 179000000,
        "incomelossfromcontinuingoperationsbeforeincometaxesminorityinterestandincomelossfromequitymethodinvestments": 184000000,
        "incometaxexpensebenefit": 72000000,
        "netincomeloss": 112000000,
        "earningspersharebasic": 0.15,
        "earningspersharediluted": 0.15,
        "weightedaveragenumberofsharesoutstandingbasic": 745000000,
        "weightedaveragenumberofdilutedsharesoutstanding": 746000000
    },
    {
        "date": "2010-03-30",
        "symbol": "LUV",
        "period": "Q1",
        "passengerrevenue": 2495000000,
        "cargoandfreightrevenue": 30000000,
        "othersalesrevenuenet": 105000000,
        "revenues": 2630000000,
        "salarieswagesandbenefits": -864000000,
        "fuelcosts": -821000000,
        "maintenancematerialsandrepairs": -166000000,
        "aircraftrental": -47000000,
        "landingfeesandotherrentals": -190000000,
        "depreciationandamortization": -154000000,
        "othercostandexpenseoperating": -334000000,
        "operatingexpenses": 2576000000,
        "operatingincomeloss": 54000000,
        "interestexpensedebt": -41000000,
        "interestcostscapitalized": 5000000,
        "investmentincomeinterest": 3000000,
        "othernonoperatingincomeexpense": -4000000,
        "totalotherexpensesincome": -37000000,
        "incomelossfromcontinuingoperationsbeforeincometaxesminorityinterestandincomelossfromequitymethodinvestments": 17000000,
        "incometaxexpensebenefit": 6000000,
        "netincomeloss": 11000000,
        "earningspersharebasic": 0.01,
        "earningspersharediluted": 0.01,
        "weightedaveragenumberofsharesoutstandingbasic": 743000000,
        "weightedaveragenumberofdilutedsharesoutstanding": 744000000
    },
    {
        "date": "2009-09-29",
        "symbol": "LUV",
        "period": "Q3",
        "passengerrevenue": 2550000000,
        "cargoandfreightrevenue": 28000000,
        "othersalesrevenuenet": 88000000,
        "revenues": 2666000000,
        "salarieswagesandbenefits": 909000000,
        "fuelcosts": 826000000,
        "maintenancematerialsandrepairs": 184000000,
        "aircraftrental": 47000000,
        "landingfeesandotherrentals": 192000000,
        "depreciationandamortization": 162000000,
        "othercostandexpenseoperating": 324000000,
        "operatingexpenses": 2644000000,
        "operatingincomeloss": 22000000,
        "interestexpensedebt": 48000000,
        "interestcostscapitalized": -5000000,
        "investmentincomeinterest": -3000000,
        "othernonoperatingincomeexpense": 2000000,
        "totalotherexpensesincome": 42000000,
        "incomelossfromcontinuingoperationsbeforeincometaxesminorityinterestandincomelossfromequitymethodinvestments": -20000000,
        "incometaxexpensebenefit": -4000000,
        "netincomeloss": -16000000,
        "earningspersharebasic": -0.02,
        "earningspersharediluted": -0.02,
        "weightedaveragenumberofsharesoutstandingbasic": 742,
        "weightedaveragenumberofdilutedsharesoutstanding": 742
    }
]