[
    {
        "date": "2024-09-29",
        "symbol": "ELV",
        "period": "Q3",
        "premiumsearnednet": 36809000000,
        "revenuefromcontractwithcustomerexcludingassessedtax": 2023000000,
        "operatingrevenue": 44719000000,
        "netinvestmentincome": 551000000,
        "netlossesgainsonfinancialinstruments": -125000000,
        "gainlossonsaleofbusiness": -39000000,
        "revenues": 45106000000,
        "policyholderbenefitsandclaimsincurrednet": 32949000000,
        "costofgoodsandservicessold": 5093000000,
        "sellinggeneralandadministrativeexpense": 5269000000,
        "interestexpensenonoperating": 300000000,
        "amortizationofintangibleassets": 122000000,
        "benefitslossesandexpenses": 43733000000,
        "incomelossfromcontinuingoperationsbeforeincometaxesextraordinaryitemsnoncontrollinginterest": 1373000000,
        "incometaxexpensebenefit": 365000000,
        "profitloss": 1008000000,
        "netincomelossattributabletononcontrollinginterest": -8000000,
        "netincomeloss": 1016000000,
        "earningspersharebasic": 4.38,
        "earningspersharediluted": 4.36,
        "commonstockdividendspersharedeclared": 1.63,
        "othercomprehensiveincomelossavailableforsalesecuritiesadjustmentnetoftax": 887000000,
        "othercomprehensiveincomelosscashflowhedgegainlossafterreclassificationandtax": 2000000,
        "othercomprehensiveincomelosspensionandotherpostretirementbenefitplansadjustmentnetoftax": -3000000,
        "ociliabilityforfuturepolicybenefitgainlossafterreclassificationadjustmentandtax": -1000000,
        "othercomprehensiveincomelossforeigncurrencytransactionandtranslationadjustmentnetoftax": 7000000,
        "othercomprehensiveincomelossnetoftax": 898000000,
        "comprehensiveincomenetoftax": 1914000000
    },
    {
        "date": "2024-06-29",
        "symbol": "ELV",
        "period": "Q2",
        "premiumsearnednet": 35416000000,
        "revenuefromcontractwithcustomerexcludingassessedtax": 5530000000,
        "operatingrevenue": 43223000000,
        "netinvestmentincome": 508000000,
        "netlossesgainsonfinancialinstruments": -85000000,
        "gainlossonsaleofbusiness": 240000000,
        "revenues": 43886000000,
        "policyholderbenefitsandclaimsincurrednet": 30572000000,
        "costofgoodsandservicessold": 4820000000,
        "sellinggeneralandadministrativeexpense": 5066000000,
        "interestexpensenonoperating": 280000000,
        "amortizationofintangibleassets": 162000000,
        "benefitslossesandexpenses": 40900000000,
        "incomelossfromcontinuingoperationsbeforeincometaxesextraordinaryitemsnoncontrollinginterest": 2986000000,
        "incometaxexpensebenefit": 685000000,
        "profitloss": 2301000000,
        "netincomelossattributabletononcontrollinginterest": 1000000,
        "netincomeloss": 2300000000,
        "earningspersharebasic": 9.91,
        "earningspersharediluted": 9.85,
        "commonstockdividendspersharedeclared": 1.63,
        "othercomprehensiveincomelossavailableforsalesecuritiesadjustmentnetoftax": -26000000,
        "othercomprehensiveincomelosscashflowhedgegainlossafterreclassificationandtax": 4000000,
        "othercomprehensiveincomelosspensionandotherpostretirementbenefitplansadjustmentnetoftax": -4000000,
        "ociliabilityforfuturepolicybenefitgainlossafterreclassificationadjustmentandtax": 1000000,
        "othercomprehensiveincomelossforeigncurrencytransactionandtranslationadjustmentnetoftax": -5000000,
        "othercomprehensiveincomelossnetoftax": -22000000,
        "comprehensiveincomenetoftax": 2278000000
    },
    {
        "date": "2024-03-30",
        "symbol": "ELV",
        "period": "Q1",
        "premiumsearnednet": 35696000000,
        "revenuefromcontractwithcustomerexcludingassessedtax": 4499000000,
        "premiumsearnedandotheroperatingrevenue": 42273000000,
        "netinvestmentincome": 465000000,
        "gainlossoninvestments": -161000000,
        "revenues": 42577000000,
        "policyholderbenefitsandclaimsincurrednet": 30546000000,
        "costofgoodsandservicessold": 3825000000,
        "sellinggeneralandadministrativeexpense": 4886000000,
        "interestexpense": 265000000,
        "amortizationofintangibleassets": 116000000,
        "benefitslossesandexpenses": 39638000000,
        "incomelossfromcontinuingoperationsbeforeincometaxesextraordinaryitemsnoncontrollinginterest": 2939000000,
        "incometaxexpensebenefit": 690000000,
        "profitloss": 2249000000,
        "netincomelossattributabletononcontrollinginterest": 3000000,
        "netincomeloss": 2246000000,
        "earningspersharebasic": 9.65,
        "earningspersharediluted": 9.59,
        "commonstockdividendspersharedeclared": 1.63,
        "othercomprehensiveincomelossavailableforsalesecuritiesadjustmentnetoftax": -56000000,
        "othercomprehensiveincomelosscashflowhedgegainlossafterreclassificationandtax": 2000000,
        "othercomprehensiveincomelosspensionandotherpostretirementbenefitplansadjustmentnetoftax": -4000000,
        "ociliabilityforfuturepolicybenefitgainlossafterreclassificationadjustmentandtax": -2000000,
        "othercomprehensiveincomelossnetoftax": -52000000,
        "comprehensiveincomenetoftax": 2194000000
    },
    {
        "date": "2023-12-30",
        "symbol": "ELV",
        "period": "Q4",
        "premiumsearnednet": 107744000000,
        "productrevenue": 5394000000,
        "otherincome": 5843000000,
        "operatingrevenue": 141515000000,
        "netinvestmentincome": 529000000,
        "netlossesgainsonfinancialinstruments": -336000000,
        "revenues": 42647000000,
        "policyholderbenefitsandclaimsincurrednet": 31334000000,
        "costofgoodsandservicessold": 4837000000,
        "sellinggeneralandadministrativeexpense": 4999000000,
        "interestexpense": 259000000,
        "amortizationofintangibleassets": 217000000,
        "benefitslossesandexpenses": 41646000000,
        "incomelossfromcontinuingoperationsbeforeincometaxesextraordinaryitemsnoncontrollinginterest": 1001000000,
        "incometaxexpensebenefit": 170000000,
        "profitloss": 831000000,
        "netincomelossattributabletononcontrollinginterest": -25000000,
        "netincomeloss": 856000000,
        "earningspersharebasic": 3.6899999999999977,
        "earningspersharediluted": 3.669999999999998,
        "commonstockdividendspersharedeclared": 1.4799999999999995,
        "othercomprehensiveincomelossavailableforsalesecuritiesadjustmentnetoftax": 1161000000,
        "othercomprehensiveincomelosscashflowhedgegainlossafterreclassificationandtax": 2000000,
        "othercomprehensiveincomelosspensionandotherpostretirementbenefitplansadjustmentnetoftax": -33000000,
        "ociliabilityforfuturepolicybenefitgainlossafterreclassificationadjustmentandtax": -5000000,
        "othercomprehensiveincomelossnetoftax": 1193000000,
        "comprehensiveincomenetoftax": 2055000000
    },
    {
        "date": "2023-09-29",
        "symbol": "ELV",
        "period": "Q3",
        "premiumsearnednet": 35259000000,
        "productrevenue": 5177000000,
        "otherincome": 2044000000,
        "operatingrevenue": 42480000000,
        "netinvestmentincome": 493000000,
        "netlossesgainsonfinancialinstruments": -124000000,
        "revenues": 42849000000,
        "policyholderbenefitsandclaimsincurrednet": 30606000000,
        "costofgoodsandservicessold": 4648000000,
        "sellinggeneralandadministrativeexpense": 5470000000,
        "interestexpense": 259000000,
        "amortizationofintangibleassets": 212000000,
        "benefitslossesandexpenses": 41195000000,
        "incomelossfromcontinuingoperationsbeforeincometaxesextraordinaryitemsnoncontrollinginterest": 1654000000,
        "incometaxexpensebenefit": 354000000,
        "profitloss": 1300000000,
        "netincomelossattributabletononcontrollinginterest": 11000000,
        "netincomeloss": 1289000000,
        "earningspersharebasic": 5.48,
        "earningspersharediluted": 5.45,
        "commonstockdividendspersharedeclared": 1.48,
        "othercomprehensiveincomelossavailableforsalesecuritiesadjustmentnetoftax": -352000000,
        "changeinnoncreditcomponentofimpairmentlossesoninvestmentsnetoftax": 2000000,
        "othercomprehensiveincomelosscashflowhedgegainlossafterreclassificationandtax": 1000000,
        "othercomprehensiveincomelosspensionandotherpostretirementbenefitplansadjustmentnetoftax": -2000000,
        "ociliabilityforfuturepolicybenefitgainlossafterreclassificationadjustmentandtax": 3000000,
        "othercomprehensiveincomelossforeigncurrencytransactionandtranslationadjustmentnetoftax": -4000000,
        "othercomprehensiveincomelossnetoftax": -348000000,
        "othercomprehensiveincomelossnetoftaxportionattributabletononcontrollinginterest": -2000000,
        "comprehensiveincomenetoftax": 943000000
    },
    {
        "date": "2023-06-29",
        "symbol": "ELV",
        "period": "Q2",
        "premiumsearnednet": -73000000,
        "productrevenue": 4859000000,
        "otherincome": -39000000,
        "operatingrevenue": -6817000000,
        "netinvestmentincome": 416000000,
        "netlossesgainsonfinancialinstruments": -121000000,
        "revenues": 43672000000,
        "policyholderbenefitsandclaimsincurrednet": 31604000000,
        "costofgoodsandservicessold": 4327000000,
        "sellinggeneralandadministrativeexpense": 4818000000,
        "interestexpense": 261000000,
        "amortizationofintangibleassets": 221000000,
        "benefitslossesandexpenses": 41231000000,
        "incomelossfromcontinuingoperationsbeforeincometaxesextraordinaryitemsnoncontrollinginterest": 2441000000,
        "incometaxexpensebenefit": 585000000,
        "profitloss": 1856000000,
        "netincomelossattributabletononcontrollinginterest": 3000000,
        "netincomeloss": 1853000000,
        "earningspersharebasic": 7.840000000000002,
        "earningspersharediluted": 7.800000000000001,
        "commonstockdividendspersharedeclared": 1.48,
        "othercomprehensiveincomelossavailableforsalesecuritiesadjustmentnetoftax": -119000000,
        "changeinnoncreditcomponentofimpairmentlossesoninvestmentsnetoftax": -1000000,
        "othercomprehensiveincomelosscashflowhedgegainlossafterreclassificationandtax": 4000000,
        "othercomprehensiveincomelosspensionandotherpostretirementbenefitplansadjustmentnetoftax": -3000000,
        "ociliabilityforfuturepolicybenefitgainlossafterreclassificationadjustmentandtax": 1000000,
        "othercomprehensiveincomelossforeigncurrencytransactionandtranslationadjustmentnetoftax": 0,
        "othercomprehensiveincomelossnetoftax": -116000000,
        "othercomprehensiveincomelossnetoftaxportionattributabletononcontrollinginterest": 0,
        "comprehensiveincomenetoftax": 1737000000
    },
    {
        "date": "2023-03-30",
        "symbol": "ELV",
        "period": "Q1",
        "premiumsearnednet": -76000000,
        "productrevenue": 4022000000,
        "otherincome": 55000000,
        "operatingrevenue": -6969000000,
        "netinvestmentincome": 387000000,
        "netlossesgainsonfinancialinstruments": -113000000,
        "revenues": 42172000000,
        "policyholderbenefitsandclaimsincurrednet": 30786000000,
        "costofgoodsandservicessold": 3481000000,
        "sellinggeneralandadministrativeexpense": 4800000000,
        "interestexpense": 251000000,
        "amortizationofintangibleassets": 235000000,
        "benefitslossesandexpenses": 39553000000,
        "incomelossfromcontinuingoperationsbeforeincometaxesextraordinaryitemsnoncontrollinginterest": 2619000000,
        "incometaxexpensebenefit": 615000000,
        "profitloss": 2004000000,
        "netincomelossattributabletononcontrollinginterest": 15000000,
        "netincomeloss": 1989000000,
        "earningspersharebasic": 8.37,
        "earningspersharediluted": 8.3,
        "commonstockdividendspersharedeclared": 1.48,
        "othercomprehensiveincomelossavailableforsalesecuritiesadjustmentnetoftax": 427000000,
        "changeinnoncreditcomponentofimpairmentlossesoninvestmentsnetoftax": -2000000,
        "othercomprehensiveincomelosscashflowhedgegainlossafterreclassificationandtax": 11000000,
        "othercomprehensiveincomelosspensionandotherpostretirementbenefitplansadjustmentnetoftax": -2000000,
        "ociliabilityforfuturepolicybenefitgainlossafterreclassificationadjustmentandtax": -2000000,
        "othercomprehensiveincomelossforeigncurrencytransactionandtranslationadjustmentnetoftax": 2000000,
        "othercomprehensiveincomelossnetoftax": 442000000,
        "othercomprehensiveincomelossnetoftaxportionattributabletononcontrollinginterest": 2000000,
        "comprehensiveincomenetoftax": 2429000000
    },
    {
        "date": "2022-12-30",
        "symbol": "ELV",
        "period": "Q4",
        "premiumsearnednet": -98310000000,
        "productrevenue": 4137000000,
        "otherincome": -5562000000,
        "operatingrevenue": 39667000000,
        "netinvestmentincome": -1108000000,
        "revenues": -116653000000,
        "policyholderbenefitsandclaimsincurrednet": 30091000000,
        "costofgoodsandservicessold": 3646000000,
        "sellinggeneralandadministrativeexpense": 4562000000,
        "interestexpense": 223000000,
        "amortizationofintangibleassets": 247000000,
        "benefitslossesandexpenses": 38775000000,
        "incomelossfromcontinuingoperationsbeforeincometaxesextraordinaryitemsnoncontrollinginterest": 1154000000,
        "incometaxexpensebenefit": 193000000,
        "profitloss": 961000000,
        "netincomelossattributabletononcontrollinginterest": 12000000,
        "netincomeloss": 949000000,
        "earningspersharebasic": 4,
        "earningspersharediluted": 3.95,
        "commonstockdividendspersharedeclared": 1.2799999999999996,
        "othercomprehensiveincomelossavailableforsalesecuritiesadjustmentnetoftax": 381000000,
        "changeinnoncreditcomponentofimpairmentlossesoninvestmentsnetoftax": 0,
        "othercomprehensiveincomelosscashflowhedgegainlossafterreclassificationandtax": 2000000,
        "othercomprehensiveincomelosspensionandotherpostretirementbenefitplansadjustmentnetoftax": 47000000,
        "othercomprehensiveincomelossforeigncurrencytransactionandtranslationadjustmentnetoftax": 2000000,
        "othercomprehensiveincomelossnetoftax": 281000000,
        "othercomprehensiveincomelossnetoftaxportionattributabletononcontrollinginterest": 0,
        "comprehensiveincomenetoftax": 1230000000
    },
    {
        "date": "2022-09-29",
        "symbol": "ELV",
        "period": "Q3",
        "premiumsearnednet": 33722000000,
        "productrevenue": 3972000000,
        "otherincome": 1931000000,
        "operatingrevenue": 39625000000,
        "netinvestmentincome": 371000000,
        "netlossesgainsonfinancialinstruments": -57000000,
        "revenues": 39939000000,
        "policyholderbenefitsandclaimsincurrednet": 29404000000,
        "costofgoodsandservicessold": 3437000000,
        "sellinggeneralandadministrativeexpense": 4514000000,
        "interestexpense": 213000000,
        "amortizationofintangibleassets": 225000000,
        "benefitslossesandexpenses": 37793000000,
        "incomelossfromcontinuingoperationsbeforeincometaxesextraordinaryitemsnoncontrollinginterest": 2146000000,
        "incometaxexpensebenefit": 533000000,
        "profitloss": 1613000000,
        "netincomelossattributabletononcontrollinginterest": -5000000,
        "netincomeloss": 1618000000,
        "earningspersharebasic": 6.75,
        "earningspersharediluted": 6.68,
        "commonstockdividendspersharedeclared": 1.28,
        "othercomprehensiveincomelossavailableforsalesecuritiesadjustmentnetoftax": -639000000,
        "changeinnoncreditcomponentofimpairmentlossesoninvestmentsnetoftax": -1000000,
        "othercomprehensiveincomelosscashflowhedgegainlossafterreclassificationandtax": 2000000,
        "othercomprehensiveincomelosspensionandotherpostretirementbenefitplansadjustmentnetoftax": 7000000,
        "othercomprehensiveincomelossforeigncurrencytransactionandtranslationadjustmentnetoftax": -7000000,
        "othercomprehensiveincomelossnetoftax": -638000000,
        "othercomprehensiveincomelossnetoftaxportionattributabletononcontrollinginterest": -3000000,
        "comprehensiveincomenetoftax": 983000000
    },
    {
        "date": "2022-06-29",
        "symbol": "ELV",
        "period": "Q2",
        "premiumsearnednet": 33076000000,
        "productrevenue": 3568000000,
        "otherincome": 1838000000,
        "operatingrevenue": 38482000000,
        "netinvestmentincome": 381000000,
        "netlossesgainsonfinancialinstruments": -231000000,
        "revenues": 38632000000,
        "policyholderbenefitsandclaimsincurrednet": 28777000000,
        "costofgoodsandservicessold": 3069000000,
        "sellinggeneralandadministrativeexpense": 4269000000,
        "interestexpense": 208000000,
        "amortizationofintangibleassets": 166000000,
        "benefitslossesandexpenses": 36489000000,
        "incomelossfromcontinuingoperationsbeforeincometaxesextraordinaryitemsnoncontrollinginterest": 2143000000,
        "incometaxexpensebenefit": 493000000,
        "profitloss": 1650000000,
        "netincomelossattributabletononcontrollinginterest": -3000000,
        "netincomeloss": 1653000000,
        "earningspersharebasic": 6.87,
        "earningspersharediluted": 6.79,
        "commonstockdividendspersharedeclared": 1.28,
        "othercomprehensiveincomelossavailableforsalesecuritiesadjustmentnetoftax": -922000000,
        "changeinnoncreditcomponentofimpairmentlossesoninvestmentsnetoftax": -1000000,
        "othercomprehensiveincomelosscashflowhedgegainlossafterreclassificationandtax": 3000000,
        "othercomprehensiveincomelosspensionandotherpostretirementbenefitplansadjustmentnetoftax": 9000000,
        "othercomprehensiveincomelossforeigncurrencytransactionandtranslationadjustmentnetoftax": -5000000,
        "othercomprehensiveincomelossnetoftax": -916000000,
        "othercomprehensiveincomelossnetoftaxportionattributabletononcontrollinginterest": -3000000,
        "comprehensiveincomenetoftax": 740000000
    },
    {
        "date": "2022-03-30",
        "symbol": "ELV",
        "period": "Q1",
        "premiumsearnednet": 32785000000,
        "productrevenue": 3301000000,
        "otherincome": 1800000000,
        "operatingrevenue": 37886000000,
        "netinvestmentincome": 360000000,
        "netlossesgainsonfinancialinstruments": -151000000,
        "revenues": 38095000000,
        "policyholderbenefitsandclaimsincurrednet": 28215000000,
        "costofgoodsandservicessold": 2883000000,
        "sellinggeneralandadministrativeexpense": 4341000000,
        "interestexpense": 201000000,
        "amortizationofintangibleassets": 129000000,
        "benefitslossesandexpenses": 35769000000,
        "incomelossfromcontinuingoperationsbeforeincometaxesextraordinaryitemsnoncontrollinginterest": 2326000000,
        "incometaxexpensebenefit": 531000000,
        "profitloss": 1795000000,
        "netincomelossattributabletononcontrollinginterest": -10000000,
        "netincomeloss": 1805000000,
        "earningspersharebasic": 7.48,
        "earningspersharediluted": 7.39,
        "commonstockdividendspersharedeclared": 1.28,
        "othercomprehensiveincomelossavailableforsalesecuritiesadjustmentnetoftax": -1069000000,
        "changeinnoncreditcomponentofimpairmentlossesoninvestmentsnetoftax": -1000000,
        "othercomprehensiveincomelosscashflowhedgegainlossafterreclassificationandtax": 3000000,
        "othercomprehensiveincomelosspensionandotherpostretirementbenefitplansadjustmentnetoftax": 7000000,
        "othercomprehensiveincomelossforeigncurrencytransactionandtranslationadjustmentnetoftax": -3000000,
        "othercomprehensiveincomelossnetoftax": -1063000000,
        "othercomprehensiveincomelossnetoftaxportionattributabletononcontrollinginterest": -5000000,
        "comprehensiveincomenetoftax": 747000000
    },
    {
        "date": "2021-09-29",
        "symbol": "ELV",
        "period": "Q3",
        "premiumsearnednet": 30395000000,
        "productrevenue": 3353000000,
        "otherincome": 1800000000,
        "operatingrevenue": 35548000000,
        "netinvestmentincome": 335000000,
        "netrealizedlossesgainsonfinancialinstruments": -5000000,
        "revenues": 35822000000,
        "policyholderbenefitsandclaimsincurrednet": 26645000000,
        "costofgoodsandservicessold": 2898000000,
        "sellinggeneralandadministrativeexpense": 3946000000,
        "interestexpense": 201000000,
        "amortizationofintangibleassets": 136000000,
        "benefitslossesandexpenses": 33826000000,
        "incomelossfromcontinuingoperationsbeforeincometaxesextraordinaryitemsnoncontrollinginterest": 1996000000,
        "incometaxexpensebenefit": 494000000,
        "profitloss": 1502000000,
        "netincomelossattributabletononcontrollinginterest": -7000000,
        "netincomeloss": 1509000000,
        "earningspersharebasic": 6.199999999999998,
        "earningspersharediluted": 6.13,
        "commonstockdividendspersharedeclared": 1.1300000000000003,
        "othercomprehensiveincomelossavailableforsalesecuritiesadjustmentnetoftax": -97000000,
        "changeinnoncreditcomponentofimpairmentlossesoninvestmentsnetoftax": -1000000,
        "othercomprehensiveincomelosspensionandotherpostretirementbenefitplansadjustmentnetoftax": -8000000,
        "othercomprehensiveincomelossnetoftax": -87000000,
        "othercomprehensiveincomelossnetoftaxportionattributabletononcontrollinginterest": -1000000,
        "comprehensiveincomenetoftax": 1423000000
    },
    {
        "date": "2021-06-29",
        "symbol": "ELV",
        "period": "Q2",
        "premiumsearnednet": 28533000000,
        "productrevenue": 3042000000,
        "otherincome": 1704000000,
        "operatingrevenue": 33279000000,
        "netinvestmentincome": 400000000,
        "netrealizedlossesgainsonfinancialinstruments": 172000000,
        "revenues": 33851000000,
        "policyholderbenefitsandclaimsincurrednet": 24763000000,
        "costofgoodsandservicessold": 2614000000,
        "sellinggeneralandadministrativeexpense": 3821000000,
        "interestexpense": 205000000,
        "amortizationofintangibleassets": 90000000,
        "gainslossesonextinguishmentofdebt": -5000000,
        "benefitslossesandexpenses": 31498000000,
        "incomelossfromcontinuingoperationsbeforeincometaxesextraordinaryitemsnoncontrollinginterest": 2353000000,
        "incometaxexpensebenefit": 552000000,
        "profitloss": 1801000000,
        "netincomelossattributabletononcontrollinginterest": 8000000,
        "netincomeloss": 1793000000,
        "earningspersharebasic": 7.33,
        "earningspersharediluted": 7.25,
        "commonstockdividendspersharedeclared": 1.13,
        "othercomprehensiveincomelossavailableforsalesecuritiesadjustmentnetoftax": 175000000,
        "changeinnoncreditcomponentofimpairmentlossesoninvestmentsnetoftax": 1000000,
        "othercomprehensiveincomeunrealizedgainlossonderivativesarisingduringperiodnetoftax": 2000000,
        "othercomprehensiveincomelosspensionandotherpostretirementbenefitplansadjustmentnetoftax": -8000000,
        "othercomprehensiveincomelossforeigncurrencytransactionandtranslationadjustmentnetoftax": -6000000,
        "othercomprehensiveincomelossnetoftax": 180000000,
        "othercomprehensiveincomelossnetoftaxportionattributabletononcontrollinginterest": 2000000,
        "comprehensiveincomenetoftax": 1971000000
    },
    {
        "date": "2021-03-30",
        "symbol": "ELV",
        "period": "Q1",
        "premiumsearnednet": 27676000000,
        "productrevenue": 2737000000,
        "otherincome": 1685000000,
        "operatingrevenue": 32098000000,
        "netinvestmentincome": 291000000,
        "netrealizedlossesgainsonfinancialinstruments": -4000000,
        "revenues": 32385000000,
        "policyholderbenefitsandclaimsincurrednet": 23699000000,
        "costofgoodsandservicessold": 2313000000,
        "sellinggeneralandadministrativeexpense": 3925000000,
        "interestexpense": 192000000,
        "amortizationofintangibleassets": 80000000,
        "benefitslossesandexpenses": 30209000000,
        "incomelossfromcontinuingoperationsbeforeincometaxesextraordinaryitemsnoncontrollinginterest": 2176000000,
        "incometaxexpensebenefit": 509000000,
        "profitloss": 1667000000,
        "netincomelossattributabletononcontrollinginterest": -2000000,
        "netincomeloss": 1665000000,
        "earningspersharebasic": 6.8,
        "earningspersharediluted": 6.71,
        "commonstockdividendspersharedeclared": 1.13,
        "othercomprehensiveincomelossavailableforsalesecuritiesadjustmentnetoftax": -362000000,
        "changeinnoncreditcomponentofimpairmentlossesoninvestmentsnetoftax": 1000000,
        "othercomprehensiveincomeunrealizedgainlossonderivativesarisingduringperiodnetoftax": 4000000,
        "othercomprehensiveincomelosspensionandotherpostretirementbenefitplansadjustmentnetoftax": -10000000,
        "othercomprehensiveincomelossnetoftax": -347000000,
        "othercomprehensiveincomelossnetoftaxportionattributabletononcontrollinginterest": 2000000,
        "comprehensiveincomenetoftax": 1320000000
    },
    {
        "date": "2020-12-30",
        "symbol": "ELV",
        "period": "Q4",
        "premiumsearnednet": 27108000000,
        "productrevenue": 2899000000,
        "otherincome": 1526000000,
        "operatingrevenue": 31533000000,
        "netinvestmentincome": 286000000,
        "revenues": 31824000000,
        "policyholderbenefitsandclaimsincurrednet": 24088000000,
        "costofgoodsandservicessold": 2522000000,
        "sellinggeneralandadministrativeexpense": 4318000000,
        "interestexpense": 191000000,
        "amortizationofintangibleassets": 92000000,
        "gainslossesonextinguishmentofdebt": -2000000,
        "benefitslossesandexpenses": 31213000000,
        "incomelossfromcontinuingoperationsbeforeincometaxesextraordinaryitemsnoncontrollinginterest": 611000000,
        "incometaxexpensebenefit": 60000000,
        "netincomeloss": 551000000,
        "earningspersharebasic": 2.3000000000000016,
        "earningspersharediluted": 2.259999999999999,
        "commonstockdividendspersharedeclared": 0.9499999999999997,
        "othercomprehensiveincomeunrealizedgainlossonderivativesarisingduringperiodnetoftax": 2000000,
        "othercomprehensiveincomelosspensionandotherpostretirementbenefitplansadjustmentnetoftax": 26000000,
        "othercomprehensiveincomelossforeigncurrencytransactionandtranslationadjustmentnetoftax": 6000000,
        "othercomprehensiveincomelossnetoftaxportionattributabletoparent": 262000000,
        "comprehensiveincomenetoftax": 813000000
    },
    {
        "date": "2020-09-29",
        "symbol": "ELV",
        "period": "Q3",
        "premiumsearnednet": 26392000000,
        "productrevenue": 2598000000,
        "otherincome": 1659000000,
        "operatingrevenue": 30649000000,
        "netinvestmentincome": 280000000,
        "netrealizedlossesgainsonfinancialinstruments": 247000000,
        "impairmentlossesreversalsoninvestments": 24000000,
        "noncreditcomponentofimpairmentlossesoninvestmentsrecognizedinothercomprehensiveincomebeforetax": -6000000,
        "impairmentlossesreversalsrecognizedinearnings": 18000000,
        "revenues": 31158000000,
        "policyholderbenefitsandclaimsincurrednet": 22921000000,
        "costofgoodsandservicessold": 2222000000,
        "sellinggeneralandadministrativeexpense": 5305000000,
        "interestexpense": 198000000,
        "amortizationofintangibleassets": 93000000,
        "gainslossesonextinguishmentofdebt": -30000000,
        "benefitslossesandexpenses": 30769000000,
        "incomelossfromcontinuingoperationsbeforeincometaxesextraordinaryitemsnoncontrollinginterest": 389000000,
        "incometaxexpensebenefit": 167000000,
        "netincomeloss": 222000000,
        "earningspersharebasic": 0.88,
        "earningspersharediluted": 0.87,
        "commonstockdividendspersharedeclared": 0.95,
        "othercomprehensiveincomeunrealizedholdinggainlossonsecuritiesarisingduringperiodnetoftax": 113000000,
        "changeinnoncreditcomponentofimpairmentlossesoninvestmentsnetoftax": 16000000,
        "othercomprehensiveincomeunrealizedgainlossonderivativesarisingduringperiodnetoftax": 4000000,
        "othercomprehensiveincomelosspensionandotherpostretirementbenefitplansadjustmentnetoftax": -8000000,
        "othercomprehensiveincomelossforeigncurrencytransactionandtranslationadjustmentnetoftax": 1000000,
        "othercomprehensiveincomelossnetoftaxportionattributabletoparent": 142000000,
        "comprehensiveincomenetoftax": 364000000
    },
    {
        "date": "2020-06-29",
        "symbol": "ELV",
        "period": "Q2",
        "netincomeloss": 2276000000,
        "othercomprehensiveincomeunrealizedholdinggainlossonsecuritiesarisingduringperiodnetoftax": 730000000,
        "changeinnoncreditcomponentofimpairmentlossesoninvestmentsnetoftax": 10000000,
        "othercomprehensiveincomeunrealizedgainlossonderivativesarisingduringperiodnetoftax": 3000000,
        "othercomprehensiveincomelosspensionandotherpostretirementbenefitplansadjustmentnetoftax": -10000000,
        "othercomprehensiveincomelossforeigncurrencytransactionandtranslationadjustmentnetoftax": 1000000,
        "othercomprehensiveincomelossnetoftaxportionattributabletoparent": 754000000,
        "comprehensiveincomenetoftax": 3030000000,
        "premiumsearnednet": 25092000000,
        "productrevenue": 2543000000,
        "otherincome": 1543000000,
        "operatingrevenue": 29178000000,
        "netinvestmentincome": 57000000,
        "netrealizedlossesgainsonfinancialinstruments": 18000000,
        "impairmentlossesreversalsoninvestments": -6000000,
        "noncreditcomponentofimpairmentlossesoninvestmentsrecognizedinothercomprehensiveincomebeforetax": -5000000,
        "impairmentlossesreversalsrecognizedinearnings": -11000000,
        "revenues": 29264000000,
        "policyholderbenefitsandclaimsincurrednet": 19547000000,
        "costofgoodsandservicessold": 2225000000,
        "sellinggeneralandadministrativeexpense": 4046000000,
        "interestexpense": 201000000,
        "amortizationofintangibleassets": 93000000,
        "gainslossesonextinguishmentofdebt": -3000000,
        "benefitslossesandexpenses": 26115000000,
        "incomelossfromcontinuingoperationsbeforeincometaxesextraordinaryitemsnoncontrollinginterest": 3149000000,
        "incometaxexpensebenefit": 873000000,
        "earningspersharebasic": 9.02,
        "earningspersharediluted": 8.91,
        "commonstockdividendspersharedeclared": 0.95
    },
    {
        "date": "2020-03-30",
        "symbol": "ELV",
        "period": "Q1",
        "netincomeloss": 1523000000,
        "othercomprehensiveincomeunrealizedholdinggainlossonsecuritiesarisingduringperiodnetoftax": -689000000,
        "otherthantemporaryimpairmentlossesinvestmentsportioninothercomprehensiveincomelossnetoftaxportionattributabletoparentavailableforsalesecurities": 32000000,
        "othercomprehensiveincomeunrealizedgainlossonderivativesarisingduringperiodnetoftax": 3000000,
        "othercomprehensiveincomelosspensionandotherpostretirementbenefitplansadjustmentnetoftax": -7000000,
        "othercomprehensiveincomelossforeigncurrencytransactionandtranslationadjustmentnetoftax": -1000000,
        "othercomprehensiveincomelossnetoftaxportionattributabletoparent": -712000000,
        "comprehensiveincomenetoftax": 811000000,
        "premiumsearnednet": 25517000000,
        "productrevenue": 2344000000,
        "otherincome": 1587000000,
        "operatingrevenue": 29448000000,
        "netinvestmentincome": 254000000,
        "netrealizedlossesgainsonfinancialinstruments": -24000000,
        "otherthantemporaryimpairmentlossesinvestmentsavailableforsalesecurities": 101000000,
        "otherthantemporaryimpairmentlossesinvestmentsportioninothercomprehensiveincomelossbeforetaxincludingportionattributabletononcontrollinginterestavailableforsalesecurities": -44000000,
        "otherthantemporaryimpairmentlossesinvestmentsportionrecognizedinearningsnet": 57000000,
        "revenues": 29621000000,
        "policyholderbenefitsandclaimsincurrednet": 21489000000,
        "costofgoodsandservicessold": 1984000000,
        "sellinggeneralandadministrativeexpense": 3781000000,
        "interestexpense": 194000000,
        "amortizationofintangibleassets": 83000000,
        "gainslossesonextinguishmentofdebt": -1000000,
        "benefitslossesandexpenses": 27532000000,
        "incomelossfromcontinuingoperationsbeforeincometaxesextraordinaryitemsnoncontrollinginterest": 2089000000,
        "incometaxexpensebenefit": 566000000,
        "earningspersharebasic": 6.03,
        "earningspersharediluted": 5.94,
        "commonstockdividendspersharedeclared": 0.95
    },
    {
        "date": "2019-12-30",
        "symbol": "ELV",
        "period": "Q4",
        "netincomeloss": 934000000,
        "othercomprehensiveincomeunrealizedholdinggainlossonsecuritiesarisingduringperiodnetoftax": -31000000,
        "othercomprehensiveincomelosspensionandotherpostretirementbenefitplansadjustmentnetoftax": -16000000,
        "othercomprehensiveincomelossnetoftaxportionattributabletoparent": 3000000,
        "comprehensiveincomenetoftax": 937000000,
        "premiumsearnednet": 24036000000,
        "otherincome": 3096000000,
        "netinvestmentincome": 268000000,
        "netrealizedlossesgainsonfinancialinstruments": 24000000,
        "otherthantemporaryimpairmentlossesinvestmentsavailableforsalesecurities": 17000000,
        "otherthantemporaryimpairmentlossesinvestmentsportioninothercomprehensiveincomelossbeforetaxincludingportionattributabletononcontrollinginterestavailableforsalesecurities": 0,
        "otherthantemporaryimpairmentlossesinvestmentsportionrecognizedinearningsnet": 17000000,
        "revenues": 27407000000,
        "policyholderbenefitsandclaimsincurrednet": 21383000000,
        "sellinggeneralandadministrativeexpense": 3502000000,
        "interestexpense": 190000000,
        "amortizationofintangibleassets": 82000000,
        "benefitslossesandexpenses": 26309000000,
        "incomelossfromcontinuingoperationsbeforeincometaxesextraordinaryitemsnoncontrollinginterest": 1098000000,
        "incometaxexpensebenefit": 164000000,
        "earningspersharebasic": 3.7,
        "earningspersharediluted": 3.639999999999999,
        "commonstockdividendspersharedeclared": 0.8000000000000003
    },
    {
        "date": "2019-09-29",
        "symbol": "ELV",
        "period": "Q3",
        "netincomeloss": 1183000000,
        "othercomprehensiveincomeunrealizedholdinggainlossonsecuritiesarisingduringperiodnetoftax": 116000000,
        "othercomprehensiveincomelosspensionandotherpostretirementbenefitplansadjustmentnetoftax": -4000000,
        "othercomprehensiveincomelossnetoftaxportionattributabletoparent": 84000000,
        "comprehensiveincomenetoftax": 1267000000,
        "premiumsearnednet": 23793000000,
        "otherincome": 2651000000,
        "netinvestmentincome": 242000000,
        "netrealizedlossesgainsonfinancialinstruments": 1000000,
        "otherthantemporaryimpairmentlossesinvestmentsavailableforsalesecurities": 14000000,
        "otherthantemporaryimpairmentlossesinvestmentsportioninothercomprehensiveincomelossbeforetaxincludingportionattributabletononcontrollinginterestavailableforsalesecurities": -1000000,
        "otherthantemporaryimpairmentlossesinvestmentsportionrecognizedinearningsnet": 13000000,
        "revenues": 26674000000,
        "policyholderbenefitsandclaimsincurrednet": 20753000000,
        "sellinggeneralandadministrativeexpense": 3418000000,
        "interestexpense": 185000000,
        "amortizationofintangibleassets": 84000000,
        "benefitslossesandexpenses": 25185000000,
        "incomelossfromcontinuingoperationsbeforeincometaxesextraordinaryitemsnoncontrollinginterest": 1489000000,
        "incometaxexpensebenefit": 306000000,
        "earningspersharebasic": 4.639999999999998,
        "earningspersharediluted": 4.550000000000001,
        "commonstockdividendspersharedeclared": 0.7999999999999998
    },
    {
        "date": "2019-06-29",
        "symbol": "ELV",
        "period": "Q2",
        "netincomeloss": 1139000000,
        "othercomprehensiveincomeunrealizedholdinggainlossonsecuritiesarisingduringperiodnetoftax": 238000000,
        "othercomprehensiveincomeunrealizedgainlossonderivativesarisingduringperiodnetoftax": 0,
        "othercomprehensiveincomelosspensionandotherpostretirementbenefitplansadjustmentnetoftax": -3000000,
        "othercomprehensiveincomelossnetoftaxportionattributabletoparent": 240000000,
        "comprehensiveincomenetoftax": 1379000000,
        "premiumsearnednet": 23501000000,
        "otherincome": 1676000000,
        "netinvestmentincome": 285000000,
        "netrealizedlossesgainsonfinancialinstruments": 10000000,
        "otherthantemporaryimpairmentlossesinvestmentsavailableforsalesecurities": 9000000,
        "otherthantemporaryimpairmentlossesinvestmentsportioninothercomprehensiveincomelossbeforetaxincludingportionattributabletononcontrollinginterestavailableforsalesecurities": -2000000,
        "otherthantemporaryimpairmentlossesinvestmentsportionrecognizedinearningsnet": 7000000,
        "revenues": 25466000000,
        "policyholderbenefitsandclaimsincurrednet": 20368000000,
        "sellinggeneralandadministrativeexpense": 3278000000,
        "interestexpense": 184000000,
        "amortizationofintangibleassets": 85000000,
        "gainslossesonextinguishmentofdebt": 0,
        "benefitslossesandexpenses": 24013000000,
        "incomelossfromcontinuingoperationsbeforeincometaxesextraordinaryitemsnoncontrollinginterest": 1453000000,
        "incometaxexpensebenefit": 314000000,
        "earningspersharebasic": 4.44,
        "earningspersharediluted": 4.369999999999999,
        "commonstockdividendspersharedeclared": 0.8
    },
    {
        "date": "2019-03-30",
        "symbol": "ELV",
        "period": "Q1",
        "netincomeloss": 1551000000,
        "othercomprehensiveincomeunrealizedholdinggainlossonsecuritiesarisingduringperiodnetoftax": 357000000,
        "othercomprehensiveincomeunrealizedgainlossonderivativesarisingduringperiodnetoftax": 3000000,
        "othercomprehensiveincomelosspensionandotherpostretirementbenefitplansadjustmentnetoftax": -3000000,
        "othercomprehensiveincomelossnetoftaxportionattributabletoparent": 363000000,
        "comprehensiveincomenetoftax": 1914000000,
        "premiumsearnednet": 22843000000,
        "otherincome": 1545000000,
        "insuranceservicesrevenue": 3000000,
        "netinvestmentincome": 210000000,
        "netrealizedlossesgainsonfinancialinstruments": 79000000,
        "otherthantemporaryimpairmentlossesinvestmentsavailableforsalesecurities": 13000000,
        "otherthantemporaryimpairmentlossesinvestmentsportioninothercomprehensiveincomelossbeforetaxincludingportionattributabletononcontrollinginterestavailableforsalesecurities": -3000000,
        "otherthantemporaryimpairmentlossesinvestmentsportionrecognizedinearningsnet": 10000000,
        "revenues": 24666000000,
        "policyholderbenefitsandclaimsincurrednet": 19282000000,
        "sellinggeneralandadministrativeexpense": 3166000000,
        "interestexpense": 187000000,
        "amortizationofintangibleassets": 87000000,
        "gainslossesonextinguishmentofdebt": 1000000,
        "benefitslossesandexpenses": 22721000000,
        "incomelossfromcontinuingoperationsbeforeincometaxesextraordinaryitemsnoncontrollinginterest": 1945000000,
        "incometaxexpensebenefit": 394000000,
        "earningspersharebasic": 6.03,
        "earningspersharediluted": 5.91,
        "commonstockdividendspersharedeclared": 0.8
    },
    {
        "date": "2018-09-29",
        "symbol": "ELV",
        "period": "Q3",
        "netincomeloss": 960000000,
        "othercomprehensiveincomeunrealizedholdinggainlossonsecuritiesarisingduringperiodnetoftax": -36000000,
        "otherthantemporaryimpairmentlossesinvestmentsportioninothercomprehensiveincomelossnetoftaxportionattributabletoparentavailableforsalesecurities": 2000000,
        "othercomprehensiveincomeunrealizedgainlossonderivativesarisingduringperiodnetoftax": 2000000,
        "othercomprehensiveincomelosspensionandotherpostretirementbenefitplansadjustmentnetoftax": -7000000,
        "othercomprehensiveincomelossnetoftaxportionattributabletoparent": -29000000,
        "comprehensiveincomenetoftax": 931000000,
        "premiumsearnednet": 21451000000,
        "otherincome": 1529000000,
        "insuranceservicesrevenue": 11000000,
        "netinvestmentincome": 250000000,
        "netrealizedgainslossesonfinancialinstruments": 27000000,
        "otherthantemporaryimpairmentlossesinvestmentsavailableforsalesecurities": 8000000,
        "otherthantemporaryimpairmentlossesinvestmentsportioninothercomprehensiveincomelossbeforetaxincludingportionattributabletononcontrollinginterestavailableforsalesecurities": -2000000,
        "otherthantemporaryimpairmentlossesinvestmentsportionrecognizedinearningsnet": 6000000,
        "revenues": 23251000000,
        "policyholderbenefitsandclaimsincurrednet": 18185000000,
        "sellingexpense": 330000000,
        "generalandadministrativeexpense": 3216000000,
        "sellinggeneralandadministrativeexpense": 3546000000,
        "interestexpense": 188000000,
        "amortizationofintangibleassets": 91000000,
        "gainslossesonextinguishmentofdebt": 1000000,
        "benefitslossesandexpenses": 22009000000,
        "incomelossfromcontinuingoperationsbeforeincometaxesextraordinaryitemsnoncontrollinginterest": 1242000000,
        "incometaxexpensebenefit": 282000000,
        "earningspersharebasic": 3.7,
        "earningspersharediluted": 3.62,
        "commonstockdividendspersharedeclared": 0.75
    },
    {
        "date": "2018-06-29",
        "symbol": "ELV",
        "period": "Q2",
        "netincomeloss": 1053400000,
        "othercomprehensiveincomeunrealizedholdinggainlossonsecuritiesarisingduringperiodnetoftax": -72000000,
        "otherthantemporaryimpairmentlossesinvestmentsportioninothercomprehensiveincomelossnetoftaxportionattributabletoparentavailableforsalesecurities": 0,
        "othercomprehensiveincomeunrealizedgainlossonderivativesarisingduringperiodnetoftax": 2900000,
        "othercomprehensiveincomelosspensionandotherpostretirementbenefitplansadjustmentnetoftax": -7700000,
        "othercomprehensiveincomelossforeigncurrencytransactionandtranslationadjustmentnetoftax": -800000,
        "othercomprehensiveincomelossnetoftaxportionattributabletoparent": -62200000,
        "comprehensiveincomenetoftax": 991200000,
        "premiumsearnednet": 21248400000,
        "salesrevenueservicesnet": 1497100000,
        "insuranceservicesrevenue": 8200000,
        "netinvestmentincome": 229300000,
        "netrealizedgainslossesonfinancialinstruments": -16800000,
        "otherthantemporaryimpairmentlossesinvestmentsavailableforsalesecurities": 4400000,
        "otherthantemporaryimpairmentlossesinvestmentsportionrecognizedinearningsnet": 4400000,
        "revenues": 22943700000,
        "policyholderbenefitsandclaimsincurrednet": 17727800000,
        "sellingexpense": 323600000,
        "generalandadministrativeexpense": 3104400000,
        "sellinggeneralandadministrativeexpense": 3428000000,
        "interestexpense": 191700000,
        "amortizationofintangibleassets": 93600000,
        "gainslossesonextinguishmentofdebt": -37300000,
        "benefitslossesandexpenses": 21440200000,
        "incomelossfromcontinuingoperationsbeforeincometaxesextraordinaryitemsnoncontrollinginterest": 1503500000,
        "incometaxexpensebenefit": 450100000,
        "earningspersharebasic": 4.069999999999999,
        "earningspersharediluted": 3.9800000000000004,
        "commonstockdividendspersharedeclared": 0.75
    },
    {
        "date": "2018-03-30",
        "symbol": "ELV",
        "period": "Q1",
        "netincomeloss": 1312500000,
        "othercomprehensiveincomeunrealizedholdinggainlossonsecuritiesarisingduringperiodnetoftax": -244700000,
        "otherthantemporaryimpairmentlossesinvestmentsportioninothercomprehensiveincomelossnetoftaxportionattributabletoparentavailableforsalesecurities": -200000,
        "othercomprehensiveincomeunrealizedgainlossonderivativesarisingduringperiodnetoftax": 28800000,
        "othercomprehensiveincomelosspensionandotherpostretirementbenefitplansadjustmentnetoftax": -7700000,
        "othercomprehensiveincomelossforeigncurrencytransactionandtranslationadjustmentnetoftax": 400000,
        "othercomprehensiveincomelossnetoftaxportionattributabletoparent": -207600000,
        "comprehensiveincomenetoftax": 1104900000,
        "premiumsearnednet": 20902800000,
        "salesrevenueservicesnet": 1408800000,
        "otherincome": 30700000,
        "insuranceservicesrevenue": 13500000,
        "netinvestmentincome": 229200000,
        "netrealizedgainslossesonfinancialinstruments": -43000000,
        "otherthantemporaryimpairmentlossesinvestmentsavailableforsalesecurities": 7900000,
        "otherthantemporaryimpairmentlossesinvestmentsportionrecognizedinearningsnet": 7900000,
        "revenues": 22537500000,
        "policyholderbenefitsandclaimsincurrednet": 17045900000,
        "sellingexpense": 318200000,
        "generalandadministrativeexpense": 3110300000,
        "sellinggeneralandadministrativeexpense": 3428500000,
        "interestexpense": 184200000,
        "amortizationofintangibleassets": 79500000,
        "gainslossesonextinguishmentofdebt": 19100000,
        "benefitslossesandexpenses": 20757200000,
        "incomelossfromcontinuingoperationsbeforeincometaxesextraordinaryitemsnoncontrollinginterest": 1780300000,
        "incometaxexpensebenefit": 467800000,
        "earningspersharebasic": 5.13,
        "earningspersharediluted": 4.99,
        "commonstockdividendspersharedeclared": 0.75
    },
    {
        "date": "2017-09-29",
        "symbol": "ELV",
        "period": "Q3",
        "netincomeloss": 746900000,
        "othercomprehensiveincomeunrealizedholdinggainlossonsecuritiesarisingduringperiodnetoftax": 8600000,
        "otherthantemporaryimpairmentlossesinvestmentsportioninothercomprehensiveincomelossnetoftaxportionattributabletoparentavailableforsalesecurities": 0,
        "othercomprehensiveincomeunrealizedgainlossonderivativesarisingduringperiodnetoftax": -4900000,
        "othercomprehensiveincomelosspensionandotherpostretirementbenefitplansadjustmentnetoftax": -4700000,
        "othercomprehensiveincomelossforeigncurrencytransactionandtranslationadjustmentnetoftax": 500000,
        "othercomprehensiveincomelossnetoftaxportionattributabletoparent": 8900000,
        "comprehensiveincomenetoftax": 755800000,
        "premiumsearnednet": 20797000000,
        "salesrevenueservicesnet": 1289200000,
        "otherincome": 10500000,
        "insuranceservicesrevenue": 7300000,
        "netinvestmentincome": 220200000,
        "netrealizedgainslossesonfinancialinstruments": 114700000,
        "otherthantemporaryimpairmentlossesinvestmentsavailableforsalesecurities": 5600000,
        "otherthantemporaryimpairmentlossesinvestmentsportioninothercomprehensiveincomelossbeforetaxincludingportionattributabletononcontrollinginterestavailableforsalesecurities": 0,
        "otherthantemporaryimpairmentlossesinvestmentsportionrecognizedinearningsnet": 5600000,
        "revenues": 22426000000,
        "policyholderbenefitsandclaimsincurrednet": 18103600000,
        "sellingexpense": 347900000,
        "generalandadministrativeexpense": 2663200000,
        "sellinggeneralandadministrativeexpense": 3011100000,
        "interestexpense": 150500000,
        "amortizationofintangibleassets": 41900000,
        "benefitslossesandexpenses": 21307100000,
        "incomelossfromcontinuingoperationsbeforeincometaxesextraordinaryitemsnoncontrollinginterest": 1118900000,
        "incometaxexpensebenefit": 372000000,
        "earningspersharebasic": 2.8699999999999997,
        "earningspersharediluted": 2.809999999999999,
        "commonstockdividendspersharedeclared": 0.7000000000000001
    },
    {
        "date": "2017-06-29",
        "symbol": "ELV",
        "period": "Q2",
        "netincomeloss": 855300000,
        "othercomprehensiveincomeunrealizedholdinggainlossonsecuritiesarisingduringperiodnetoftax": 100900000,
        "otherthantemporaryimpairmentlossesinvestmentsportioninothercomprehensiveincomelossnetoftaxportionattributabletoparentavailableforsalesecurities": -900000,
        "othercomprehensiveincomeunrealizedgainlossonderivativesarisingduringperiodnetoftax": -79800000,
        "othercomprehensiveincomelosspensionandotherpostretirementbenefitplansadjustmentnetoftax": -4200000,
        "othercomprehensiveincomelossforeigncurrencytransactionandtranslationadjustmentnetoftax": 700000,
        "othercomprehensiveincomelossnetoftaxportionattributabletoparent": 26900000,
        "comprehensiveincomenetoftax": 882200000,
        "premiumsearnednet": 20813100000,
        "salesrevenueservicesnet": 1378900000,
        "otherincome": 6000000,
        "insuranceservicesrevenue": 5800000,
        "netinvestmentincome": 200200000,
        "netrealizedgainslossesonfinancialinstruments": 16200000,
        "otherthantemporaryimpairmentlossesinvestmentsavailableforsalesecurities": 7300000,
        "otherthantemporaryimpairmentlossesinvestmentsportioninothercomprehensiveincomelossbeforetaxincludingportionattributabletononcontrollinginterestavailableforsalesecurities": -100000,
        "otherthantemporaryimpairmentlossesinvestmentsportionrecognizedinearningsnet": 7200000,
        "revenues": 22407200000,
        "policyholderbenefitsandclaimsincurrednet": 17917200000,
        "sellingexpense": 345500000,
        "generalandadministrativeexpense": 2708300000,
        "sellinggeneralandadministrativeexpense": 3053800000,
        "interestexpense": 189900000,
        "amortizationofintangibleassets": 40600000,
        "benefitslossesandexpenses": 21201500000,
        "incomelossfromcontinuingoperationsbeforeincometaxesextraordinaryitemsnoncontrollinginterest": 1205700000,
        "incometaxexpensebenefit": 350400000,
        "earningspersharebasic": 3.23,
        "earningspersharediluted": 3.16,
        "commonstockdividendspersharedeclared": 0.65
    },
    {
        "date": "2017-03-30",
        "symbol": "ELV",
        "period": "Q1",
        "netincomeloss": 1009900000,
        "othercomprehensiveincomeunrealizedholdinggainlossonsecuritiesarisingduringperiodnetoftax": 80200000,
        "otherthantemporaryimpairmentlossesinvestmentsportioninothercomprehensiveincomelossnetoftaxportionattributabletoparentavailableforsalesecurities": -3600000,
        "othercomprehensiveincomeunrealizedgainlossonderivativesarisingduringperiodnetoftax": 17000000,
        "othercomprehensiveincomelosspensionandotherpostretirementbenefitplansadjustmentnetoftax": -3900000,
        "othercomprehensiveincomelossforeigncurrencytransactionandtranslationadjustmentnetoftax": 1400000,
        "othercomprehensiveincomelossnetoftaxportionattributabletoparent": 106100000,
        "comprehensiveincomenetoftax": 1116000000,
        "premiumsearnednet": 20951300000,
        "salesrevenueservicesnet": 1363200000,
        "otherincome": 5000000,
        "insuranceservicesrevenue": 4200000,
        "netinvestmentincome": 207200000,
        "netrealizedgainslossesonfinancialinstruments": 7300000,
        "otherthantemporaryimpairmentlossesinvestmentsavailableforsalesecurities": 9600000,
        "otherthantemporaryimpairmentlossesinvestmentsportioninothercomprehensiveincomelossbeforetaxincludingportionattributabletononcontrollinginterestavailableforsalesecurities": -1500000,
        "otherthantemporaryimpairmentlossesinvestmentsportionrecognizedinearningsnet": 8100000,
        "revenues": 22525900000,
        "policyholderbenefitsandclaimsincurrednet": 17542800000,
        "sellingexpense": 348600000,
        "generalandadministrativeexpense": 2842700000,
        "sellinggeneralandadministrativeexpense": 3191300000,
        "interestexpense": 235000000,
        "amortizationofintangibleassets": 41800000,
        "benefitslossesandexpenses": 21010900000,
        "incomelossfromcontinuingoperationsbeforeincometaxesextraordinaryitemsnoncontrollinginterest": 1515000000,
        "incometaxexpensebenefit": 505100000,
        "earningspersharebasic": 3.82,
        "earningspersharediluted": 3.73,
        "commonstockdividendspersharedeclared": 0.65
    },
    {
        "date": "2016-09-29",
        "symbol": "ELV",
        "period": "Q3",
        "netincomeloss": 617800000,
        "othercomprehensiveincomeunrealizedholdinggainlossonsecuritiesarisingduringperiodnetoftax": 5300000,
        "otherthantemporaryimpairmentcreditlossesrecognizedinearningsperiodincreasedecrease": -9300000,
        "othercomprehensiveincomeunrealizedgainlossonderivativesarisingduringperiodnetoftax": -17200000,
        "othercomprehensiveincomelosspensionandotherpostretirementbenefitplansadjustmentnetoftax": -3200000,
        "othercomprehensiveincomelossforeigncurrencytransactionandtranslationadjustmentnetoftax": 400000,
        "othercomprehensiveincomelossnetoftaxportionattributabletoparent": 1000000,
        "comprehensiveincomenetoftax": 618800000,
        "premiumsearnednet": 19786100000,
        "salesrevenueservicesnet": 1330000000,
        "otherincome": 9100000,
        "insuranceservicesrevenue": 6000000,
        "netinvestmentincome": 200900000,
        "netrealizedgainslossesonfinancialinstruments": 88800000,
        "otherthantemporaryimpairmentlossesinvestmentsavailableforsalesecurities": 15100000,
        "otherthantemporaryimpairmentlossesinvestmentsportioninothercomprehensiveincomelossbeforetaxincludingportionattributabletononcontrollinginterestavailableforsalesecurities": -4100000,
        "otherthantemporaryimpairmentlossesinvestmentsportionrecognizedinearningsnet": 11000000,
        "revenues": 21403900000,
        "policyholderbenefitsandclaimsincurrednet": 16922500000,
        "sellingexpense": 338500000,
        "generalandadministrativeexpense": 2786100000,
        "sellinggeneralandadministrativeexpense": 3124600000,
        "interestexpense": 172900000,
        "amortizationofintangibleassets": 47400000,
        "benefitslossesandexpenses": 20267400000,
        "incomelossfromcontinuingoperationsbeforeincometaxesextraordinaryitemsnoncontrollinginterest": 1136500000,
        "incometaxexpensebenefit": 518700000,
        "earningspersharebasic": 2.35,
        "earningspersharediluted": 2.3,
        "commonstockdividendspersharedeclared": 0.65
    },
    {
        "date": "2016-06-29",
        "symbol": "ELV",
        "period": "Q2",
        "netincomeloss": 780600000,
        "othercomprehensiveincomeunrealizedholdinggainlossonsecuritiesarisingduringperiodnetoftax": 209800000,
        "otherthantemporaryimpairmentlossesinvestmentsportioninothercomprehensiveincomelossnetoftaxincludingportionattributabletononcontrollinginterestavailableforsalesecurities": 5400000,
        "othercomprehensiveincomeunrealizedgainlossonderivativesarisingduringperiodnetoftax": -190000000,
        "othercomprehensiveincomelosspensionandotherpostretirementbenefitplansadjustmentnetoftax": -3800000,
        "othercomprehensiveincomelossforeigncurrencytransactionandtranslationadjustmentnetoftax": -700000,
        "othercomprehensiveincomelossnetoftaxportionattributabletoparent": 17500000,
        "comprehensiveincomenetoftax": 798100000,
        "premiumsearnednet": 19948000000,
        "salesrevenueservicesnet": 1315800000,
        "otherincome": 10700000,
        "insuranceservicesrevenue": 5100000,
        "netinvestmentincome": 194900000,
        "netrealizedgainslossesonfinancialinstruments": 12500000,
        "otherthantemporaryimpairmentlossesinvestmentsavailableforsalesecurities": 33800000,
        "otherthantemporaryimpairmentlossesinvestmentsportioninothercomprehensiveincomelossbeforetaxincludingportionattributabletononcontrollinginterestavailableforsalesecurities": -8100000,
        "otherthantemporaryimpairmentlossesinvestmentsportionrecognizedinearningsnet": 25700000,
        "revenues": 21456200000,
        "policyholderbenefitsandclaimsincurrednet": 16805200000,
        "sellingexpense": 351500000,
        "generalandadministrativeexpense": 2617600000,
        "sellinggeneralandadministrativeexpense": 2969100000,
        "interestexpense": 185700000,
        "amortizationofintangibleassets": 47900000,
        "benefitslossesandexpenses": 20007900000,
        "incomelossfromcontinuingoperationsbeforeincometaxesextraordinaryitemsnoncontrollinginterest": 1448300000,
        "incometaxexpensebenefit": 667700000,
        "earningspersharebasic": 2.97,
        "earningspersharediluted": 2.91,
        "commonstockdividendspersharedeclared": 0.65
    },
    {
        "date": "2016-03-30",
        "symbol": "ELV",
        "period": "Q1",
        "netincomeloss": 703000000,
        "othercomprehensiveincomeunrealizedholdinggainlossonsecuritiesarisingduringperiodnetoftax": 172300000,
        "otherthantemporaryimpairmentlossesinvestmentsportioninothercomprehensiveincomelossnetoftaxincludingportionattributabletononcontrollinginterestavailableforsalesecurities": 1700000,
        "othercomprehensiveincomeunrealizedgainlossonderivativesarisingduringperiodnetoftax": -265500000,
        "othercomprehensiveincomelosspensionandotherpostretirementbenefitplansadjustmentnetoftax": -3800000,
        "othercomprehensiveincomelossforeigncurrencytransactionandtranslationadjustmentnetoftax": 1300000,
        "othercomprehensiveincomelossnetoftaxportionattributabletoparent": -89800000,
        "comprehensiveincomenetoftax": 613200000,
        "premiumsearnednet": 18988900000,
        "salesrevenueservicesnet": 1311000000,
        "otherincome": 9500000,
        "insuranceservicesrevenue": 5700000,
        "netinvestmentincome": 171100000,
        "realizedinvestmentgainslosses": -125100000,
        "otherthantemporaryimpairmentlossesinvestmentsavailableforsalesecurities": 85200000,
        "otherthantemporaryimpairmentlossesinvestmentsportioninothercomprehensiveincomelossbeforetaxincludingportionattributabletononcontrollinginterestavailableforsalesecurities": -18300000,
        "otherthantemporaryimpairmentlossesinvestmentsportionrecognizedinearningsnet": 66900000,
        "revenues": 20288500000,
        "policyholderbenefitsandclaimsincurrednet": 15538800000,
        "sellingexpense": 349900000,
        "generalandadministrativeexpense": 2850300000,
        "sellinggeneralandadministrativeexpense": 3200200000,
        "interestexpense": 187100000,
        "amortizationofintangibleassets": 50400000,
        "benefitslossesandexpenses": 18976500000,
        "incomelossfromcontinuingoperationsbeforeincometaxesextraordinaryitemsnoncontrollinginterest": 1312000000,
        "incometaxexpensebenefit": 609000000,
        "earningspersharebasic": 2.69,
        "earningspersharediluted": 2.63,
        "commonstockdividendspersharedeclared": 0.65
    },
    {
        "date": "2015-09-29",
        "symbol": "ELV",
        "period": "Q3",
        "netincomeloss": 654800000,
        "othercomprehensiveincomeunrealizedholdinggainlossonsecuritiesarisingduringperiodnetoftax": -141200000,
        "otherthantemporaryimpairmentlossesinvestmentsportioninothercomprehensiveincomelossnetoftaxincludingportionattributabletononcontrollinginterestavailableforsalesecurities": 4900000,
        "othercomprehensiveincomeunrealizedgainlossonderivativesarisingduringperiodnetoftax": -76500000,
        "othercomprehensiveincomelosspensionandotherpostretirementbenefitplansadjustmentnetoftax": -5600000,
        "othercomprehensiveincomelossforeigncurrencytransactionandtranslationadjustmentnetoftax": 400000,
        "othercomprehensiveincomelossnetoftaxportionattributabletoparent": -216600000,
        "comprehensiveincomenetoftax": 438200000,
        "premiumsearnednet": 18513000000,
        "salesrevenueservicesnet": 1249600000,
        "otherincome": 8800000,
        "insuranceservicesrevenue": 5200000,
        "netinvestmentincome": 161200000,
        "realizedinvestmentgainslosses": -11900000,
        "otherthantemporaryimpairmentlossesinvestmentsavailableforsalesecurities": 26600000,
        "otherthantemporaryimpairmentlossesinvestmentsportioninothercomprehensiveincomelossbeforetaxincludingportionattributabletononcontrollinginterestavailableforsalesecurities": -7500000,
        "otherthantemporaryimpairmentlossesinvestmentsportionrecognizedinearningsnet": 19100000,
        "revenues": 19901600000,
        "policyholderbenefitsandclaimsincurrednet": 15469100000,
        "sellingexpense": 359100000,
        "generalandadministrativeexpense": 2721300000,
        "sellinggeneralandadministrativeexpense": 3080400000,
        "interestexpense": 164800000,
        "amortizationofintangibleassets": 60000000,
        "gainslossesonextinguishmentofdebt": 2300000,
        "benefitslossesandexpenses": 18772000000,
        "incomelossfromcontinuingoperationsbeforeincometaxesextraordinaryitemsnoncontrollinginterest": 1129600000,
        "incometaxexpensebenefit": 474800000,
        "incomelossfromcontinuingoperations": 654800000,
        "incomelossfromcontinuingoperationsperbasicshare": 2.51,
        "earningspersharebasic": 2.51,
        "incomelossfromcontinuingoperationsperdilutedshare": 2.43,
        "earningspersharediluted": 2.43,
        "commonstockdividendspersharedeclared": 0.625
    },
    {
        "date": "2015-06-29",
        "symbol": "ELV",
        "period": "Q2",
        "netincomeloss": 859100000,
        "othercomprehensiveincomeunrealizedholdinggainlossonsecuritiesarisingduringperiodnetoftax": -241200000,
        "otherthantemporaryimpairmentlossesinvestmentsportioninothercomprehensiveincomelossnetoftaxincludingportionattributabletononcontrollinginterestavailableforsalesecurities": 2800000,
        "othercomprehensiveincomeunrealizedgainlossonderivativesarisingduringperiodnetoftax": 900000,
        "othercomprehensiveincomelosspensionandotherpostretirementbenefitplansadjustmentnetoftax": -4900000,
        "othercomprehensiveincomelossforeigncurrencytransactionandtranslationadjustmentnetoftax": 700000,
        "othercomprehensiveincomelossnetoftaxportionattributabletoparent": -237500000,
        "comprehensiveincomenetoftax": 621600000,
        "premiumsearnednet": 18516300000,
        "salesrevenueservicesnet": 1229500000,
        "otherincome": 12500000,
        "insuranceservicesrevenue": 5100000,
        "netinvestmentincome": 186700000,
        "realizedinvestmentgainslosses": 92300000,
        "otherthantemporaryimpairmentlossesinvestmentsavailableforsalesecurities": 26200000,
        "otherthantemporaryimpairmentlossesinvestmentsportioninothercomprehensiveincomelossbeforetaxincludingportionattributabletononcontrollinginterestavailableforsalesecurities": -4400000,
        "otherthantemporaryimpairmentlossesinvestmentsportionrecognizedinearningsnet": 21800000,
        "revenues": 20015500000,
        "policyholderbenefitsandclaimsincurrednet": 15205400000,
        "sellingexpense": 363800000,
        "generalandadministrativeexpense": 2677000000,
        "sellinggeneralandadministrativeexpense": 3040800000,
        "interestexpense": 154100000,
        "amortizationofintangibleassets": 60100000,
        "gainslossesonextinguishmentofdebt": 2900000,
        "benefitslossesandexpenses": 18457500000,
        "incomelossfromcontinuingoperationsbeforeincometaxesextraordinaryitemsnoncontrollinginterest": 1558000000,
        "incometaxexpensebenefit": 698900000,
        "incomelossfromcontinuingoperations": 859100000,
        "incomelossfromcontinuingoperationsperbasicshare": 3.27,
        "earningspersharebasic": 3.27,
        "incomelossfromcontinuingoperationsperdilutedshare": 3.13,
        "earningspersharediluted": 3.13,
        "commonstockdividendspersharedeclared": 0.625
    },
    {
        "date": "2015-03-30",
        "symbol": "ELV",
        "period": "Q1",
        "netincomeloss": 865200000,
        "othercomprehensiveincomeunrealizedholdinggainlossonsecuritiesarisingduringperiodnetoftax": 60400000,
        "otherthantemporaryimpairmentlossesinvestmentsportioninothercomprehensiveincomelossnetoftaxincludingportionattributabletononcontrollinginterestavailableforsalesecurities": -3500000,
        "othercomprehensiveincomeunrealizedgainlossonderivativesarisingduringperiodnetoftax": 900000,
        "othercomprehensiveincomelosspensionandotherpostretirementbenefitplansadjustmentnetoftax": -4700000,
        "othercomprehensiveincomelossforeigncurrencytransactionandtranslationadjustmentnetoftax": -3500000,
        "othercomprehensiveincomelossnetoftaxportionattributabletoparent": 66000000,
        "comprehensiveincomenetoftax": 931200000,
        "premiumsearnednet": 17610500000,
        "salesrevenueservicesnet": 1227100000,
        "otherincome": 13800000,
        "insuranceservicesrevenue": 4400000,
        "netinvestmentincome": 167600000,
        "realizedinvestmentgainslosses": 46500000,
        "otherthantemporaryimpairmentlossesinvestmentsavailableforsalesecurities": 15400000,
        "otherthantemporaryimpairmentlossesinvestmentsportioninothercomprehensiveincomelossbeforetaxincludingportionattributabletononcontrollinginterestavailableforsalesecurities": -1400000,
        "otherthantemporaryimpairmentlossesinvestmentsportionrecognizedinearningsnet": 14000000,
        "revenues": 19051500000,
        "policyholderbenefitsandclaimsincurrednet": 14126900000,
        "sellingexpense": 368200000,
        "generalandadministrativeexpense": 2777000000,
        "sellinggeneralandadministrativeexpense": 3145200000,
        "interestexpense": 154400000,
        "amortizationofintangibleassets": 52500000,
        "gainslossesonextinguishmentofdebt": -3400000,
        "benefitslossesandexpenses": 17482400000,
        "incomelossfromcontinuingoperationsbeforeincometaxesextraordinaryitemsnoncontrollinginterest": 1569100000,
        "incometaxexpensebenefit": 703900000,
        "incomelossfromcontinuingoperations": 865200000,
        "incomelossfromcontinuingoperationsperbasicshare": 3.25,
        "earningspersharebasic": 3.25,
        "incomelossfromcontinuingoperationsperdilutedshare": 3.09,
        "earningspersharediluted": 3.09,
        "commonstockdividendspersharedeclared": 0.625
    },
    {
        "date": "2014-09-29",
        "symbol": "ELV",
        "period": "Q3",
        "netincomeloss": 630900000,
        "othercomprehensiveincomeunrealizedholdinggainlossonsecuritiesarisingduringperiodnetoftax": -133300000,
        "othercomprehensiveincomeunrealizedgainlossonderivativesarisingduringperiodnetoftax": -5900000,
        "othercomprehensiveincomelosspensionandotherpostretirementbenefitplansadjustmentnetoftax": -3000000,
        "othercomprehensiveincomelossforeigncurrencytransactionandtranslationadjustmentnetoftax": -2400000,
        "othercomprehensiveincomelossnetoftaxportionattributabletoparent": -141900000,
        "comprehensiveincomenetoftax": 489000000,
        "premiumsearnednet": 17226000000,
        "salesrevenueservicesnet": 1134400000,
        "otherincome": 10300000,
        "insuranceservicesrevenue": 6200000,
        "netinvestmentincome": 174400000,
        "realizedinvestmentgainslosses": 25700000,
        "otherthantemporaryimpairmentlossesinvestmentsavailableforsalesecurities": 19400000,
        "otherthantemporaryimpairmentlossesinvestmentsportionrecognizedinearningsnet": 13800000,
        "revenues": 18557000000,
        "policyholderbenefitsandclaimsincurrednet": 14211100000,
        "sellingexpense": 374300000,
        "generalandadministrativeexpense": 2594000000,
        "sellinggeneralandadministrativeexpense": 2968300000,
        "interestexpense": 155300000,
        "amortizationofintangibleassets": 60300000,
        "gainslossesonextinguishmentofdebt": 3700000,
        "benefitslossesandexpenses": 17469800000,
        "incomelossfromcontinuingoperationsbeforeincometaxesextraordinaryitemsnoncontrollinginterest": 1087200000,
        "incometaxexpensebenefit": 456300000,
        "incomelossfromcontinuingoperations": 630900000,
        "incomelossfromcontinuingoperationsperbasicshare": 2.32,
        "earningspersharebasic": 2.3200000000000003,
        "incomelossfromcontinuingoperationsperdilutedshare": 2.2300000000000004,
        "earningspersharediluted": 2.229999999999999,
        "commonstockdividendspersharedeclared": 0.4375
    },
    {
        "date": "2014-06-29",
        "symbol": "ELV",
        "period": "Q2",
        "netincomeloss": 731100000,
        "othercomprehensiveincomeunrealizedholdinggainlossonsecuritiesarisingduringperiodnetoftax": 144600000,
        "othercomprehensiveincomeunrealizedgainlossonderivativesarisingduringperiodnetoftax": 800000,
        "othercomprehensiveincomelosspensionandotherpostretirementbenefitplansadjustmentnetoftax": -3000000,
        "othercomprehensiveincomelossforeigncurrencytransactionandtranslationadjustmentnetoftax": -300000,
        "othercomprehensiveincomelossnetoftaxportionattributabletoparent": 147600000,
        "comprehensiveincomenetoftax": 878700000,
        "premiumsearnednet": 17068900000,
        "salesrevenueservicesnet": 1151600000,
        "otherincome": 9500000,
        "insuranceservicesrevenue": -7929600000,
        "netinvestmentincome": 188500000,
        "realizedinvestmentgainslosses": 65800000,
        "otherthantemporaryimpairmentlossesinvestmentsavailableforsalesecurities": 11700000,
        "otherthantemporaryimpairmentlossesinvestmentsportionrecognizedinearningsnet": 10900000,
        "revenues": 18473400000,
        "policyholderbenefitsandclaimsincurrednet": 14121300000,
        "sellingexpense": 388700000,
        "generalandadministrativeexpense": 2497100000,
        "sellinggeneralandadministrativeexpense": 2885800000,
        "interestexpense": 145600000,
        "amortizationofintangibleassets": 54000000,
        "gainslossesonextinguishmentofdebt": -3000000,
        "benefitslossesandexpenses": 17209700000,
        "incomelossfromcontinuingoperationsbeforeincometaxesextraordinaryitemsnoncontrollinginterest": 1263700000,
        "incometaxexpensebenefit": 532600000,
        "incomelossfromcontinuingoperations": 731100000,
        "incomelossfromdiscontinuedoperationsnetoftax": 0,
        "incomelossfromcontinuingoperationsperbasicshare": 2.64,
        "incomelossfromdiscontinuedoperationsnetoftaxperbasicshare": 0,
        "earningspersharebasic": 2.6399999999999997,
        "incomelossfromcontinuingoperationsperdilutedshare": 2.55,
        "incomelossfromdiscontinuedoperationsnetoftaxperdilutedshare": 0,
        "earningspersharediluted": 2.5500000000000003,
        "commonstockdividendspersharedeclared": 0.4375
    },
    {
        "date": "2014-03-30",
        "symbol": "ELV",
        "period": "Q1",
        "netincomeloss": 701000000,
        "othercomprehensiveincomeunrealizedholdinggainlossonsecuritiesarisingduringperiodnetoftax": 140300000,
        "otherthantemporaryimpairmentlossesinvestmentsportioninothercomprehensiveincomelossnetoftaxincludingportionattributabletononcontrollinginterestavailableforsalesecurities": -500000,
        "othercomprehensiveincomeunrealizedgainlossonderivativesarisingduringperiodnetoftax": 700000,
        "othercomprehensiveincomelosspensionandotherpostretirementbenefitplansadjustmentnetoftax": -2900000,
        "othercomprehensiveincomelossforeigncurrencytransactionandtranslationadjustmentnetoftax": -200000,
        "othercomprehensiveincomelossnetoftaxportionattributabletoparent": 144200000,
        "comprehensiveincomenetoftax": 845200000,
        "premiumsearnednet": 16517000000,
        "salesrevenueservicesnet": 1118300000,
        "otherincome": 9500000,
        "insuranceservicesrevenue": 7941300000,
        "netinvestmentincome": 183700000,
        "realizedinvestmentgainslosses": 41700000,
        "otherthantemporaryimpairmentlossesinvestmentsavailableforsalesecurities": 10800000,
        "otherthantemporaryimpairmentlossesinvestmentsportionrecognizedinearningsnet": 10800000,
        "revenues": 17859400000,
        "policyholderbenefitsandclaimsincurrednet": 13664600000,
        "sellingexpense": 370800000,
        "generalandadministrativeexpense": 2490700000,
        "sellinggeneralandadministrativeexpense": 2861500000,
        "interestexpense": 146200000,
        "amortizationofintangibleassets": 54000000,
        "gainslossesonextinguishmentofdebt": -3000000,
        "benefitslossesandexpenses": 16729300000,
        "incomelossfromcontinuingoperationsbeforeincometaxesextraordinaryitemsnoncontrollinginterest": 1130100000,
        "incometaxexpensebenefit": 438700000,
        "incomelossfromcontinuingoperations": 691400000,
        "incomelossfromdiscontinuedoperationsnetoftax": 9600000,
        "incomelossfromcontinuingoperationsperbasicshare": 2.43,
        "incomelossfromdiscontinuedoperationsnetoftaxperbasicshare": 0.03,
        "earningspersharebasic": 2.46,
        "incomelossfromcontinuingoperationsperdilutedshare": 2.37,
        "incomelossfromdiscontinuedoperationsnetoftaxperdilutedshare": 0.03,
        "earningspersharediluted": 2.4,
        "commonstockdividendspersharedeclared": 0.4375
    },
    {
        "date": "2013-09-29",
        "symbol": "ELV",
        "period": "Q3",
        "netincomeloss": 656200000,
        "othercomprehensiveincomeunrealizedholdinggainlossonsecuritiesarisingduringperiodnetoftax": 16300000,
        "otherthantemporaryimpairmentlossesinvestmentsportioninothercomprehensiveincomelossnetoftaxincludingportionattributabletononcontrollinginterestavailableforsalesecurities": 600000,
        "othercomprehensiveincomeunrealizedgainlossonderivativesarisingduringperiodnetoftax": 700000,
        "othercomprehensiveincomelosspensionandotherpostretirementbenefitplansadjustmentnetoftax": -4800000,
        "othercomprehensiveincomelossforeigncurrencytransactionandtranslationadjustmentnetoftax": 1200000,
        "othercomprehensiveincomelossnetoftaxportionattributabletoparent": 22400000,
        "comprehensiveincomenetoftax": 678600000,
        "premiumsearnednet": 16580900000,
        "salesrevenueservicesnet": 1027800000,
        "otherincome": 124300000,
        "insuranceservicesrevenue": 7931100000,
        "netinvestmentincome": 167600000,
        "realizedinvestmentgainslosses": 95400000,
        "otherthantemporaryimpairmentlossesinvestmentsavailableforsalesecurities": 27100000,
        "otherthantemporaryimpairmentlossesinvestmentsportioninothercomprehensiveincomelossbeforetaxincludingportionattributabletononcontrollinginterestavailableforsalesecurities": -900000,
        "otherthantemporaryimpairmentlossesinvestmentsportionrecognizedinearningsnet": 26200000,
        "revenues": 17969800000,
        "policyholderbenefitsandclaimsincurrednet": 14075000000,
        "sellingexpense": 377300000,
        "generalandadministrativeexpense": 2202700000,
        "sellinggeneralandadministrativeexpense": 2580000000,
        "costofgoodssold": 68600000,
        "interestexpense": 151500000,
        "amortizationofintangibleassets": 66600000,
        "gainslossesonextinguishmentofdebt": -145300000,
        "benefitslossesandexpenses": 17087000000,
        "incomelossfromcontinuingoperationsbeforeincometaxesminorityinterestandincomelossfromequitymethodinvestments": 882800000,
        "incometaxexpensebenefit": 226600000,
        "earningspersharebasic": 2.21,
        "earningspersharediluted": 2.16,
        "commonstockdividendspersharedeclared": 0.375
    },
    {
        "date": "2013-06-29",
        "symbol": "ELV",
        "period": "Q2",
        "premiumsearnednet": 16493000000,
        "salesrevenueservicesnet": 988500000,
        "otherincome": 115700000,
        "insuranceservicesrevenue": -1939900000,
        "netinvestmentincome": 153200000,
        "realizedinvestmentgainslosses": 54200000,
        "otherthantemporaryimpairmentlossesinvestmentsavailableforsalesecurities": 9000000,
        "otherthantemporaryimpairmentlossesinvestmentsportionrecognizedinearningsnet": 9000000,
        "revenues": 17795600000,
        "policyholderbenefitsandclaimsincurrednet": 13832600000,
        "sellingexpense": 376700000,
        "generalandadministrativeexpense": 2093800000,
        "sellinggeneralandadministrativeexpense": 0,
        "costofgoodssold": 62400000,
        "interestexpense": 151900000,
        "amortizationofintangibleassets": 67700000,
        "benefitslossesandexpenses": 16585100000,
        "incomelossfromcontinuingoperationsbeforeincometaxesminorityinterestandincomelossfromequitymethodinvestments": 1210500000,
        "incometaxexpensebenefit": 410400000,
        "netincomeloss": 800100000,
        "earningspersharebasic": 2.67,
        "earningspersharediluted": 2.64,
        "commonstockdividendspersharedeclared": 0.375,
        "othercomprehensiveincomeunrealizedholdinggainlossonsecuritiesarisingduringperiodnetoftax": -377800000,
        "otherthantemporaryimpairmentlossesinvestmentsportioninothercomprehensiveincomelossnetoftaxincludingportionattributabletononcontrollinginterestavailableforsalesecurities": 0,
        "othercomprehensiveincomeunrealizedgainlossonderivativesarisingduringperiodnetoftax": 800000,
        "othercomprehensiveincomedefinedbenefitplansadjustmentnetoftaxportionattributabletoparent": -7000000,
        "othercomprehensiveincomeforeigncurrencytransactionandtranslationadjustmentnetoftaxportionattributabletoparent": 300000,
        "othercomprehensiveincomelossnetoftaxportionattributabletoparent": -369700000,
        "comprehensiveincomenetoftax": 430400000
    },
    {
        "date": "2013-03-30",
        "symbol": "ELV",
        "period": "Q1",
        "premiumsearnednet": 16435600000,
        "salesrevenueservicesnet": 990100000,
        "otherincome": 120600000,
        "insuranceservicesrevenue": 1951400000,
        "netinvestmentincome": 162000000,
        "realizedinvestmentgainslosses": 16800000,
        "otherthantemporaryimpairmentlossesinvestmentsavailableforsalesecurities": 37900000,
        "otherthantemporaryimpairmentlossesinvestmentsportionrecognizedinearningsnet": 37900000,
        "revenues": 17687200000,
        "policyholderbenefitsandclaimsincurrednet": 13748700000,
        "sellingexpense": 385900000,
        "generalandadministrativeexpense": 1979100000,
        "sellinggeneralandadministrativeexpense": 90000000,
        "costofgoodssold": 65000000,
        "interestexpense": 153500000,
        "amortizationofintangibleassets": 67900000,
        "benefitslossesandexpenses": 16400100000,
        "incomelossfromcontinuingoperationsbeforeincometaxesminorityinterestandincomelossfromequitymethodinvestments": 1287100000,
        "incometaxexpensebenefit": 401900000,
        "netincomeloss": 885200000,
        "earningspersharebasic": 2.92,
        "earningspersharediluted": 2.89,
        "commonstockdividendspersharedeclared": 0.375,
        "othercomprehensiveincomeunrealizedholdinggainlossonsecuritiesarisingduringperiodnetoftax": 34500000,
        "otherthantemporaryimpairmentlossesinvestmentsportioninothercomprehensiveincomelossnetoftaxincludingportionattributabletononcontrollinginterestavailableforsalesecurities": -2200000,
        "othercomprehensiveincomeunrealizedgainlossonderivativesarisingduringperiodnetoftax": 700000,
        "othercomprehensiveincomedefinedbenefitplansadjustmentnetoftaxportionattributabletoparent": -6800000,
        "othercomprehensiveincomeforeigncurrencytransactionandtranslationadjustmentnetoftaxportionattributabletoparent": -800000,
        "othercomprehensiveincomelossnetoftaxportionattributabletoparent": 43400000,
        "comprehensiveincomenetoftax": 928600000
    },
    {
        "date": "2012-09-29",
        "symbol": "ELV",
        "period": "Q3",
        "premiumsearnednet": 14037100000,
        "salesrevenueservicesnet": 955600000,
        "otherincome": 141000000,
        "insuranceservicesrevenue": 1894000000,
        "netinvestmentincome": 168600000,
        "realizedinvestmentgainslosses": 54600000,
        "otherthantemporaryimpairmentlossesinvestmentsavailableforsalesecurities": 3800000,
        "otherthantemporaryimpairmentlossesinvestmentsportioninothercomprehensiveincomelossbeforetaxincludingportionattributabletononcontrollinginterestavailableforsalesecurities": 0,
        "otherthantemporaryimpairmentlossesinvestmentsportionrecognizedinearningsnet": 3800000,
        "revenues": 15353100000,
        "policyholderbenefitsandclaimsincurrednet": 11984800000,
        "sellingexpense": 390200000,
        "generalandadministrativeexpense": 1688400000,
        "sellinggeneralandadministrativeexpense": -4157500000,
        "interestexpense": 133600000,
        "amortizationofintangibleassets": 63900000,
        "benefitslossesandexpenses": 14327400000,
        "incomelossfromcontinuingoperationsbeforeincometaxesminorityinterestandincomelossfromequitymethodinvestments": 1025700000,
        "incometaxexpensebenefit": 334500000,
        "netincomeloss": 691200000,
        "earningspersharebasic": 2.18,
        "earningspersharediluted": 2.1599999999999997,
        "commonstockdividendspersharedeclared": 0.2875000000000001,
        "othercomprehensiveincomeunrealizedholdinggainlossonsecuritiesarisingduringperiodnetoftax": 168300000,
        "otherthantemporaryimpairmentlossesinvestmentsportioninothercomprehensiveincomelossnetoftaxincludingportionattributabletononcontrollinginterestavailableforsalesecurities": 0,
        "othercomprehensiveincomeunrealizedgainlossonderivativesarisingduringperiodnetoftax": -1000000,
        "othercomprehensiveincomedefinedbenefitplansadjustmentnetoftaxperiodincreasedecrease": 6900000,
        "othercomprehensiveincomeforeigncurrencytransactionandtranslationadjustmentnetoftaxperiodincreasedecrease": 500000,
        "othercomprehensiveincomelossnetoftaxperiodincreasedecrease": 174700000,
        "comprehensiveincomenetoftax": 865900000
    },
    {
        "date": "2012-06-29",
        "symbol": "ELV",
        "period": "Q2",
        "premiumsearnednet": 14161000000,
        "salesrevenueservicesnet": 977500000,
        "otherincome": 34800000,
        "insuranceservicesrevenue": 1958100000,
        "netinvestmentincome": 169400000,
        "realizedinvestmentgainslosses": 70500000,
        "otherthantemporaryimpairmentlossesinvestmentsavailableforsalesecurities": 6500000,
        "otherthantemporaryimpairmentlossesinvestmentsportioninothercomprehensiveincomelossbeforetaxincludingportionattributabletononcontrollinginterestavailableforsalesecurities": -600000,
        "otherthantemporaryimpairmentlossesinvestmentsportionrecognizedinearningsnet": 5900000,
        "revenues": 15407300000,
        "policyholderbenefitsandclaimsincurrednet": 12093100000,
        "sellingexpense": 393000000,
        "generalandadministrativeexpense": 1688800000,
        "sellinggeneralandadministrativeexpense": 2081800000,
        "costofgoodssold": 6700000,
        "interestexpense": 117600000,
        "amortizationofintangibleassets": 59500000,
        "benefitslossesandexpenses": 14358700000,
        "incomelossfromcontinuingoperationsbeforeincometaxesminorityinterestandincomelossfromequitymethodinvestments": 1048600000,
        "incometaxexpensebenefit": 405000000,
        "netincomeloss": 643600000,
        "earningspersharebasic": 1.96,
        "earningspersharediluted": 1.94,
        "commonstockdividendspersharedeclared": 0.2875,
        "othercomprehensiveincomeunrealizedholdinggainlossonsecuritiesarisingduringperiodnetoftax": -27100000,
        "otherthantemporaryimpairmentlossesinvestmentsportioninothercomprehensiveincomelossnetoftaxincludingportionattributabletononcontrollinginterestavailableforsalesecurities": 400000,
        "othercomprehensiveincomeunrealizedgainlossonderivativesarisingduringperiodnetoftax": -200000,
        "othercomprehensiveincomedefinedbenefitplansadjustmentnetoftaxperiodincreasedecrease": 6300000,
        "othercomprehensiveincomeforeigncurrencytransactionandtranslationadjustmentnetoftaxperiodincreasedecrease": -1400000,
        "othercomprehensiveincomelossnetoftaxperiodincreasedecrease": -22800000,
        "comprehensiveincomenetoftax": 620800000
    },
    {
        "date": "2012-03-30",
        "symbol": "ELV",
        "period": "Q1",
        "premiumsearnednet": 14138500000,
        "salesrevenueservicesnet": 995800000,
        "otherincome": 15900000,
        "insuranceservicesrevenue": 1893300000,
        "netinvestmentincome": 169000000,
        "realizedinvestmentgainslosses": 106900000,
        "otherthantemporaryimpairmentlossesinvestmentsavailableforsalesecurities": 13700000,
        "otherthantemporaryimpairmentlossesinvestmentsportioninothercomprehensiveincomelossbeforetaxincludingportionattributabletononcontrollinginterestavailableforsalesecurities": -2800000,
        "otherthantemporaryimpairmentlossesinvestmentsportionrecognizedinearningsnet": 10900000,
        "revenues": 15415200000,
        "policyholderbenefitsandclaimsincurrednet": 11771900000,
        "sellingexpense": 393300000,
        "generalandadministrativeexpense": 1772400000,
        "sellinggeneralandadministrativeexpense": 2165700000,
        "interestexpense": 109100000,
        "amortizationofintangibleassets": 58700000,
        "benefitslossesandexpenses": 14105400000,
        "incomelossfromcontinuingoperationsbeforeincometaxesminorityinterestandincomelossfromequitymethodinvestments": 1309800000,
        "incometaxexpensebenefit": 453300000,
        "netincomeloss": 856500000,
        "earningspersharebasic": 2.56,
        "earningspersharediluted": 2.53,
        "commonstockdividendspersharedeclared": 0.2875,
        "othercomprehensiveincomeunrealizedholdinggainlossonsecuritiesarisingduringperiodnetoftax": 107300000,
        "otherthantemporaryimpairmentlossesinvestmentsportioninothercomprehensiveincomelossnetoftaxincludingportionattributabletononcontrollinginterestavailableforsalesecurities": -4800000,
        "othercomprehensiveincomeunrealizedgainlossonderivativesarisingduringperiodnetoftax": 600000,
        "othercomprehensiveincomedefinedbenefitplansadjustmentnetoftaxperiodincreasedecrease": 6700000,
        "othercomprehensiveincomeforeigncurrencytransactionandtranslationadjustmentnetoftaxperiodincreasedecrease": 700000,
        "othercomprehensiveincomelossnetoftaxperiodincreasedecrease": 120100000,
        "comprehensiveincomenetoftax": 976600000
    },
    {
        "date": "2011-09-29",
        "symbol": "ELV",
        "period": "Q3",
        "premiumsearnednet": 14181600000,
        "salesrevenueservicesnet": 963100000,
        "otherincome": 10400000,
        "insuranceservicesrevenue": 4576400000,
        "netinvestmentincome": 170900000,
        "realizedinvestmentgainslosses": 94900000,
        "otherthantemporaryimpairmentlossesinvestmentsavailableforsalesecurities": 28800000,
        "otherthantemporaryimpairmentlossesinvestmentsportioninothercomprehensiveincomelossbeforetaxincludingportionattributabletononcontrollinginterestavailableforsalesecurities": -5900000,
        "otherthantemporaryimpairmentlossesinvestmentsportionrecognizedinearningsnet": 22900000,
        "revenues": 15398000000,
        "policyholderbenefitsandclaimsincurrednet": 12062900000,
        "sellingexpense": 403000000,
        "generalandadministrativeexpense": 1716600000,
        "sellinggeneralandadministrativeexpense": 2119600000,
        "interestexpense": 108200000,
        "amortizationofintangibleassets": 62100000,
        "benefitslossesandexpenses": 14352800000,
        "incomelossfromcontinuingoperationsbeforeincometaxesminorityinterestandincomelossfromequitymethodinvestments": 1045200000,
        "incometaxexpensebenefit": 362000000,
        "netincomeloss": 683200000,
        "earningspersharebasic": 1.92,
        "earningspersharediluted": 1.9,
        "commonstockdividendspersharedeclared": 0.25
    },
    {
        "date": "2011-06-29",
        "symbol": "ELV",
        "period": "Q2",
        "premiumsearnednet": 13913600000,
        "salesrevenueservicesnet": 957700000,
        "otherincome": 8500000,
        "insuranceservicesrevenue": 4353400000,
        "netinvestmentincome": 187800000,
        "realizedinvestmentgainslosses": 41500000,
        "otherthantemporaryimpairmentlossesinvestmentsavailableforsalesecurities": 11100000,
        "otherthantemporaryimpairmentlossesinvestmentsportioninothercomprehensiveincomelossbeforetaxincludingportionattributabletononcontrollinginterestavailableforsalesecurities": -2700000,
        "otherthantemporaryimpairmentlossesinvestmentsportionrecognizedinearningsnet": 8400000,
        "revenues": 15100700000,
        "policyholderbenefitsandclaimsincurrednet": 11922000000,
        "sellingexpense": 405600000,
        "generalandadministrativeexpense": 1605500000,
        "sellinggeneralandadministrativeexpense": 2011100000,
        "interestexpense": 103600000,
        "amortizationofintangibleassets": 56600000,
        "benefitslossesandexpenses": 14093300000,
        "incomelossfromcontinuingoperationsbeforeincometaxesminorityinterestandincomelossfromequitymethodinvestments": 1007400000,
        "incometaxexpensebenefit": 305800000,
        "netincomeloss": 701600000,
        "earningspersharebasic": 1.92,
        "earningspersharediluted": 1.89,
        "commonstockdividendspersharedeclared": 0.25
    },
    {
        "date": "2011-03-30",
        "symbol": "ELV",
        "period": "Q1",
        "premiumsearnednet": 13684100000,
        "administrativeservicesfees": 962000000,
        "otherincome": 8700000,
        "insuranceservicesrevenue": 1856300000,
        "netinvestmentincome": 184800000,
        "realizedinvestmentgainslosses": 57100000,
        "otherthantemporaryimpairments": 4800000,
        "portionofimpairmentlossrecognizedinothercomprehensiveincome": 2400000,
        "netotherthantemporaryimpairments": 2400000,
        "revenues": 14894300000,
        "policyholderbenefitsandclaimsincurrednet": 11228000000,
        "sellingexpense": 397000000,
        "generalandadministrativeexpense": 1679500000,
        "sellinggeneralandadministrativeexpense": 2076500000,
        "interestexpense": 105900000,
        "amortizationofintangibleassets": 56800000,
        "benefitslossesandexpenses": 13467200000,
        "incomelossfromcontinuingoperationsbeforeincometaxesminorityinterestandincomelossfromequitymethodinvestments": 1427100000,
        "incometaxexpensebenefit": 500500000,
        "netincomeloss": 926600000,
        "earningspersharebasic": 2.48,
        "earningspersharediluted": 2.44,
        "commonstockdividendspersharedeclared": 0.25
    },
    {
        "date": "2010-03-30",
        "symbol": "ELV",
        "period": "Q1",
        "premiumsearnednet": 13909900000,
        "administrativeservicesfees": 952900000,
        "otherincome": 5900000,
        "insuranceservicesrevenue": 14868700000,
        "netinvestmentincome": 201100000,
        "realizedinvestmentgainslosses": 48400000,
        "otherthantemporaryimpairments": 27900000,
        "portionofimpairmentlossrecognizedinothercomprehensiveincome": 8200000,
        "netotherthantemporaryimpairments": 19700000,
        "revenues": 15098500000,
        "policyholderbenefitsandclaimsincurrednet": 11381400000,
        "sellingexpense": 402400000,
        "generalandadministrativeexpense": 1798200000,
        "sellinggeneralandadministrativeexpense": 2200600000,
        "interestexpense": 99400000,
        "amortizationofintangibleassets": 60700000,
        "impairmentofintangibleassetsindefinitelivedexcludinggoodwill": 21100000,
        "benefitslossesandexpenses": 13763200000,
        "incomelossfromcontinuingoperationsbeforeincometaxesminorityinterestandincomelossfromequitymethodinvestments": 1335300000,
        "incometaxexpensebenefit": 458500000,
        "netincomeloss": 876800000,
        "earningspersharebasic": 1.99,
        "earningspersharediluted": 1.96
    }
]