[
    {
        "date": "2024-09-29",
        "symbol": "VICI",
        "period": "Q3",
        "salestypeleaseinterestincome": 24050000,
        "interestanddividendincomeoperating": 419115000,
        "otherincome": 19315000,
        "incomefromgolfoperations": 7548000,
        "revenues": 957121000,
        "generalandadministrativeexpense": 16366000,
        "depreciation": 125000,
        "otherexpenses": 19315000,
        "costofgoodsandservicessold": 6824000,
        "financingreceivableexcludingaccruedinterestnetinvestmentinleaseandloanscreditlossexpensereversal": -31600000,
        "transactionandacquisitionexpense": 1164000,
        "operatingcostsandexpenses": 13143000,
        "interestexpensenonoperating": 207317000,
        "investmentincomeinterest": 2624000,
        "othernonoperatinggainslosses": -64000,
        "incomelossfromcontinuingoperationsbeforeincometaxesextraordinaryitemsnoncontrollinginterest": 747020000,
        "incometaxexpensebenefit": 2480000,
        "profitloss": 744540000,
        "netincomelossattributabletononcontrollinginterest": 3021000,
        "netincomeloss": 741519000,
        "earningspersharebasic": 0.7,
        "earningspersharediluted": 0.7,
        "weightedaveragenumberofsharesoutstandingbasic": 1058858000,
        "weightedaveragenumberofdilutedsharesoutstanding": 1060570000,
        "othercomprehensiveincomelosscashflowhedgegainlossreclassificationaftertax": 6100000,
        "othercomprehensiveincomelosscashflowhedgegainlossbeforereclassificationaftertax": -2714000,
        "othercomprehensiveincomelossforeigncurrencytransactionandtranslationadjustmentnetoftax": -2400000,
        "comprehensiveincomenetoftaxincludingportionattributabletononcontrollinginterest": 737925000,
        "comprehensiveincomenetoftaxattributabletononcontrollinginterest": 11533000,
        "comprehensiveincomenetoftax": 734963000,
        "operatingcostsandexpensesnetofadjustments": 5344000,
        "netincomelossattributabletopartners": 741519000,
        "othercomprehensiveincomelossderivativeexcludedcomponentincreasedecreaseafteradjustmentsandtaxparent": -6100000,
        "othercomprehensiveincomelosscashflowhedgegainlossafterreclassificationandtaxparent": -2714000,
        "othercomprehensiveincomeforeigncurrencytransactionandtranslationadjustmentnetoftaxportionattributabletoparent": 2258000
    },
    {
        "date": "2024-06-29",
        "symbol": "VICI",
        "period": "Q2",
        "salestypeleaseinterestincome": 512289000,
        "interestanddividendincomeoperating": 413735000,
        "otherincome": 19323000,
        "incomefromgolfoperations": 11656000,
        "revenues": 957003000,
        "generalandadministrativeexpense": 15768000,
        "depreciation": 992000,
        "otherexpenses": 19323000,
        "costofgoodsandservicessold": 6813000,
        "financingreceivableexcludingaccruedinterestnetinvestmentinleaseandloanscreditlossexpensereversal": -43000000,
        "transactionandacquisitionexpense": 259000,
        "operatingcostsandexpenses": 155000,
        "investmentincomeinterest": 3926000,
        "othernonoperatinggainslosses": 990000,
        "incomelossfromcontinuingoperationsbeforeincometaxesextraordinaryitemsnoncontrollinginterest": 755987000,
        "incometaxexpensebenefit": 3234000,
        "profitloss": 752753000,
        "netincomelossattributabletononcontrollinginterest": 11451000,
        "netincomeloss": 741302000,
        "earningspersharebasic": 0.7100000000000001,
        "earningspersharediluted": 0.7100000000000001,
        "weightedaveragenumberofsharesoutstandingbasic": 1042530017,
        "weightedaveragenumberofdilutedsharesoutstanding": 1043137980,
        "othercomprehensiveincomelosscashflowhedgegainlossreclassificationaftertax": 6384000,
        "othercomprehensiveincomelosscashflowhedgegainlossbeforereclassificationaftertax": 0,
        "othercomprehensiveincomelossforeigncurrencytransactionandtranslationadjustmentnetoftax": -2173000,
        "comprehensiveincomenetoftaxincludingportionattributabletononcontrollinginterest": 744196000,
        "comprehensiveincomenetoftaxattributabletononcontrollinginterest": 11323000,
        "comprehensiveincomenetoftax": 732873000,
        "netincomelossattributabletopartners": 746179000,
        "othercomprehensiveincomelossderivativeexcludedcomponentincreasedecreaseafteradjustmentsandtaxparent": -6384000,
        "othercomprehensiveincomelosscashflowhedgegainlossafterreclassificationandtaxparent": 0,
        "othercomprehensiveincomeforeigncurrencytransactionandtranslationadjustmentnetoftaxportionattributabletoparent": -2173000
    },
    {
        "date": "2024-03-30",
        "symbol": "VICI",
        "period": "Q1",
        "salestypeleaseinterestincome": 512772000,
        "interestanddividendincomeoperating": 409301000,
        "otherincome": 19312000,
        "incomefromgolfoperations": 10096000,
        "revenues": 951481000,
        "generalandadministrativeexpense": 16192000,
        "depreciation": 1133000,
        "otherexpenses": 19312000,
        "costofgoodsandservicessold": 6511000,
        "financingreceivableexcludingaccruedinterestnetinvestmentinleaseandloanscreditlossexpensereversal": 106918000,
        "transactionandacquisitionexpense": 305000,
        "operatingcostsandexpenses": 150371000,
        "interestexpense": 204882000,
        "investmentincomeinterest": 5293000,
        "othernonoperatinggainslosses": -156000,
        "incomelossfromcontinuingoperationsbeforeincometaxesextraordinaryitemsnoncontrollinginterest": 601365000,
        "incometaxexpensebenefit": 1562000,
        "profitloss": 599803000,
        "netincomelossattributabletononcontrollinginterest": 9787000,
        "netincomeloss": 590016000,
        "earningspersharebasic": 0.57,
        "earningspersharediluted": 0.57,
        "weightedaveragenumberofsharesoutstandingbasic": 1042404634,
        "weightedaveragenumberofdilutedsharesoutstanding": 1043311636,
        "othercomprehensiveincomelosscashflowhedgegainlossreclassificationaftertax": 6046000,
        "othercomprehensiveincomelosscashflowhedgegainlossbeforereclassificationaftertax": 12482000,
        "othercomprehensiveincomelossforeigncurrencytransactionandtranslationadjustmentnetoftax": -3644000,
        "comprehensiveincomenetoftaxincludingportionattributabletononcontrollinginterest": 602595000,
        "comprehensiveincomenetoftaxattributabletononcontrollinginterest": 9809000,
        "comprehensiveincomenetoftax": 592786000,
        "netincomelossattributabletopartners": 594142000,
        "othercomprehensiveincomelossderivativeexcludedcomponentincreasedecreaseafteradjustmentsandtaxparent": -6046000,
        "othercomprehensiveincomelosscashflowhedgegainlossafterreclassificationandtaxparent": 12482000,
        "othercomprehensiveincomeforeigncurrencytransactionandtranslationadjustmentnetoftaxportionattributabletoparent": -3644000
    },
    {
        "date": "2023-12-30",
        "symbol": "VICI",
        "period": "Q4",
        "salestypeleaseinterestincome": 506217000,
        "interestanddividendincomeoperating": 396813000,
        "otherincome": 18283000,
        "incomefromgolfoperations": 10552000,
        "revenues": 931865000,
        "generalandadministrativeexpense": 15256000,
        "depreciation": 1586000,
        "otherexpenses": 18283000,
        "costofgoodsandservicessold": 8215000,
        "financingreceivableexcludingaccruedinterestnetinvestmentinleaseandloanscreditlossexpensereversal": -63295000,
        "transactionandacquisitionexpense": 4632000,
        "operatingcostsandexpenses": -15323000,
        "interestexpense": 205175000,
        "investmentincomeinterest": 7776000,
        "othernonoperatinggainslosses": 161000,
        "incomelossfromcontinuingoperationsbeforeincometaxesextraordinaryitemsnoncontrollinginterest": 749950000,
        "incometaxexpensebenefit": -9771000,
        "profitloss": 759721000,
        "netincomelossattributabletononcontrollinginterest": 11952000,
        "netincomeloss": 747769000,
        "earningspersharebasic": 0.73,
        "earningspersharediluted": 0.7200000000000002,
        "weightedaveragenumberofsharesoutstandingbasic": 1014513195,
        "weightedaveragenumberofdilutedsharesoutstanding": 1015776697,
        "othercomprehensiveincomelosscashflowhedgegainlossreclassificationaftertax": 6037000,
        "othercomprehensiveincomelosscashflowhedgegainlossbeforereclassificationaftertax": -29944000,
        "othercomprehensiveincomelossforeigncurrencytransactionandtranslationadjustmentnetoftax": 3232000,
        "comprehensiveincomenetoftaxincludingportionattributabletononcontrollinginterest": 726972000,
        "comprehensiveincomenetoftax": 715398000
    },
    {
        "date": "2023-09-29",
        "symbol": "VICI",
        "period": "Q3",
        "salestypeleaseinterestincome": 959702000,
        "interestanddividendincomeoperating": 747061000,
        "otherincome": 18179000,
        "incomefromgolfoperations": 7425000,
        "revenues": 914163000,
        "generalandadministrativeexpense": 14422000,
        "depreciation": 1794000,
        "otherexpenses": 18179000,
        "costofgoodsandservicessold": 6332000,
        "financingreceivableexcludingaccruedinterestnetinvestmentinleaseandloanscreditlossexpensereversal": 95997000,
        "transactionandacquisitionexpense": 3566000,
        "operatingcostsandexpenses": 146242000,
        "interestexpense": 204927000,
        "investmentincomeinterest": 7898000,
        "othernonoperatinggainslosses": -1122000,
        "incomelossfromcontinuingoperationsbeforeincometaxesextraordinaryitemsnoncontrollinginterest": 569770000,
        "incometaxexpensebenefit": 1365000,
        "profitloss": 568405000,
        "netincomelossattributabletononcontrollinginterest": 15412000,
        "netincomeloss": 552993000,
        "earningspersharebasic": 0.55,
        "earningspersharediluted": 0.55,
        "weightedaveragenumberofsharesoutstandingbasic": -1013541760,
        "weightedaveragenumberofdilutedsharesoutstanding": -1015593668,
        "othercomprehensiveincomelosscashflowhedgegainlossreclassificationaftertax": 6037000,
        "othercomprehensiveincomelosscashflowhedgegainlossbeforereclassificationaftertax": 20109000,
        "othercomprehensiveincomelossforeigncurrencytransactionandtranslationadjustmentnetoftax": -612000,
        "comprehensiveincomenetoftaxincludingportionattributabletononcontrollinginterest": 578183000,
        "comprehensiveincomenetoftax": 565746000
    },
    {
        "date": "2023-06-29",
        "symbol": "VICI",
        "period": "Q2",
        "salestypeleaseinterestincome": 495355000,
        "interestanddividendincomeoperating": 373132000,
        "otherincome": 18525000,
        "incomefromgolfoperations": 11146000,
        "revenues": 898158000,
        "generalandadministrativeexpense": 14920000,
        "depreciation": 887000,
        "otherexpenses": 18525000,
        "costofgoodsandservicessold": 6590000,
        "financingreceivableexcludingaccruedinterestnetinvestmentinleaseandloanscreditlossexpensereversal": -41355000,
        "transactionandacquisitionexpense": 777000,
        "operatingcostsandexpenses": 344000,
        "interestexpense": 203594000,
        "investmentincomeinterest": 5806000,
        "othernonoperatinggainslosses": 3454000,
        "incomelossfromcontinuingoperationsbeforeincometaxesextraordinaryitemsnoncontrollinginterest": 703480000,
        "incometaxexpensebenefit": 1899000,
        "profitloss": 701581000,
        "netincomelossattributabletononcontrollinginterest": 10879000,
        "netincomeloss": 690702000,
        "earningspersharebasic": 0.69,
        "earningspersharediluted": 0.69,
        "weightedaveragenumberofsharesoutstandingbasic": 1006893810,
        "weightedaveragenumberofdilutedsharesoutstanding": 1007968422,
        "othercomprehensiveincomelosscashflowhedgegainlossreclassificationaftertax": 6037000,
        "othercomprehensiveincomelosscashflowhedgegainlossbeforereclassificationaftertax": 7573000,
        "othercomprehensiveincomelossforeigncurrencytransactionandtranslationadjustmentnetoftax": 1732000,
        "comprehensiveincomenetoftaxincludingportionattributabletononcontrollinginterest": 704849000,
        "othercomprehensiveincomelossnetoftaxportionattributabletononcontrollinginterest": 10918000,
        "comprehensiveincomenetoftax": 693931000,
        "operatingcostsandexpensesnetofadjustments": -7071000
    },
    {
        "date": "2023-03-30",
        "symbol": "VICI",
        "period": "Q1",
        "salestypeleaseinterestincome": 18904000,
        "interestanddividendincomeoperating": 2510000,
        "otherincome": 18339000,
        "incomefromgolfoperations": 9845000,
        "revenues": 867802000,
        "generalandadministrativeexpense": 15005000,
        "depreciation": 31000,
        "otherexpenses": 18339000,
        "costofgoodsandservicessold": 5952000,
        "financingreceivableexcludingaccruedinterestnetinvestmentinleaseandloanscreditlossexpensereversal": 111477000,
        "transactionandacquisitionexpense": -958000,
        "operatingcostsandexpenses": 143894000,
        "incomelossfromequitymethodinvestments": 1280000,
        "interestexpense": 204360000,
        "investmentincomeinterest": 2490000,
        "othernonoperatinggainslosses": 1963000,
        "incomelossfromcontinuingoperationsbeforeincometaxesextraordinaryitemsnoncontrollinginterest": 525281000,
        "incometaxexpensebenefit": 366000,
        "profitloss": 524915000,
        "netincomelossattributabletononcontrollinginterest": 2839000,
        "netincomeloss": 522076000,
        "earningspersharebasic": 0.51,
        "earningspersharediluted": 0.51,
        "weightedaveragenumberofsharesoutstandingbasic": 1013758018,
        "weightedaveragenumberofdilutedsharesoutstanding": 1016062698,
        "othercomprehensiveincomelosscashflowhedgegainlossreclassificationaftertax": 6037000,
        "othercomprehensiveincomelosscashflowhedgegainlossbeforereclassificationaftertax": -7393000,
        "othercomprehensiveincomelossforeigncurrencytransactionandtranslationadjustmentnetoftax": -2400000,
        "comprehensiveincomenetoftaxincludingportionattributabletononcontrollinginterest": 512767000,
        "othercomprehensiveincomelossnetoftaxportionattributabletononcontrollinginterest": 8939000,
        "comprehensiveincomenetoftax": 506982000,
        "netincomelossattributabletopartners": 522076000
    },
    {
        "date": "2022-09-29",
        "symbol": "VICI",
        "period": "Q3",
        "salestypeleaseinterestincome": 376048000,
        "interestanddividendincomeoperating": 350945000,
        "otherincome": 17862000,
        "incomefromgolfoperations": 6688000,
        "revenues": 6689000,
        "generalandadministrativeexpense": 12055000,
        "depreciation": 786000,
        "otherexpenses": 17862000,
        "costofgoodsandservicessold": 5186000,
        "transactionandacquisitionexpense": 1947000,
        "operatingcostsandexpenses": 264657000,
        "interestexpense": 169354000,
        "investmentincomeinterest": 2735000,
        "incomelossfromcontinuingoperationsbeforeincometaxesextraordinaryitemsnoncontrollinginterest": 807000,
        "incometaxexpensebenefit": 172000,
        "profitloss": 635000,
        "netincomelossattributabletononcontrollinginterest": 1781000,
        "netincomeloss": 334272000,
        "earningspersharebasic": 0.31999999999999995,
        "earningspersharediluted": 0.30999999999999994,
        "weightedaveragenumberofsharesoutstandingbasic": -733570889,
        "weightedaveragenumberofdilutedsharesoutstanding": -735160847,
        "othercomprehensiveincomelosscashflowhedgegainlossbeforereclassificationaftertax": 0,
        "comprehensiveincomenetoftax": 328235000
    },
    {
        "date": "2022-06-29",
        "symbol": "VICI",
        "period": "Q2",
        "salestypeleaseinterestincome": 375169000,
        "interestanddividendincomeoperating": 261721000,
        "otherincome": 15563000,
        "incomefromgolfoperations": 10170000,
        "revenues": 10170000,
        "generalandadministrativeexpense": 11782000,
        "depreciation": 749000,
        "otherexpenses": 15563000,
        "costofgoodsandservicessold": 5859000,
        "financingreceivablenetinvestmentinleaseandloanscreditlossexpensereversal": 551876000,
        "transactionandacquisitionexpense": 16664000,
        "operatingcostsandexpenses": 595915000,
        "incomelossfromequitymethodinvestments": 15134000,
        "interestexpense": 133128000,
        "investmentincomeinterest": 553000,
        "incomelossfromcontinuingoperationsbeforeincometaxesextraordinaryitemsnoncontrollinginterest": 3588000,
        "incometaxexpensebenefit": 782000,
        "profitloss": 2806000,
        "netincomelossattributabletononcontrollinginterest": 1887000,
        "netincomeloss": -63035000,
        "earningspersharebasic": -0.07,
        "earningspersharediluted": -0.07,
        "weightedaveragenumberofsharesoutstandingbasic": 905013754,
        "weightedaveragenumberofdilutedsharesoutstanding": 905013754,
        "othercomprehensiveincomelosscashflowhedgegainlossreclassificationaftertax": 4159000,
        "othercomprehensiveincomelosscashflowhedgegainlossbeforereclassificationaftertax": 91939000,
        "comprehensiveincomenetoftaxincludingportionattributabletononcontrollinginterest": 29639000,
        "othercomprehensiveincomelossnetoftaxportionattributabletononcontrollinginterest": -487000,
        "comprehensiveincomenetoftax": 24745000
    },
    {
        "date": "2022-03-30",
        "symbol": "VICI",
        "period": "Q1",
        "salestypeleaseinterestincome": 326735000,
        "interestanddividendincomeoperating": 72878000,
        "otherincome": 8386000,
        "incomefromgolfoperations": 8626000,
        "revenues": 8626000,
        "generalandadministrativeexpense": 9466000,
        "depreciation": 746000,
        "otherexpenses": 8386000,
        "costofgoodsandservicessold": 5285000,
        "financingreceivablenetinvestmentinleaseandloanscreditlossexpensereversal": 80820000,
        "transactionandacquisitionexpense": 755000,
        "operatingcostsandexpenses": 99457000,
        "interestexpense": 68142000,
        "investmentincomeinterest": 90000,
        "incomelossfromcontinuingoperationsbeforeincometaxesextraordinaryitemsnoncontrollinginterest": 2596000,
        "incometaxexpensebenefit": 562000,
        "profitloss": 2034000,
        "netincomelossattributabletononcontrollinginterest": 2305000,
        "netincomeloss": 238347000,
        "earningspersharebasic": 0.35,
        "earningspersharediluted": 0.35,
        "weightedaveragenumberofsharesoutstandingbasic": 684341045,
        "weightedaveragenumberofdilutedsharesoutstanding": 687914683,
        "othercomprehensiveincomelosscashflowhedgegainlossbeforereclassificationaftertax": 108611000,
        "comprehensiveincomenetoftax": 346958000
    },
    {
        "date": "2021-12-30",
        "symbol": "VICI",
        "period": "Q4",
        "salestypeanddirectfinancingleasesinterestincome": 294635000,
        "interestanddividendincomeoperating": 72664000,
        "otherincome": 6911000,
        "incomefromgolfoperations": 8944000,
        "revenues": 8945000,
        "generalandadministrativeexpense": 9030000,
        "depreciation": 863000,
        "otherexpenses": 6911000,
        "costofgoodsandservicessold": 5881000,
        "financingreceivablenetinvestmentinleaseandloanscreditlossexpensereversal": 4899000,
        "operatingcostsandexpenses": 28205000,
        "interestexpense": 70437000,
        "investmentincomeinterest": 45000,
        "incomelossfromcontinuingoperationsbeforeincometaxesextraordinaryitemsnoncontrollinginterest": 1009356000,
        "incometaxexpensebenefit": 514000,
        "profitloss": 1811000,
        "netincomelossattributabletononcontrollinginterest": 2319000,
        "netincomeloss": 281479000,
        "earningspersharebasic": 0.44999999999999996,
        "earningspersharediluted": 0.43999999999999995,
        "weightedaveragenumberofsharesoutstandingbasic": 9313670,
        "weightedaveragenumberofdilutedsharesoutstanding": 5171747,
        "comprehensiveincomenetoftax": 282363000
    },
    {
        "date": "2021-09-29",
        "symbol": "VICI",
        "period": "Q3",
        "salestypeanddirectfinancingleasesinterestincome": 292059000,
        "interestanddividendincomeoperating": 70205000,
        "otherincome": 6936000,
        "incomefromgolfoperations": 6504000,
        "revenues": 6504000,
        "generalandadministrativeexpense": 8379000,
        "depreciation": 742000,
        "otherexpenses": 6936000,
        "costofgoodsandservicessold": 5143000,
        "financingreceivablenetinvestmentinleaseandloanscreditlossexpensereversal": 9031000,
        "transactionandacquisitionexpense": 177000,
        "operatingcostsandexpenses": 30437000,
        "interestexpense": 165099000,
        "investmentincomeinterest": 26000,
        "gainslossesonextinguishmentofdebt": -15622000,
        "incomelossfromcontinuingoperationsbeforeincometaxesextraordinaryitemsnoncontrollinginterest": 619000,
        "incometaxexpensebenefit": 143000,
        "profitloss": 476000,
        "netincomelossattributabletononcontrollinginterest": 2322000,
        "netincomeloss": 161862000,
        "earningspersharebasic": 0.29,
        "earningspersharediluted": 0.28,
        "weightedaveragenumberofsharesoutstandingbasic": 555153692,
        "weightedaveragenumberofdilutedsharesoutstanding": 571894545,
        "othercomprehensiveincomelosscashflowhedgegainlossbeforereclassificationaftertax": 6576000,
        "othercomprehensiveincomelosscashflowhedgegainlossreclassificationaftertax": -64239000,
        "comprehensiveincomenetoftax": 232677000
    },
    {
        "date": "2021-06-29",
        "symbol": "VICI",
        "period": "Q2",
        "salestypeanddirectfinancingleasesinterestincome": 291132000,
        "interestanddividendincomeoperating": 69996000,
        "otherincome": 6987000,
        "incomefromgolfoperations": 8285000,
        "revenues": 376400000,
        "generalandadministrativeexpense": 7628000,
        "depreciation": 757000,
        "otherexpenses": 6987000,
        "costofgoodsandservicessold": 5232000,
        "financingreceivablenetinvestmentinleaseandloanscreditlossexpensereversal": -29104000,
        "transactionandacquisitionexpense": 791000,
        "operatingcostsandexpenses": -7709000,
        "interestexpense": 79806000,
        "investmentincomeinterest": 30000,
        "incomelossfromcontinuingoperationsbeforeincometaxesextraordinaryitemsnoncontrollinginterest": 304333000,
        "incometaxexpensebenefit": 1256000,
        "profitloss": 303077000,
        "netincomelossattributabletononcontrollinginterest": 2368000,
        "netincomeloss": 300709000,
        "earningspersharebasic": 0.56,
        "earningspersharediluted": 0.54,
        "weightedaveragenumberofsharesoutstandingbasic": 536692167,
        "weightedaveragenumberofdilutedsharesoutstanding": 554438981,
        "othercomprehensiveincomelosscashflowhedgegainlossafterreclassificationandtax": 9328000,
        "comprehensiveincomenetoftax": 310037000
    },
    {
        "date": "2021-03-30",
        "symbol": "VICI",
        "period": "Q1",
        "salestypeanddirectfinancingleasesinterestincome": 290146000,
        "interestanddividendincomeoperating": 70377000,
        "otherincome": 6974000,
        "incomefromgolfoperations": 6813000,
        "revenues": 374310000,
        "generalandadministrativeexpense": 8085000,
        "depreciation": 792000,
        "otherexpenses": 6974000,
        "costofgoodsandservicessold": 4506000,
        "financingreceivablenetinvestmentinleaseandloanscreditlossexpensereversal": -4380000,
        "transactionandacquisitionexpense": 8721000,
        "operatingcostsandexpenses": 24698000,
        "interestexpense": 77048000,
        "investmentincomeinterest": 19000,
        "incomelossfromcontinuingoperationsbeforeincometaxesextraordinaryitemsnoncontrollinginterest": 272583000,
        "incometaxexpensebenefit": 484000,
        "profitloss": 272099000,
        "netincomelossattributabletononcontrollinginterest": 2298000,
        "netincomeloss": 269801000,
        "earningspersharebasic": 0.5,
        "earningspersharediluted": 0.5,
        "weightedaveragenumberofsharesoutstandingbasic": 536480505,
        "weightedaveragenumberofdilutedsharesoutstanding": 544801802,
        "othercomprehensiveincomelosscashflowhedgegainlossafterreclassificationandtax": 12378000,
        "comprehensiveincomenetoftax": 282179000
    },
    {
        "date": "2020-12-30",
        "symbol": "VICI",
        "period": "Q4",
        "salestypeanddirectfinancingleasesinterestincome": 289087000,
        "interestanddividendincomeoperating": 70321000,
        "revenues": 373018000,
        "generalandadministrativeexpense": 8101000,
        "depreciation": 741000,
        "costofgoodsandservicessold": 4451000,
        "operatingcostsandexpenses": 4802000,
        "interestexpense": 77420000,
        "interestincomedepositswithfinancialinstitutions": 52000,
        "incomelossfromcontinuingoperationsbeforeincometaxesextraordinaryitemsnoncontrollinginterest": 290848000,
        "incometaxexpensebenefit": 436000,
        "profitloss": 290412000,
        "netincomelossattributabletononcontrollinginterest": 2402000,
        "netincomeloss": 288010000,
        "earningspersharebasic": 0.54,
        "earningspersharediluted": 0.54,
        "weightedaveragenumberofsharesoutstandingbasic": 10137792,
        "weightedaveragenumberofdilutedsharesoutstanding": 10926486,
        "othercomprehensiveincomelosscashflowhedgegainlossafterreclassificationandtax": 11737000,
        "comprehensiveincomenetoftax": 299747000
    },
    {
        "date": "2020-09-29",
        "symbol": "VICI",
        "period": "Q3",
        "salestypeanddirectfinancingleasesinterestincome": 270274000,
        "interestanddividendincomeoperating": 52827000,
        "revenues": 339653000,
        "generalandadministrativeexpense": 8047000,
        "depreciation": 910000,
        "costofgoodsandservicessold": 4672000,
        "operatingcostsandexpenses": 199970000,
        "operatingincomeloss": 139683000,
        "interestexpense": 77399000,
        "interestincomedepositswithfinancialinstitutions": 214000,
        "incomelossfromcontinuingoperationsbeforeincometaxesextraordinaryitemsnoncontrollinginterest": 395850000,
        "incometaxexpensebenefit": -368000,
        "profitloss": 396218000,
        "netincomelossattributabletononcontrollinginterest": -2056000,
        "netincomeloss": 398274000,
        "earningspersharebasic": 0.79,
        "earningspersharediluted": 0.78,
        "weightedaveragenumberofsharesoutstandingbasic": 18908055,
        "weightedaveragenumberofdilutedsharesoutstanding": 18329787,
        "othercomprehensiveincomelosscashflowhedgegainlossafterreclassificationandtax": 13007000,
        "comprehensiveincomenetoftax": 411281000
    },
    {
        "date": "2020-06-29",
        "symbol": "VICI",
        "period": "Q2",
        "salestypeanddirectfinancingleasesinterestincome": 223895000,
        "interestanddividendincomeoperating": 17026000,
        "revenues": 506603000,
        "generalandadministrativeexpense": 7498000,
        "depreciation": 1213000,
        "costofgoodsandservicessold": 4139000,
        "operatingleasesincomestatementinitialdirectcosts": 1160000,
        "operatingcostsandexpenses": -50734000,
        "operatingincomeloss": 308636000,
        "interestexpense": 77693000,
        "interestincomedepositswithfinancialinstitutions": 1009000,
        "gainslossesonextinguishmentofdebt": 0,
        "incomelossfromcontinuingoperationsbeforeincometaxesextraordinaryitemsnoncontrollinginterest": 231952000,
        "incometaxexpensebenefit": 309000,
        "profitloss": 231643000,
        "netincomelossattributabletononcontrollinginterest": 2241000,
        "netincomeloss": 229402000,
        "earningspersharebasic": 0.48,
        "earningspersharediluted": 0.48,
        "weightedaveragenumberofsharesoutstandingbasic": 11917370,
        "weightedaveragenumberofdilutedsharesoutstanding": 16475057,
        "othercomprehensiveincomelosscashflowhedgegainlossafterreclassificationandtax": 951000,
        "comprehensiveincomenetoftax": 230353000
    },
    {
        "date": "2020-03-30",
        "symbol": "VICI",
        "period": "Q1",
        "salestypeanddirectfinancingleasesinterestincome": 224252000,
        "operatingleasesincomestatementleaserevenue": 10913000,
        "interestanddividendincomeoperating": 12843000,
        "tenantreimbursementandotherincome": 693000,
        "revenues": 6300000,
        "generalandadministrativeexpense": 7015000,
        "depreciation": 867000,
        "tenantreimbursementsandotherexpenses": 703000,
        "costofgoodsandservicessold": 4370000,
        "financingreceivableandnetinvestmentinleasecreditlossexpensereversal": 149508000,
        "operatingleasesincomestatementinitialdirectcosts": 4517000,
        "operatingcostsandexpenses": 166980000,
        "operatingincomeloss": 88021000,
        "interestexpense": 76093000,
        "interestincomedepositswithfinancialinstitutions": 5520000,
        "gainslossesonextinguishmentofdebt": -39059000,
        "incomelossfromcontinuingoperationsbeforeincometaxesextraordinaryitemsnoncontrollinginterest": -21611000,
        "incometaxexpensebenefit": 454000,
        "profitloss": -22065000,
        "netincomelossattributabletononcontrollinginterest": 1947000,
        "netincomeloss": -24012000,
        "earningspersharebasic": -0.05,
        "earningspersharediluted": -0.05,
        "weightedaveragenumberofsharesoutstandingbasic": 465177425,
        "weightedaveragenumberofdilutedsharesoutstanding": 465177425,
        "othercomprehensiveincomelosscashflowhedgegainlossafterreclassificationandtax": -53138000,
        "comprehensiveincomenetoftax": -77150000
    },
    {
        "date": "2019-12-30",
        "symbol": "VICI",
        "period": "Q4",
        "salestypeanddirectfinancingleasesinterestincome": 218905000,
        "operatingleaseleaseincome": 10913000,
        "revenues": 7719000,
        "generalandadministrativeexpense": 5109000,
        "depreciation": 883000,
        "costofgoodsandservicessold": 4538000,
        "operatingincomeloss": 226758000,
        "interestexpense": 71448000,
        "interestincomedepositswithfinancialinstitutions": 4153000,
        "incomelossfromcontinuingoperationsbeforeincometaxesextraordinaryitemsnoncontrollinginterest": 101320000,
        "incometaxexpensebenefit": 607000,
        "profitloss": 100713000,
        "netincomelossattributabletononcontrollinginterest": 2082000,
        "netincomeloss": 98631000,
        "earningspersharebasic": 0.19999999999999996,
        "earningspersharediluted": 0.18999999999999995,
        "weightedaveragenumberofsharesoutstandingbasic": -843638432,
        "weightedaveragenumberofdilutedsharesoutstanding": -845475147,
        "comprehensiveincomenetoftax": 110669000
    },
    {
        "date": "2019-09-29",
        "symbol": "VICI",
        "period": "Q3",
        "salestypeanddirectfinancingleasesinterestincome": 206001000,
        "operatingleaseleaseincome": 10913000,
        "revenues": 5599000,
        "generalandadministrativeexpense": 6717000,
        "depreciation": 1000000,
        "costofgoodsandservicessold": 5423000,
        "operatingleasesincomestatementinitialdirectcosts": 993000,
        "operatingexpenses": 14133000,
        "operatingincomeloss": 208380000,
        "interestexpense": 68531000,
        "interestincomedepositswithfinancialinstitutions": 6690000,
        "incomelossfromcontinuingoperationsbeforeincometaxesextraordinaryitemsnoncontrollinginterest": 146539000,
        "incometaxexpensebenefit": 24000,
        "profitloss": 146515000,
        "netincomelossattributabletononcontrollinginterest": 2080000,
        "netincomeloss": 144435000,
        "earningspersharebasic": 0.31,
        "earningspersharediluted": 0.31,
        "weightedaveragenumberofsharesoutstandingbasic": 460666295,
        "weightedaveragenumberofdilutedsharesoutstanding": 465771668,
        "othercomprehensiveincomelosscashflowhedgegainlossafterreclassificationandtax": -7113000,
        "comprehensiveincomenetoftax": 137322000
    },
    {
        "date": "2019-06-29",
        "symbol": "VICI",
        "period": "Q2",
        "salestypeanddirectfinancingleasesinterestincome": 201549000,
        "operatingleaseleaseincome": 10914000,
        "revenues": 8283000,
        "generalandadministrativeexpense": 6518000,
        "depreciation": 1018000,
        "costofgoodsandservicessold": 4848000,
        "operatingleasesincomestatementinitialdirectcosts": 2867000,
        "operatingexpenses": 15251000,
        "operatingincomeloss": 205495000,
        "interestexpense": 54819000,
        "interestincomedepositswithfinancialinstitutions": 4004000,
        "incomelossfromcontinuingoperationsbeforeincometaxesextraordinaryitemsnoncontrollinginterest": 154680000,
        "incometaxexpensebenefit": 553000,
        "profitloss": 154127000,
        "netincomelossattributabletononcontrollinginterest": 2078000,
        "netincomeloss": 152049000,
        "earningspersharebasic": 0.37,
        "earningspersharediluted": 0.37,
        "weightedaveragenumberofsharesoutstandingbasic": 412309577,
        "weightedaveragenumberofdilutedsharesoutstanding": 412821400,
        "othercomprehensiveincomederivativesqualifyingashedgesnetoftaxportionattributabletoparent": -30688000,
        "comprehensiveincomenetoftax": 121361000
    },
    {
        "date": "2019-03-30",
        "symbol": "VICI",
        "period": "Q1",
        "operatingleasesincomestatementinitialdirectcosts": 889000,
        "salestypeanddirectfinancingleasesinterestincome": 195750000,
        "operatingleaseleaseincome": 10913000,
        "revenues": 7339000,
        "generalandadministrativeexpense": 6225000,
        "depreciation": 930000,
        "costofgoodsandservicessold": 4092000,
        "operatingexpenses": 12136000,
        "operatingincomeloss": 201866000,
        "interestexpense": 53586000,
        "interestincomedepositswithfinancialinstitutions": 5167000,
        "incomelossfromcontinuingoperationsbeforeincometaxesextraordinaryitemsnoncontrollinginterest": 153447000,
        "incometaxexpensebenefit": 521000,
        "profitloss": 152926000,
        "netincomelossattributabletononcontrollinginterest": 2077000,
        "netincomeloss": 150849000,
        "earningspersharebasic": 0.37,
        "earningspersharediluted": 0.37,
        "commonstockdividendspersharedeclared": 0.2875,
        "weightedaveragenumberofsharesoutstandingbasic": 405733656,
        "weightedaveragenumberofdilutedsharesoutstanding": 406035025,
        "othercomprehensiveincomederivativesqualifyingashedgesnetoftaxportionattributabletoparent": -17191000,
        "comprehensiveincomenetoftax": 133658000
    },
    {
        "date": "2018-12-30",
        "symbol": "VICI",
        "period": "Q4",
        "capitalleasesincomestatementdirectfinancingleaserevenue": 187271000,
        "operatingleasesincomestatementleaserevenue": 11345000,
        "propertytaxesreimbursed": 19918000,
        "generalandadministrativeexpense": 4284000,
        "depreciation": 929000,
        "realestatetaxexpense": 20212000,
        "operatingexpenses": 30357000,
        "operatingincomeloss": 195682000,
        "interestexpense": 54298000,
        "interestincomedepositswithfinancialinstitutions": 3803000,
        "incomelossfromcontinuingoperationsbeforeincometaxesextraordinaryitemsnoncontrollinginterest": 145187000,
        "incometaxexpensebenefit": 557000,
        "netincomelossattributabletononcontrollinginterest": 2089000,
        "netincomeloss": 142541000,
        "earningspersharebasic": 0.36999999999999994,
        "earningspersharediluted": 0.36999999999999994,
        "weightedaveragenumberofsharesoutstandingbasic": 6229037,
        "weightedaveragenumberofdilutedsharesoutstanding": 6274698
    },
    {
        "date": "2018-09-29",
        "symbol": "VICI",
        "period": "Q3",
        "capitalleasesincomestatementdirectfinancingleaserevenue": 189938000,
        "operatingleasesincomestatementleaserevenue": 12209000,
        "propertytaxesreimbursed": 25147000,
        "generalandadministrativeexpense": 5677000,
        "depreciation": 2755000,
        "realestatetaxexpense": 25423000,
        "operatingexpenses": 48587000,
        "operatingincomeloss": 187969000,
        "interestexpense": 54051000,
        "interestincomedepositswithfinancialinstitutions": 2027000,
        "incomelossfromcontinuingoperationsbeforeincometaxesextraordinaryitemsnoncontrollinginterest": 135945000,
        "incometaxexpensebenefit": 52000,
        "netincomelossattributabletononcontrollinginterest": 2112000,
        "netincomeloss": 129912000,
        "earningspersharebasic": 0.36000000000000015,
        "earningspersharediluted": 0.36000000000000015,
        "commonstockdividendspersharedeclared": 0.2875,
        "weightedaveragenumberofsharesoutstandingbasic": 4543358,
        "weightedaveragenumberofdilutedsharesoutstanding": 4551203
    },
    {
        "date": "2018-06-29",
        "symbol": "VICI",
        "period": "Q2",
        "capitalleasesincomestatementdirectfinancingleaserevenue": 182319000,
        "operatingleasesincomestatementleaserevenue": 12209000,
        "propertytaxesreimbursed": 18932000,
        "salesrevenuegoodsnet": 7515000,
        "salesrevenuenet": 206672000,
        "generalandadministrativeexpense": 7160000,
        "depreciation": -904000,
        "realestatetaxexpense": 18932000,
        "costofgoodssold": 4513000,
        "operatingexpenses": 31527000,
        "operatingincomeloss": 185579000,
        "interestexpense": 51439000,
        "interestincomedepositswithfinancialinstitutions": 3799000,
        "gainslossesonextinguishmentofdebt": 0,
        "incomelossfromcontinuingoperationsbeforeincometaxesextraordinaryitemsnoncontrollinginterest": 137939000,
        "incometaxexpensebenefit": 448000,
        "netincomelossattributabletononcontrollinginterest": 2316000,
        "netincomeloss": 139044000,
        "earningspersharebasic": 0.36999999999999994,
        "earningspersharediluted": 0.36999999999999994,
        "commonstockdividendspersharedeclared": 0.26249999999999996,
        "weightedaveragenumberofsharesoutstandingbasic": 13553158,
        "weightedaveragenumberofdilutedsharesoutstanding": 13434468
    },
    {
        "date": "2018-03-30",
        "symbol": "VICI",
        "period": "Q1",
        "capitalleasesincomestatementdirectfinancingleaserevenue": 182036000,
        "operatingleasesincomestatementleaserevenue": 12209000,
        "propertytaxesreimbursed": 17243000,
        "salesrevenuegoodsnet": 6788000,
        "salesrevenuenet": 218276000,
        "generalandadministrativeexpense": 7308000,
        "depreciation": 906000,
        "realestatetaxexpense": 17243000,
        "costofgoodssold": 4095000,
        "operatingexpenses": 29552000,
        "operatingincomeloss": 188724000,
        "interestexpense": 52875000,
        "interestincomedepositswithfinancialinstitutions": 1678000,
        "gainslossesonextinguishmentofdebt": -23040000,
        "incomelossfromcontinuingoperationsbeforeincometaxesextraordinaryitemsnoncontrollinginterest": 114487000,
        "incometaxexpensebenefit": 384000,
        "netincomeloss": 112122000,
        "netincomelossattributabletononcontrollinginterest": 1981000,
        "netincomelossavailabletocommonstockholdersbasic": 112122000,
        "weightedaveragenumberofsharesoutstandingbasic": 342900842,
        "weightedaveragenumberofdilutedsharesoutstanding": 343056532,
        "earningspersharebasic": 0.33,
        "earningspersharediluted": 0.33,
        "commonstockdividendspersharedeclared": 0.16,
        "revenuefromrelatedparties": 1042000
    },
    {
        "date": "2017-12-30",
        "symbol": "VICI",
        "period": "Q4",
        "capitalleasesincomestatementdirectfinancingleaserevenue": 150171000,
        "operatingleasesincomestatementleaserevenue": 11529000,
        "propertytaxesreimbursed": 19558000,
        "salesrevenuegoodsnet": 6351000,
        "salesrevenuenet": 187609000,
        "costofgoodssold": 4126000,
        "generalandadministrativeexpense": 9939000,
        "depreciation": 751000,
        "realestatetaxexpense": 19558000,
        "businesscombinationacquisitionrelatedcosts": 9039000,
        "operatingexpenses": 43413000,
        "operatingincomeloss": 144196000,
        "interestexpense": 63354000,
        "interestincomedepositswithfinancialinstitutions": 282000,
        "gainslossesonextinguishmentofdebt": -38488000,
        "incomelossfromcontinuingoperationsbeforeincometaxesextraordinaryitemsnoncontrollinginterest": 42636000,
        "incometaxexpensebenefit": -1901000,
        "netincomeloss": 42662000,
        "netincomelossattributabletononcontrollinginterest": 1875000,
        "netincomelossavailabletocommonstockholdersbasic": 42662000,
        "weightedaveragenumberofsharesoutstandingbasic": 227829000,
        "weightedaveragenumberofdilutedsharesoutstanding": 227985000,
        "earningspersharebasic": 0.19,
        "earningspersharediluted": 0.19
    },
    {
        "date": "2017-09-29",
        "symbol": "VICI",
        "period": "Q3",
        "salesrevenuegoodsnet": 48000,
        "foodandbeveragerevenue": 12000,
        "retailrevenue": 26000,
        "salesrevenuenet": 4102000,
        "costofgoodssold": 1461000,
        "foodandbeveragecostofsales": 235000,
        "retailexpenses": 185000,
        "ownedpropertymanagementcosts": 1127000,
        "depreciation": 801000,
        "generalandadministrativeexpense": 12000,
        "operatingexpenses": 4102000
    }
]