[
    {
        "date": "2024-09-29",
        "symbol": "SHW",
        "period": "Q3",
        "revenuefromcontractwithcustomerexcludingassessedtax": 1124000000,
        "costofgoodsandservicessold": 3135000000,
        "grossprofit": 3027500000,
        "grossprofitpercentage": 0.491,
        "sellinggeneralandadministrativeexpense": 1893700000,
        "sellinggeneraladministrativeexpenseaspercentnetsales": 0.307,
        "otheroperatingincomeexpensenet": -700000,
        "interestexpensenonoperating": 103400000,
        "investmentincomenet": 2600000,
        "othernonoperatingincomeexpense": -9500000,
        "incomelossfromcontinuingoperationsbeforeincometaxesextraordinaryitemsnoncontrollinginterest": 1022800000,
        "incometaxexpensebenefit": 216600000,
        "netincomeloss": 806200000,
        "earningspersharebasic": 3.22,
        "earningspersharediluted": 3.18,
        "weightedaveragenumberofsharesoutstandingbasic": 250600000,
        "weightedaveragenumberofdilutedsharesoutstanding": 253900000,
        "othercomprehensiveincomeforeigncurrencytransactionandtranslationadjustmentnetoftaxportionattributabletoparent": 106100000,
        "othercomprehensiveincomelossreclassificationadjustmentfromaocipensionandotherpostretirementbenefitplansnetoftax": -4500000,
        "othercomprehensiveincomelosscashflowhedgegainlossreclassificationaftertax": 900000,
        "othercomprehensiveincomelossnetoftaxportionattributabletoparent": 100700000,
        "comprehensiveincomenetoftax": 906900000,
        "othercomprehensiveincomelossforeigncurrencytransactionandtranslationadjustmentnetoftax": -31400000,
        "othercomprehensiveincomelossreclassificationadjustmentfromaocipensionandotherpostretirementbenefitplanstax": -1600000,
        "othercomprehensiveincomelosscashflowhedgegainlossreclassificationtax": 300000
    },
    {
        "date": "2024-06-29",
        "symbol": "SHW",
        "period": "Q2",
        "revenuefromcontractwithcustomerexcludingassessedtax": 6271500000,
        "costofgoodsandservicessold": 3208100000,
        "grossprofit": 3063400000,
        "grossprofitpercentage": 0.488,
        "sellinggeneralandadministrativeexpense": 1845700000,
        "sellinggeneraladministrativeexpenseaspercentnetsales": 0.294,
        "otheroperatingincomeexpensenet": 33600000,
        "interestexpensenonoperating": 110800000,
        "investmentincomenet": 900000,
        "othernonoperatingincomeexpense": 32000000,
        "incomelossfromcontinuingoperationsbeforeincometaxesextraordinaryitemsnoncontrollinginterest": 1173400000,
        "incometaxexpensebenefit": 283500000,
        "netincomeloss": 889900000,
        "earningspersharebasic": 3.55,
        "earningspersharediluted": 3.5,
        "weightedaveragenumberofsharesoutstandingbasic": 251000000,
        "weightedaveragenumberofdilutedsharesoutstanding": 254200000,
        "othercomprehensiveincomeforeigncurrencytransactionandtranslationadjustmentnetoftaxportionattributabletoparent": -66600000,
        "othercomprehensiveincomelossreclassificationadjustmentfromaocipensionandotherpostretirementbenefitplansnetoftax": -4400000,
        "othercomprehensiveincomelosscashflowhedgegainlossreclassificationaftertax": 900000,
        "othercomprehensiveincomelossnetoftaxportionattributabletoparent": -71900000,
        "comprehensiveincomenetoftax": 818000000,
        "othercomprehensiveincomelossforeigncurrencytransactionandtranslationadjustmentnetoftax": 5800000,
        "othercomprehensiveincomelossreclassificationadjustmentfromaocipensionandotherpostretirementbenefitplanstax": -1400000,
        "othercomprehensiveincomelosscashflowhedgegainlossreclassificationtax": 300000
    },
    {
        "date": "2024-03-30",
        "symbol": "SHW",
        "period": "Q1",
        "revenuefromcontractwithcustomerexcludingassessedtax": 5367300000,
        "costofgoodsandservicessold": 2836300000,
        "grossprofit": 2531000000,
        "grossprofitpercentage": 0.472,
        "sellinggeneralandadministrativeexpense": 1799800000,
        "sellinggeneraladministrativeexpenseaspercentnetsales": 0.335,
        "otheroperatingincomeexpensenet": -2000000,
        "interestexpense": 103000000,
        "investmentincomenet": 6100000,
        "othernonoperatingincomeexpense": 7700000,
        "incomelossfromcontinuingoperationsbeforeincometaxesextraordinaryitemsnoncontrollinginterest": 640000000,
        "incometaxexpensebenefit": 134800000,
        "netincomeloss": 505200000,
        "earningspersharebasic": 2,
        "earningspersharediluted": 1.97,
        "weightedaveragenumberofsharesoutstandingbasic": 252500000,
        "weightedaveragenumberofdilutedsharesoutstanding": 255800000,
        "othercomprehensiveincomeforeigncurrencytransactionandtranslationadjustmentnetoftaxportionattributabletoparent": -75300000,
        "othercomprehensiveincomelossreclassificationadjustmentfromaocipensionandotherpostretirementbenefitplansnetoftax": -4500000,
        "othercomprehensiveincomelosscashflowhedgegainlossreclassificationaftertax": 900000,
        "othercomprehensiveincomelossnetoftaxportionattributabletoparent": -80700000,
        "comprehensiveincomenetoftax": 424500000,
        "othercomprehensiveincomelossforeigncurrencytransactionandtranslationadjustmentnetoftax": 18300000,
        "othercomprehensiveincomelossreclassificationadjustmentfromaocipensionandotherpostretirementbenefitplanstax": -1500000,
        "othercomprehensiveincomelosscashflowhedgegainlossreclassificationtax": 300000
    },
    {
        "date": "2023-12-30",
        "symbol": "SHW",
        "period": "Q4",
        "revenuefromcontractwithcustomerexcludingassessedtax": 5252200000,
        "costofgoodsandservicessold": 2703500000,
        "grossprofit": 2548700000,
        "grossprofitpercentage": 0.006000000000000005,
        "sellinggeneralandadministrativeexpense": 1855900000,
        "sellinggeneraladministrativeexpenseaspercentnetsales": 0.013000000000000012,
        "otheroperatingincomeexpensenet": -27200000,
        "interestexpense": 94600000,
        "othernonoperatingincomeexpense": -82500000,
        "incomelossfromcontinuingoperationsbeforeincometaxesextraordinaryitemsnoncontrollinginterest": 474000000,
        "incometaxexpensebenefit": 117800000,
        "netincomeloss": 356200000,
        "earningspersharebasic": 1.41,
        "earningspersharediluted": 1.4000000000000006,
        "weightedaveragenumberofsharesoutstandingbasic": 255400000,
        "weightedaveragenumberofdilutedsharesoutstanding": 258300000,
        "othercomprehensiveincomelossreclassificationadjustmentfromaocipensionandotherpostretirementbenefitplansnetoftax": -4300000,
        "othercomprehensiveincomelosscashflowhedgegainlossreclassificationaftertax": 900000,
        "othercomprehensiveincomelossnetoftaxportionattributabletoparent": 132100000,
        "comprehensiveincomenetoftax": 488299999.99999994,
        "othercomprehensiveincomelossforeigncurrencytransactionandtranslationadjustmentnetoftax": 14600000,
        "othercomprehensiveincomelossreclassificationadjustmentfromaocipensionandotherpostretirementbenefitplanstax": -1300000,
        "othercomprehensiveincomelosscashflowhedgegainlossreclassificationtax": 300000
    },
    {
        "date": "2023-09-29",
        "symbol": "SHW",
        "period": "Q3",
        "revenuefromcontractwithcustomerexcludingassessedtax": 10472100000,
        "costofgoodsandservicessold": 3200500000,
        "grossprofit": 2916200000,
        "grossprofitpercentage": -0.444,
        "sellinggeneralandadministrativeexpense": 1756500000,
        "sellinggeneraladministrativeexpenseaspercentnetsales": -0.3,
        "otheroperatingincomeexpensenet": -61900000,
        "interestexpense": 101900000,
        "investmentincomenet": 5100000,
        "othernonoperatingincomeexpense": 8000000,
        "incomelossfromcontinuingoperationsbeforeincometaxesextraordinaryitemsnoncontrollinginterest": 1848400000,
        "incometaxexpensebenefit": 247500000,
        "netincomeloss": 761500000,
        "earningspersharebasic": 2.9799999999999995,
        "earningspersharediluted": 2.9399999999999995,
        "weightedaveragenumberofsharesoutstandingbasic": -256800000,
        "weightedaveragenumberofdilutedsharesoutstanding": -259800000,
        "othercomprehensiveincomelossforeigncurrencytransactionandtranslationadjustmentnetoftax": -55200000,
        "othercomprehensiveincomelossreclassificationadjustmentfromaocipensionandotherpostretirementbenefitplansnetoftax": -4600000,
        "othercomprehensiveincomelosscashflowhedgegainlossreclassificationaftertax": 900000,
        "othercomprehensiveincomelossnetoftaxportionattributabletoparent": -105100000,
        "comprehensiveincomenetoftax": 656400000,
        "othercomprehensiveincomelossreclassificationadjustmentfromaocipensionandotherpostretirementbenefitplanstax": -1600000,
        "othercomprehensiveincomelosscashflowhedgegainlossreclassificationtax": 300000
    },
    {
        "date": "2023-06-29",
        "symbol": "SHW",
        "period": "Q2",
        "revenuefromcontractwithcustomerexcludingassessedtax": 6240600000,
        "costofgoodsandservicessold": 3368300000,
        "grossprofit": 2872300000,
        "grossprofitpercentage": 0.46,
        "sellinggeneralandadministrativeexpense": 1760000000,
        "sellinggeneraladministrativeexpenseaspercentnetsales": 0.282,
        "otheroperatingincomeexpensenet": 32500000,
        "assetimpairmentcharges": 34000000,
        "interestexpense": 111700000,
        "investmentincomenet": 7200000,
        "othernonoperatingincomeexpense": 5800000,
        "incomelossfromcontinuingoperationsbeforeincometaxesextraordinaryitemsnoncontrollinginterest": 1012100000,
        "incometaxexpensebenefit": 218400000,
        "netincomeloss": 793700000,
        "earningspersharebasic": 3.1,
        "earningspersharediluted": 3.07,
        "weightedaveragenumberofsharesoutstandingbasic": 256000000,
        "weightedaveragenumberofdilutedsharesoutstanding": 258900000,
        "othercomprehensiveincomelossforeigncurrencytransactionandtranslationadjustmentnetoftax": 19900000,
        "othercomprehensiveincomelossreclassificationadjustmentfromaocipensionandotherpostretirementbenefitplansnetoftax": -4500000,
        "othercomprehensiveincomelosscashflowhedgegainlossreclassificationaftertax": 900000,
        "othercomprehensiveincomelossnetoftaxportionattributabletoparent": 14500000,
        "comprehensiveincomenetoftax": 808200000,
        "othercomprehensiveincomelossreclassificationadjustmentfromaocipensionandotherpostretirementbenefitplanstax": -1300000,
        "othercomprehensiveincomelosscashflowhedgegainlossreclassificationtax": 300000
    },
    {
        "date": "2023-03-30",
        "symbol": "SHW",
        "period": "Q1",
        "revenuefromcontractwithcustomerexcludingassessedtax": 1087000000,
        "costofgoodsandservicessold": 3021500000,
        "grossprofit": 2420900000,
        "grossprofitpercentage": 0.445,
        "sellinggeneralandadministrativeexpense": 1693000000,
        "sellinggeneraladministrativeexpenseaspercentnetsales": 0.311,
        "otheroperatingincomeexpensenet": -10500000,
        "interestexpense": 109300000,
        "investmentincomenet": 3500000,
        "othernonoperatingincomeexpense": 3200000,
        "incomelossfromcontinuingoperationsbeforeincometaxesextraordinaryitemsnoncontrollinginterest": -224600000,
        "incometaxexpensebenefit": 137400000,
        "netincomeloss": 477400000,
        "earningspersharebasic": 1.86,
        "earningspersharediluted": 1.84,
        "weightedaveragenumberofsharesoutstandingbasic": 256700000,
        "weightedaveragenumberofdilutedsharesoutstanding": 259700000,
        "othercomprehensiveincomelossforeigncurrencytransactionandtranslationadjustmentnetoftax": -4200000,
        "othercomprehensiveincomelossreclassificationadjustmentfromaocipensionandotherpostretirementbenefitplansnetoftax": -4500000,
        "othercomprehensiveincomelosscashflowhedgegainlossreclassificationaftertax": 900000,
        "othercomprehensiveincomelossnetoftaxportionattributabletoparent": 34800000,
        "comprehensiveincomenetoftax": 512200000.00000006,
        "othercomprehensiveincomelossreclassificationadjustmentfromaocipensionandotherpostretirementbenefitplanstax": -1700000,
        "othercomprehensiveincomelosscashflowhedgegainlossreclassificationtax": 300000
    },
    {
        "date": "2022-12-30",
        "symbol": "SHW",
        "period": "Q4",
        "revenuefromcontractwithcustomerexcludingassessedtax": 9151200000,
        "costofgoodsandservicessold": 2996700000,
        "grossprofit": 2233800000,
        "grossprofitpercentage": -0.835,
        "sellinggeneralandadministrativeexpense": 1559300000,
        "sellinggeneraladministrativeexpenseaspercentnetsales": -0.522,
        "otheroperatingincomeexpensenet": 17400000,
        "amortizationofintangibleassets": 79300000,
        "interestexpense": 108300000,
        "othernonoperatingincomeexpense": 2900000,
        "incomelossfromcontinuingoperationsbeforeincometaxesextraordinaryitemsnoncontrollinginterest": 1149700000,
        "incometaxexpensebenefit": 108600000,
        "netincomeloss": 386300000,
        "earningspersharebasic": 1.4999999999999998,
        "earningspersharediluted": 1.4799999999999998,
        "weightedaveragenumberofsharesoutstandingbasic": -516600000,
        "weightedaveragenumberofdilutedsharesoutstanding": -524200000,
        "othercomprehensiveincomelossreclassificationadjustmentfromaocipensionandotherpostretirementbenefitplansnetoftax": 200000,
        "othercomprehensiveincomelosscashflowhedgegainlossreclassificationaftertax": 1100000,
        "othercomprehensiveincomelossnetoftaxportionattributabletoparent": 361900000,
        "comprehensiveincomenetoftax": 748200000,
        "othercomprehensiveincomelossforeigncurrencytransactionandtranslationadjustmentnetoftax": 347100000,
        "othercomprehensiveincomelossreclassificationadjustmentfromaocipensionandotherpostretirementbenefitplanstax": 100000,
        "othercomprehensiveincomelosscashflowhedgegainlossreclassificationtax": 100000
    },
    {
        "date": "2022-09-29",
        "symbol": "SHW",
        "period": "Q3",
        "revenuefromcontractwithcustomerexcludingassessedtax": 6047400000,
        "costofgoodsandservicessold": 3458000000,
        "grossprofit": 2589400000,
        "grossprofitpercentage": 0.428,
        "sellinggeneralandadministrativeexpense": 1528600000,
        "sellinggeneraladministrativeexpenseaspercentnetsales": 0.253,
        "otheroperatingincomeexpensenet": 14400000,
        "amortizationofintangibleassets": 81300000,
        "interestexpense": 101200000,
        "investmentincomenet": 2600000,
        "othernonoperatingincomeexpense": -18100000,
        "incomelossfromcontinuingoperationsbeforeincometaxesextraordinaryitemsnoncontrollinginterest": 877200000,
        "incometaxexpensebenefit": 192100000,
        "netincomeloss": 685100000,
        "earningspersharebasic": 2.66,
        "earningspersharediluted": 2.62,
        "weightedaveragenumberofsharesoutstandingbasic": 257700000,
        "weightedaveragenumberofdilutedsharesoutstanding": 261100000,
        "othercomprehensiveincomelossforeigncurrencytransactionandtranslationadjustmentnetoftax": -148000000,
        "othercomprehensiveincomelossreclassificationadjustmentfromaocipensionandotherpostretirementbenefitplansnetoftax": 1000000,
        "othercomprehensiveincomelosscashflowhedgegainlossreclassificationaftertax": 900000,
        "othercomprehensiveincomelossnetoftaxportionattributabletoparent": -147900000,
        "comprehensiveincomenetoftax": 537200000,
        "othercomprehensiveincomelossreclassificationadjustmentfromaocipensionandotherpostretirementbenefitplanstax": 300000,
        "othercomprehensiveincomelosscashflowhedgegainlossreclassificationtax": 300000
    },
    {
        "date": "2022-06-29",
        "symbol": "SHW",
        "period": "Q2",
        "revenuefromcontractwithcustomerexcludingassessedtax": 5872300000,
        "costofgoodsandservicessold": 3423300000,
        "grossprofit": 2449000000,
        "grossprofitpercentage": 0.417,
        "sellinggeneralandadministrativeexpense": 1519100000,
        "sellinggeneraladministrativeexpenseaspercentnetsales": 0.259,
        "otheroperatingincomeexpensenet": -4400000,
        "amortizationofintangibleassets": 78500000,
        "interestexpense": 92900000,
        "investmentincomenet": 1300000,
        "othernonoperatingincomeexpense": -15500000,
        "incomelossfromcontinuingoperationsbeforeincometaxesextraordinaryitemsnoncontrollinginterest": 739900000,
        "incometaxexpensebenefit": 162000000,
        "netincomeloss": 577900000,
        "earningspersharebasic": 2.24,
        "earningspersharediluted": 2.21,
        "weightedaveragenumberofsharesoutstandingbasic": 258100000,
        "weightedaveragenumberofdilutedsharesoutstanding": 261800000,
        "othercomprehensiveincomelossforeigncurrencytransactionandtranslationadjustmentnetoftax": -173100000,
        "othercomprehensiveincomelossreclassificationadjustmentfromaocipensionandotherpostretirementbenefitplansnetoftax": 1500000,
        "othercomprehensiveincomelosscashflowhedgegainlossreclassificationaftertax": 1000000,
        "othercomprehensiveincomelossnetoftaxportionattributabletoparent": -172600000,
        "comprehensiveincomenetoftax": 405300000,
        "othercomprehensiveincomelossreclassificationadjustmentfromaocipensionandotherpostretirementbenefitplanstax": 600000,
        "othercomprehensiveincomelosscashflowhedgegainlossreclassificationtax": 400000
    },
    {
        "date": "2022-03-30",
        "symbol": "SHW",
        "period": "Q1",
        "revenuefromcontractwithcustomerexcludingassessedtax": 1078000000,
        "costofgoodsandservicessold": 2945800000,
        "grossprofit": 2052900000,
        "grossprofitpercentage": 0.41100000000000003,
        "sellinggeneralandadministrativeexpense": 1407500000,
        "sellinggeneraladministrativeexpenseaspercentnetsales": 0.282,
        "otheroperatingincomeexpensenet": -2500000,
        "amortizationofintangibleassets": 78000000,
        "interestexpense": 88400000,
        "investmentincomenet": 900000,
        "othernonoperatingincomeexpense": -16300000,
        "incomelossfromcontinuingoperationsbeforeincometaxesextraordinaryitemsnoncontrollinginterest": -193700000,
        "incometaxexpensebenefit": 90300000,
        "netincomeloss": 370800000,
        "earningspersharebasic": 1.43,
        "earningspersharediluted": 1.41,
        "weightedaveragenumberofsharesoutstandingbasic": 258800000,
        "weightedaveragenumberofdilutedsharesoutstanding": 263100000.00000003,
        "othercomprehensiveincomelossforeigncurrencytransactionandtranslationadjustmentnetoftax": 8100000,
        "othercomprehensiveincomelossreclassificationadjustmentfromaocipensionandotherpostretirementbenefitplansnetoftax": 1000000,
        "othercomprehensiveincomelosscashflowhedgegainlossreclassificationaftertax": 1000000,
        "othercomprehensiveincomelossnetoftaxportionattributabletoparent": -43600000,
        "comprehensiveincomenetoftax": 327200000,
        "othercomprehensiveincomelossreclassificationadjustmentfromaocipensionandotherpostretirementbenefitplanstax": 200000,
        "othercomprehensiveincomelosscashflowhedgegainlossreclassificationtax": 300000
    },
    {
        "date": "2021-12-30",
        "symbol": "SHW",
        "period": "Q4",
        "revenuefromcontractwithcustomerexcludingassessedtax": -7717300000,
        "costofgoodsandservicessold": 2882400000,
        "grossprofit": 1879700000.000001,
        "grossprofitpercentage": -0.89,
        "sellinggeneralandadministrativeexpense": 1439900000,
        "sellinggeneraladministrativeexpenseaspercentnetsales": -0.5390000000000001,
        "amortizationofintangibleassets": 76300000,
        "interestexpense": 84900000,
        "othernonoperatingincomeexpense": 17900000,
        "incometaxexpensebenefit": 4900000,
        "netincomeloss": 304000000,
        "earningspersharebasic": 1.1699999999999995,
        "earningspersharediluted": 1.1700000000000006,
        "weightedaveragenumberofsharesoutstandingbasic": -527700000,
        "weightedaveragenumberofdilutedsharesoutstanding": -537900000,
        "othercomprehensiveincomelossreclassificationadjustmentfromaocipensionandotherpostretirementbenefitplansnetoftax": 1700000,
        "othercomprehensiveincomelosscashflowhedgegainlossreclassificationaftertax": 1400000,
        "othercomprehensiveincomelossnetoftaxportionattributabletoparent": 88300000,
        "comprehensiveincomenetoftax": 392300000,
        "othercomprehensiveincomelossforeigncurrencytransactionandtranslationadjustmentnetoftax": 5500000,
        "othercomprehensiveincomelossreclassificationadjustmentfromaocipensionandotherpostretirementbenefitplanstax": 400000,
        "othercomprehensiveincomelosscashflowhedgegainlossreclassificationtax": 0
    },
    {
        "date": "2021-09-29",
        "symbol": "SHW",
        "period": "Q3",
        "revenuefromcontractwithcustomerexcludingassessedtax": 1018999999.9999999,
        "costofgoodsandservicessold": 3007100000,
        "grossprofit": 2139600000,
        "grossprofitpercentage": 0.41600000000000004,
        "sellinggeneralandadministrativeexpense": 1368900000,
        "sellinggeneraladministrativeexpenseaspercentnetsales": 0.266,
        "otheroperatingincomeexpensenet": 1100000,
        "amortizationofintangibleassets": 76200000,
        "interestexpense": 83100000,
        "investmentincomenet": 700000,
        "othernonoperatingincomeexpense": -1700000,
        "incomelossfromcontinuingoperationsbeforeincometaxesextraordinaryitemsnoncontrollinginterest": -206200000,
        "incometaxexpensebenefit": 109300000,
        "netincomeloss": 502200000,
        "earningspersharebasic": 1.92,
        "earningspersharediluted": 1.88,
        "weightedaveragenumberofsharesoutstandingbasic": 261600000.00000003,
        "weightedaveragenumberofdilutedsharesoutstanding": 266600000.00000003,
        "othercomprehensiveincomelossforeigncurrencytransactionandtranslationadjustmentnetoftax": 14500000,
        "othercomprehensiveincomelossreclassificationadjustmentfromaocipensionandotherpostretirementbenefitplansnetoftax": 1400000,
        "othercomprehensiveincomelosscashflowhedgegainlossreclassificationaftertax": 700000,
        "othercomprehensiveincomelossnetoftaxportionattributabletoparent": -85500000,
        "comprehensiveincomenetoftax": 416700000,
        "othercomprehensiveincomelossforeigncurrencytranslationadjustmenttax": 4900000,
        "othercomprehensiveincomelossreclassificationadjustmentfromaocipensionandotherpostretirementbenefitplanstax": 600000,
        "othercomprehensiveincomelosscashflowhedgegainlossreclassificationtax": 600000
    },
    {
        "date": "2021-06-29",
        "symbol": "SHW",
        "period": "Q2",
        "revenuefromcontractwithcustomerexcludingassessedtax": 5379800000,
        "costofgoodsandservicessold": 2968400000,
        "grossprofit": 2411400000,
        "grossprofitpercentage": 0.448,
        "sellinggeneralandadministrativeexpense": 1437800000,
        "sellinggeneraladministrativeexpenseaspercentnetsales": 0.267,
        "otheroperatingincomeexpensenet": 5200000,
        "amortizationofintangibleassets": 77800000,
        "interestexpense": 83500000,
        "investmentincomenet": 600000,
        "othernonoperatingincomeexpense": 1100000,
        "incomelossfromcontinuingoperationsbeforeincometaxesminorityinterestandincomelossfromequitymethodinvestments": 819200000,
        "incometaxexpensebenefit": 170600000,
        "netincomeloss": 648600000,
        "earningspersharebasic": 2.47,
        "earningspersharediluted": 2.42,
        "weightedaveragenumberofsharesoutstandingbasic": 262800000,
        "weightedaveragenumberofdilutedsharesoutstanding": 267800000,
        "othercomprehensiveincomelossforeigncurrencytransactionandtranslationadjustmentnetoftax": 62600000,
        "othercomprehensiveincomelossreclassificationadjustmentfromaocipensionandotherpostretirementbenefitplansnetoftax": 1400000,
        "othercomprehensiveincomelosscashflowhedgegainlossreclassificationaftertax": 1400000,
        "othercomprehensiveincomelossnetoftaxportionattributabletoparent": 62600000,
        "comprehensiveincomenetoftax": 711200000,
        "othercomprehensiveincomelossforeigncurrencytranslationadjustmenttax": -2000000,
        "othercomprehensiveincomelossreclassificationadjustmentfromaocipensionandotherpostretirementbenefitplanstax": 300000,
        "othercomprehensiveincomelosscashflowhedgegainlossreclassificationtax": 100000
    },
    {
        "date": "2021-03-30",
        "symbol": "SHW",
        "period": "Q1",
        "revenuefromcontractwithcustomerexcludingassessedtax": 4656000000,
        "costofgoodsandservicessold": 2544000000,
        "grossprofit": 2112000000,
        "grossprofitpercentage": 0.454,
        "sellinggeneralandadministrativeexpense": 1325900000,
        "sellinggeneraladministrativeexpenseaspercentnetsales": 0.285,
        "othergeneralincomeexpensenet": -117500000,
        "amortizationofintangibleassets": 79200000,
        "interestexpense": 83200000,
        "investmentincomenet": 600000,
        "othernonoperatingincomeexpense": 2200000,
        "incomelossfromcontinuingoperationsbeforeincometaxesminorityinterestandincomelossfromequitymethodinvestments": 509000000,
        "incometaxexpensebenefit": 99400000,
        "netincomeloss": 409600000,
        "earningspersharebasic": 1.54,
        "earningspersharediluted": 1.51,
        "weightedaveragenumberofsharesoutstandingbasic": 265800000,
        "weightedaveragenumberofdilutedsharesoutstanding": 270600000,
        "othercomprehensiveincomelossforeigncurrencytransactionandtranslationadjustmentnetoftax": -46300000,
        "othercomprehensiveincomelossreclassificationadjustmentfromaocipensionandotherpostretirementbenefitplansnetoftax": 1800000,
        "othercomprehensiveincomelosscashflowhedgegainlossreclassificationaftertax": 1000000,
        "othercomprehensiveincomelossnetoftaxportionattributabletoparent": -45500000,
        "comprehensiveincomenetoftax": 364100000,
        "othercomprehensiveincomelossforeigncurrencytranslationadjustmenttax": 7500000,
        "othercomprehensiveincomelossreclassificationadjustmentfromaocipensionandotherpostretirementbenefitplanstax": 800000,
        "othercomprehensiveincomelosscashflowhedgegainlossreclassificationtax": 300000
    },
    {
        "date": "2020-12-30",
        "symbol": "SHW",
        "period": "Q4",
        "revenuefromcontractwithcustomerexcludingassessedtax": 4488800000,
        "costofgoodsandservicessold": 2360100000,
        "grossprofit": 2128700000,
        "grossprofitpercentage": -0.942,
        "sellinggeneralandadministrativeexpense": 1472200000,
        "sellinggeneraladministrativeexpenseaspercentnetsales": -0.5720000000000001,
        "othergeneralincomeexpensenet": -14600000,
        "amortizationofintangibleassets": 79200000,
        "interestexpense": 82800000,
        "othernonoperatingincomeexpense": 25300000,
        "incomelossfromcontinuingoperationsbeforeincometaxesminorityinterestandincomelossfromequitymethodinvestments": 503900000,
        "incometaxexpensebenefit": 96900000,
        "netincomeloss": 407000000,
        "earningspersharebasic": 4.529999999999999,
        "earningspersharediluted": 4.479999999999998,
        "weightedaveragenumberofsharesoutstandingbasic": -181657089,
        "weightedaveragenumberofdilutedsharesoutstanding": -184980348,
        "othercomprehensiveincomelossreclassificationadjustmentfromaocipensionandotherpostretirementbenefitplansnetoftax": -500000,
        "othercomprehensiveincomedefinedbenefitplansadjustmentnetoftaxportionattributabletoparent": 19900000,
        "othercomprehensiveincomelosscashflowhedgegainlossreclassificationaftertax": 1100000,
        "othercomprehensiveincomelossnetoftaxportionattributabletoparent": 74000000,
        "comprehensiveincomenetoftax": 481000000,
        "othercomprehensiveincomelossforeigncurrencytransactionandtranslationadjustmentnetoftax": 55100000,
        "othercomprehensiveincomelossreclassificationadjustmentfromaocipensionandotherpostretirementbenefitplanstax": -900000,
        "othercomprehensiveincomelosscashflowhedgegainlossreclassificationtax": 400000
    },
    {
        "date": "2020-09-29",
        "symbol": "SHW",
        "period": "Q3",
        "revenuefromcontractwithcustomerexcludingassessedtax": 5122200000,
        "costofgoodsandservicessold": 2666900000,
        "grossprofit": 2455300000,
        "grossprofitpercentage": 0.479,
        "sellinggeneralandadministrativeexpense": 1406800000,
        "sellinggeneraladministrativeexpenseaspercentnetsales": 0.275,
        "othergeneralincomeexpensenet": -10500000,
        "amortizationofintangibleassets": 78700000,
        "interestexpense": 83300000,
        "investmentincomenet": 1400000,
        "othernonoperatingincomeexpense": -1800000,
        "incomelossfromcontinuingoperationsbeforeincometaxesminorityinterestandincomelossfromequitymethodinvestments": 875600000,
        "incometaxexpensebenefit": 169800000,
        "netincomeloss": 705800000,
        "earningspersharebasic": 7.8,
        "earningspersharediluted": 7.66,
        "weightedaveragenumberofsharesoutstandingbasic": 90537314,
        "weightedaveragenumberofdilutedsharesoutstanding": 92110229,
        "othercomprehensiveincomelossforeigncurrencytransactionandtranslationadjustmentnetoftax": 75200000,
        "othercomprehensiveincomelossreclassificationadjustmentfromaocipensionandotherpostretirementbenefitplansnetoftax": 600000,
        "othercomprehensiveincomedefinedbenefitplansadjustmentnetoftaxportionattributabletoparent": -600000,
        "othercomprehensiveincomelosscashflowhedgegainlossreclassificationaftertax": 900000,
        "othercomprehensiveincomelosscashflowhedgegainlossafterreclassificationandtax": -900000,
        "othercomprehensiveincomelossnetoftaxportionattributabletoparent": 74900000,
        "comprehensiveincomenetoftax": 780700000,
        "othercomprehensiveincomelossforeigncurrencytranslationadjustmenttax": -8700000,
        "othercomprehensiveincomelossreclassificationadjustmentfromaocipensionandotherpostretirementbenefitplanstax": 200000,
        "othercomprehensiveincomelosscashflowhedgegainlossreclassificationtax": 400000
    },
    {
        "date": "2020-06-29",
        "symbol": "SHW",
        "period": "Q2",
        "revenuefromcontractwithcustomerexcludingassessedtax": 4604000000,
        "costofgoodsandservicessold": 2395100000,
        "grossprofit": 2208900000,
        "grossprofitpercentage": 0.48,
        "sellinggeneralandadministrativeexpense": 1291300000,
        "sellinggeneraladministrativeexpenseaspercentnetsales": 0.28,
        "othergeneralincomeexpensenet": 1100000,
        "amortizationofintangibleassets": 77400000,
        "interestexpense": 88100000,
        "investmentincomenet": 600000,
        "othernonoperatingincomeexpense": -6400000,
        "incomelossfromcontinuingoperationsbeforeincometaxesminorityinterestandincomelossfromequitymethodinvestments": 747400000,
        "incometaxexpensebenefit": 151500000,
        "netincomeloss": 595900000,
        "earningspersharebasic": 6.59,
        "earningspersharediluted": 6.48,
        "weightedaveragenumberofsharesoutstandingbasic": 90469663,
        "weightedaveragenumberofdilutedsharesoutstanding": 91952798,
        "othercomprehensiveincomelossforeigncurrencytransactionandtranslationadjustmentnetoftax": 34400000,
        "othercomprehensiveincomelossreclassificationadjustmentfromaocipensionandotherpostretirementbenefitplansnetoftax": 700000,
        "othercomprehensiveincomedefinedbenefitplansadjustmentnetoftaxportionattributabletoparent": -700000,
        "othercomprehensiveincomelosscashflowhedgegainlossreclassificationaftertax": 1200000,
        "othercomprehensiveincomelosscashflowhedgegainlossafterreclassificationandtax": -1200000,
        "othercomprehensiveincomelossnetoftaxportionattributabletoparent": 33900000,
        "comprehensiveincomenetoftax": 629800000,
        "othercomprehensiveincomelossforeigncurrencytranslationadjustmenttax": -2900000,
        "othercomprehensiveincomelossreclassificationadjustmentfromaocipensionandotherpostretirementbenefitplanstax": 100000,
        "othercomprehensiveincomelosscashflowhedgegainlossreclassificationtax": 200000
    },
    {
        "date": "2020-03-30",
        "symbol": "SHW",
        "period": "Q1",
        "netincomeloss": 321700000,
        "othercomprehensiveincomelossforeigncurrencytransactionandtranslationadjustmentnetoftax": -218700000,
        "othercomprehensiveincomelossreclassificationadjustmentfromaocipensionandotherpostretirementbenefitplansnetoftax": 600000,
        "othercomprehensiveincomedefinedbenefitplansadjustmentnetoftaxportionattributabletoparent": -600000,
        "othercomprehensiveincomelosscashflowhedgegainlossreclassificationaftertax": 3500000,
        "othercomprehensiveincomelosscashflowhedgegainlossafterreclassificationandtax": -3500000,
        "othercomprehensiveincomelossnetoftaxportionattributabletoparent": -221600000,
        "comprehensiveincomenetoftax": 100100000,
        "othercomprehensiveincomelossforeigncurrencytranslationadjustmenttax": 2900000,
        "othercomprehensiveincomelossreclassificationadjustmentfromaocipensionandotherpostretirementbenefitplanstax": 200000,
        "othercomprehensiveincomelosscashflowhedgegainlossreclassificationtax": 1200000,
        "revenuefromcontractwithcustomerexcludingassessedtax": 4146700000,
        "costofgoodsandservicessold": 2257000000,
        "grossprofit": 1889700000,
        "grossprofitpercentage": 0.456,
        "sellinggeneralandadministrativeexpense": 1307600000,
        "sellinggeneraladministrativeexpenseaspercentnetsales": 0.315,
        "othergeneralincomeexpensenet": -3700000,
        "amortizationofintangibleassets": 78100000,
        "interestexpense": 86200000,
        "investmentincomenet": 600000,
        "othernonoperatingincomeexpense": -22400000,
        "incomelossfromcontinuingoperationsbeforeincometaxesminorityinterestandincomelossfromequitymethodinvestments": 392300000,
        "incometaxexpensebenefit": 70600000,
        "earningspersharebasic": 3.53,
        "earningspersharediluted": 3.46,
        "weightedaveragenumberofsharesoutstandingbasic": 91075973,
        "weightedaveragenumberofdilutedsharesoutstanding": 92859944
    },
    {
        "date": "2019-12-30",
        "symbol": "SHW",
        "period": "Q4",
        "netincomeloss": 248622000,
        "othercomprehensiveincomelossreclassificationadjustmentfromaocipensionandotherpostretirementbenefitplansnetoftax": 23422000,
        "othercomprehensiveincomedefinedbenefitplansadjustmentnetoftaxportionattributabletoparent": -18322000,
        "othercomprehensiveincomelosscashflowhedgegainlossreclassificationaftertax": 1450000,
        "othercomprehensiveincomelossnetoftaxportionattributabletoparent": 87633000,
        "comprehensiveincomenetoftax": 336255000,
        "othercomprehensiveincomelossforeigncurrencytransactionandtranslationadjustmentnetoftax": 121661000,
        "othercomprehensiveincomelossreclassificationadjustmentfromaocipensionandotherpostretirementbenefitplanstax": -7433000,
        "othercomprehensiveincomelosscashflowhedgegainlossreclassificationtax": 297000,
        "grossprofit": 1894034000,
        "grossprofitpercentage": -0.884,
        "sellinggeneralandadministrativeexpense": 1354424000,
        "sellinggeneraladministrativeexpenseaspercentnetsales": -0.562,
        "othergeneralincomeexpensenet": -20404000,
        "amortizationofintangibleassets": 78400000,
        "interestexpense": 83826000,
        "nonoperatingincomeexpense": 38187000,
        "incomelossfromcontinuingoperationsbeforeincometaxesminorityinterestandincomelossfromequitymethodinvestments": 297412000,
        "incometaxexpensebenefit": 48790000,
        "earningspersharebasic": 2.709999999999998,
        "earningspersharediluted": 2.679999999999998
    },
    {
        "date": "2019-09-29",
        "symbol": "SHW",
        "period": "Q3",
        "netincomeloss": 576438000,
        "othercomprehensiveincomelossforeigncurrencytransactionandtranslationadjustmentnetoftax": -131867000,
        "othercomprehensiveincomelossreclassificationadjustmentfromaocipensionandotherpostretirementbenefitplansnetoftax": -389000,
        "othercomprehensiveincomedefinedbenefitplansadjustmentnetoftaxportionattributabletoparent": 389000,
        "othercomprehensiveincomelosscashflowhedgegainlossreclassificationaftertax": 4172000,
        "othercomprehensiveincomelosscashflowhedgegainlossafterreclassificationandtax": -4172000,
        "othercomprehensiveincomelossnetoftaxportionattributabletoparent": -136428000,
        "comprehensiveincomenetoftax": 440010000,
        "othercomprehensiveincomelossforeigncurrencytranslationadjustmenttax": 4572000,
        "othercomprehensiveincomelossreclassificationadjustmentfromaocipensionandotherpostretirementbenefitplanstax": -150000,
        "othercomprehensiveincomelosscashflowhedgegainlossreclassificationtax": 1488000,
        "revenues": 4867650000,
        "costofrevenue": 2642096000,
        "grossprofit": 2225554000,
        "grossprofitpercentage": 0.457,
        "sellinggeneralandadministrativeexpense": 1345171000,
        "sellinggeneraladministrativeexpenseaspercentnetsales": 0.276,
        "othergeneralincomeexpensenet": -12032000,
        "amortizationofintangibleassets": 77548000,
        "interestexpense": 85282000,
        "investmentincomenet": 637000,
        "gainlossrelatedtolitigationsettlement": 34667000,
        "nonoperatingincomeexpense": -30992000,
        "incomelossfromcontinuingoperationsbeforeincometaxesminorityinterestandincomelossfromequitymethodinvestments": 709833000,
        "incometaxexpensebenefit": 133395000,
        "earningspersharebasic": 6.28,
        "earningspersharediluted": 6.16,
        "weightedaveragenumberofsharesoutstandingbasic": 91823573,
        "weightedaveragenumberofdilutedsharesoutstanding": 93604260
    },
    {
        "date": "2019-06-29",
        "symbol": "SHW",
        "period": "Q2",
        "netincomeloss": 471003000,
        "othercomprehensiveincomelossforeigncurrencytransactionandtranslationadjustmentnetoftax": 3335000,
        "othercomprehensiveincomelossreclassificationadjustmentfromaocipensionandotherpostretirementbenefitplansnetoftax": -373000,
        "othercomprehensiveincomedefinedbenefitplansadjustmentnetoftaxportionattributabletoparent": 373000,
        "othercomprehensiveincomelosscashflowhedgegainlossreclassificationaftertax": 1548000,
        "othercomprehensiveincomelosscashflowhedgegainlossafterreclassificationandtax": -1548000,
        "othercomprehensiveincomelossnetoftaxportionattributabletoparent": 1414000,
        "comprehensiveincomenetoftax": 472417000,
        "othercomprehensiveincomelossforeigncurrencytranslationadjustmenttax": 1626000,
        "othercomprehensiveincomelossreclassificationadjustmentfromaocipensionandotherpostretirementbenefitplanstax": 135000,
        "othercomprehensiveincomelosscashflowhedgegainlossreclassificationtax": 510000,
        "revenues": 4877860000,
        "costofrevenue": 2696425000,
        "grossprofit": 2181435000,
        "grossprofitpercentage": 0.447,
        "sellinggeneralandadministrativeexpense": 1331288000,
        "sellinggeneraladministrativeexpenseaspercentnetsales": 0.273,
        "othergeneralincomeexpensenet": -7122000,
        "amortizationofintangibleassets": 78081000,
        "interestexpense": 89198000,
        "investmentincomenet": 541000,
        "nonoperatingincomeexpense": -586000,
        "incomelossfromcontinuingoperationsbeforeincometaxesminorityinterestandincomelossfromequitymethodinvestments": 675701000,
        "incometaxexpensebenefit": 204698000,
        "earningspersharebasic": 5.13,
        "earningspersharediluted": 5.03,
        "weightedaveragenumberofsharesoutstandingbasic": 91775295,
        "weightedaveragenumberofdilutedsharesoutstanding": 93561725
    },
    {
        "date": "2019-03-30",
        "symbol": "SHW",
        "period": "Q1",
        "netincomeloss": 245237000,
        "othercomprehensiveincomelossforeigncurrencytransactionandtranslationadjustmentnetoftax": 7971000,
        "othercomprehensiveincomelossreclassificationadjustmentfromaocipensionandotherpostretirementbenefitplansnetoftax": -360000,
        "othercomprehensiveincomedefinedbenefitplansadjustmentnetoftaxportionattributabletoparent": 360000,
        "othercomprehensiveincomelosscashflowhedgegainlossreclassificationaftertax": 1530000,
        "othercomprehensiveincomelosscashflowhedgegainlossafterreclassificationandtax": -1530000,
        "othercomprehensiveincomelossnetoftaxportionattributabletoparent": 6081000,
        "comprehensiveincomenetoftax": 251318000,
        "othercomprehensiveincomelossreclassificationadjustmentfromaocipensionandotherpostretirementbenefitplanstax": 148000,
        "othercomprehensiveincomelosscashflowhedgegainlossreclassificationtax": 505000,
        "revenues": 2154853000,
        "costofrevenue": 2305784000,
        "grossprofit": 1735077000,
        "grossprofitpercentage": 0.429,
        "sellinggeneralandadministrativeexpense": 1244017000,
        "sellinggeneraladministrativeexpenseaspercentnetsales": 0.308,
        "othergeneralincomeexpensenet": 458000,
        "amortizationofintangibleassets": 78771000,
        "interestexpense": 90994000,
        "investmentincomenet": 410000,
        "nonoperatingincomeexpense": -23309000,
        "incomelossfromcontinuingoperationsbeforeincometaxesminorityinterestandincomelossfromequitymethodinvestments": 298854000,
        "incometaxexpensebenefit": 53617000,
        "earningspersharebasic": 2.67,
        "earningspersharediluted": 2.62,
        "weightedaveragenumberofsharesoutstandingbasic": 91952828,
        "weightedaveragenumberofdilutedsharesoutstanding": 93668728
    },
    {
        "date": "2018-12-30",
        "symbol": "SHW",
        "period": "Q4",
        "netincomeloss": 100988000,
        "comprehensiveincomenetoftax": 83970000,
        "costofrevenue": 10113661000,
        "grossprofit": 1682683000,
        "grossprofitpercentage": -0.0030000000000000027,
        "sellinggeneralandadministrativeexpense": -112187000,
        "sellinggeneraladministrativeexpenseaspercentnetsales": 0.004999999999999949,
        "othergeneralincomeexpensenet": -147627000,
        "amortizationofintangibleassets": 79093000,
        "interestexpense": 162600000,
        "investmentincomenet": 2554000,
        "nonoperatingincomeexpense": -31466000,
        "incomelossfromcontinuingoperationsbeforeincometaxesminorityinterestandincomelossfromequitymethodinvestments": 412973000,
        "incometaxexpensebenefit": 1037000,
        "earningspersharebasic": 1.0999999999999992,
        "earningspersharediluted": 1.08
    },
    {
        "date": "2018-09-29",
        "symbol": "SHW",
        "period": "Q3",
        "netincomeloss": 354027000,
        "comprehensiveincomenetoftax": 285880000,
        "costofrevenue": -2733607000,
        "grossprofit": 2010404000,
        "grossprofitpercentage": -0.426,
        "sellinggeneralandadministrativeexpense": -1285382000,
        "sellinggeneraladministrativeexpenseaspercentnetsales": -0.29800000000000004,
        "othergeneralincomeexpensenet": -11526000,
        "amortizationofintangibleassets": 161670000,
        "interestexpense": 43753000,
        "investmentincomenet": 555000,
        "nonoperatingincomeexpense": 6666000,
        "incomelossfromcontinuingoperationsbeforeincometaxesminorityinterestandincomelossfromequitymethodinvestments": 611544000,
        "incometaxexpensebenefit": 61926000,
        "earningspersharebasic": 3.8000000000000003,
        "earningspersharediluted": 3.7199999999999998,
        "weightedaveragenumberofsharesoutstandingbasic": -93144085,
        "weightedaveragenumberofdilutedsharesoutstanding": -95259571
    },
    {
        "date": "2018-06-29",
        "symbol": "SHW",
        "period": "Q2",
        "revenues": 2625057000,
        "costofrevenue": 2735168000,
        "grossprofit": 2038628000,
        "grossprofitpercentage": 0.427,
        "sellinggeneralandadministrativeexpense": 1307861000,
        "sellinggeneraladministrativeexpenseaspercentnetsales": 0.274,
        "othergeneralincomeexpensenet": -26979000,
        "amortizationofintangibleassets": -7700000,
        "interestexpense": 69100000,
        "investmentincomenet": 559000,
        "nonoperatingincomeexpense": 1139000,
        "incomelossfromcontinuingoperationsbeforeincometaxesminorityinterestandincomelossfromequitymethodinvestments": 569897000,
        "incometaxexpensebenefit": 134482000,
        "incomelossfromcontinuingoperations": 403604000,
        "netincomeloss": 403604000,
        "incomelossfromcontinuingoperationsperbasicshare": 4.34,
        "earningspersharebasic": 4.34,
        "incomelossfromcontinuingoperationsperdilutedshare": 4.25,
        "earningspersharediluted": 4.25,
        "weightedaveragenumberofsharesoutstandingbasic": 92926421,
        "weightedaveragenumberofdilutedsharesoutstanding": 94884187,
        "comprehensiveincomenetoftax": 196810000
    },
    {
        "date": "2018-03-30",
        "symbol": "SHW",
        "period": "Q1",
        "salesrevenuenet": -13400000,
        "costofrevenue": 709000,
        "grossprofit": 1686847000,
        "grossprofitpercentage": 0.425,
        "sellinggeneralandadministrativeexpense": -13400000,
        "sellinggeneraladministrativeexpenseaspercentnetsales": 0.306,
        "othergeneralincomeexpensenet": -2990000,
        "amortizationofintangibleassets": 85049000,
        "interestexpense": 91547000,
        "investmentincomenet": 1618000,
        "nonoperatingincomeexpense": 3544000,
        "incomelossfromcontinuingoperationsbeforeincometaxesminorityinterestandincomelossfromequitymethodinvestments": 303586000,
        "incometaxexpensebenefit": 53459000,
        "netincomeloss": 250127000,
        "earningspersharebasic": 2.68,
        "earningspersharediluted": 2.62,
        "weightedaveragenumberofsharesoutstandingbasic": 93339564,
        "weightedaveragenumberofdilutedsharesoutstanding": 95546152,
        "comprehensiveincomenetoftax": 299342000
    },
    {
        "date": "2017-12-30",
        "symbol": "SHW",
        "period": "Q4",
        "netincomeloss": 897393000,
        "comprehensiveincomenetoftax": 964824000,
        "salesrevenuenet": 1008000000,
        "costofrevenue": 2180825000,
        "grossprofit": 1798739000,
        "grossprofitpercentage": 5.551115123125783e-17,
        "sellinggeneralandadministrativeexpense": -3521788000,
        "sellinggeneraladministrativeexpenseaspercentnetsales": 0.004000000000000059,
        "othergeneralincomeexpensenet": -14705000,
        "interestexpense": 150800000,
        "investmentincomenet": 1752000,
        "nonoperatingincomeexpense": 2171000,
        "incomelossfromcontinuingoperationsbeforeincometaxesminorityinterestandincomelossfromequitymethodinvestments": 1716500000,
        "incometaxexpensebenefit": -612504000,
        "earningspersharebasic": 9.649999999999999,
        "earningspersharediluted": 9.440000000000001
    },
    {
        "date": "2017-09-29",
        "symbol": "SHW",
        "period": "Q3",
        "salesrevenuenet": -1686387000,
        "costofrevenue": 2604744000,
        "grossprofit": 1902276000,
        "grossprofitpercentage": -0.498,
        "sellinggeneralandadministrativeexpense": 1300085000,
        "sellinggeneraladministrativeexpenseaspercentnetsales": -0.36,
        "othergeneralincomeexpensenet": -4109000,
        "interestexpense": 29776000,
        "investmentincomenet": 2448000,
        "nonoperatingincomeexpense": 8666000,
        "incomelossfromcontinuingoperationsbeforeincometaxesminorityinterestandincomelossfromequitymethodinvestments": -254805000,
        "incometaxexpensebenefit": 111116000,
        "netincomeloss": 316606000,
        "earningspersharebasic": 3.41,
        "earningspersharediluted": 3.340000000000001,
        "weightedaveragenumberofsharesoutstandingbasic": -92598432,
        "weightedaveragenumberofdilutedsharesoutstanding": -94692826,
        "comprehensiveincomenetoftax": 383541000
    },
    {
        "date": "2017-06-29",
        "symbol": "SHW",
        "period": "Q2",
        "salesrevenuenet": 381000000,
        "costofrevenue": 1998761000,
        "grossprofit": 1737056000,
        "grossprofitpercentage": 0.465,
        "sellinggeneralandadministrativeexpense": 1145492000,
        "sellinggeneraladministrativeexpenseaspercentnetsales": 0.307,
        "othergeneralincomeexpensenet": -1775000,
        "amortizationofintangibleassets": 17200000,
        "interestexpense": 56729000,
        "investmentincomenet": 3091000,
        "nonoperatingincomeexpense": 1770000,
        "incomelossfromcontinuingoperationsbeforeincometaxesminorityinterestandincomelossfromequitymethodinvestments": 700000,
        "incometaxexpensebenefit": 148352000,
        "incomelossfromcontinuingoperationsincludingportionattributabletononcontrollinginterest": 360651000,
        "discontinuedoperationtaxeffectofdiscontinuedoperation": 41540000,
        "incomelossfromdiscontinuedoperationsnetoftax": -41540000,
        "netincomeloss": 319111000,
        "incomelossfromcontinuingoperationsperbasicshare": 3.89,
        "incomelossfromdiscontinuedoperationsnetoftaxperbasicshare": -0.45,
        "earningspersharebasic": 3.44,
        "incomelossfromcontinuingoperationsperdilutedshare": 3.8,
        "incomelossfromdiscontinuedoperationsnetoftaxperdilutedshare": -0.44,
        "earningspersharediluted": 3.36,
        "weightedaveragenumberofsharesoutstandingbasic": 92841148,
        "weightedaveragenumberofdilutedsharesoutstanding": 94968636,
        "comprehensiveincomenetoftax": 349288000
    },
    {
        "date": "2017-03-30",
        "symbol": "SHW",
        "period": "Q1",
        "salesrevenuenet": 2761387000,
        "costofrevenue": 1418247000,
        "grossprofit": 1343140000,
        "grossprofitpercentage": 0.486,
        "sellinggeneralandadministrativeexpense": 1016211000,
        "sellinggeneraladministrativeexpenseaspercentnetsales": 0.368,
        "othergeneralincomeexpensenet": -276000,
        "interestexpense": 25695000,
        "investmentincomenet": 1280000,
        "nonoperatingincomeexpense": 4367000,
        "incomelossfromcontinuingoperationsbeforeincometaxesminorityinterestandincomelossfromequitymethodinvestments": 306605000,
        "incometaxexpensebenefit": 67453000,
        "netincomeloss": 239152000,
        "earningspersharebasic": 2.58,
        "earningspersharediluted": 2.53,
        "weightedaveragenumberofsharesoutstandingbasic": 92550559,
        "weightedaveragenumberofdilutedsharesoutstanding": 94541859,
        "comprehensiveincomenetoftax": 230090000
    },
    {
        "date": "2016-12-30",
        "symbol": "SHW",
        "period": "Q4",
        "netincomeloss": 220778000,
        "comprehensiveincomenetoftax": 338648000,
        "salesrevenuenet": 2782591000,
        "costofrevenue": 1394153000,
        "grossprofit": 1388438000,
        "grossprofitpercentage": -0.997,
        "sellinggeneralandadministrativeexpense": 1044980000,
        "sellinggeneraladministrativeexpenseaspercentnetsales": -0.6880000000000001,
        "othergeneralincomeexpensenet": 8732000,
        "interestexpense": 43290000,
        "nonoperatingincomeexpense": 4036000,
        "incomelossfromcontinuingoperationsbeforeincometaxesminorityinterestandincomelossfromequitymethodinvestments": -722065000,
        "incometaxexpensebenefit": 83256000,
        "earningspersharebasic": 2.3999999999999986,
        "earningspersharediluted": 2.3499999999999996
    },
    {
        "date": "2016-09-29",
        "symbol": "SHW",
        "period": "Q3",
        "salesrevenuenet": 3279462000,
        "costofrevenue": 1643173000,
        "grossprofit": 1636289000,
        "grossprofitpercentage": 0.499,
        "sellinggeneralandadministrativeexpense": 1058128000,
        "sellinggeneraladministrativeexpenseaspercentnetsales": 0.323,
        "othergeneralincomeexpensenet": -813000,
        "interestexpense": 44100000,
        "investmentincomenet": 1647000,
        "nonoperatingincomeexpense": 725000,
        "incomelossfromcontinuingoperationsbeforeincometaxesminorityinterestandincomelossfromequitymethodinvestments": 19600000,
        "incometaxexpensebenefit": 148887000,
        "netincomeloss": 386733000,
        "earningspersharebasic": 4.2,
        "earningspersharediluted": 4.08,
        "weightedaveragenumberofsharesoutstandingbasic": 91992854,
        "weightedaveragenumberofdilutedsharesoutstanding": 94771807,
        "comprehensiveincomenetoftax": 390601000
    },
    {
        "date": "2016-06-29",
        "symbol": "SHW",
        "period": "Q2",
        "salesrevenuenet": 3219525000,
        "costofrevenue": 1583732000,
        "grossprofit": 1635793000,
        "grossprofitpercentage": 0.508,
        "sellinggeneralandadministrativeexpense": 1053972000,
        "sellinggeneraladministrativeexpenseaspercentnetsales": 0.327,
        "othergeneralincomeexpensenet": -2733000,
        "interestexpense": 40878000,
        "investmentincomeinterestanddividend": 952000,
        "nonoperatingincomeexpense": 52000,
        "incomelossfromcontinuingoperationsbeforeincometaxesminorityinterestandincomelossfromequitymethodinvestments": 508990000,
        "incometaxexpensebenefit": 161150000,
        "netincomeloss": 378064000,
        "earningspersharebasic": 4.12,
        "earningspersharediluted": 3.99,
        "weightedaveragenumberofsharesoutstandingbasic": 91788734,
        "weightedaveragenumberofdilutedsharesoutstanding": 94669751,
        "comprehensiveincomenetoftax": 284060000
    },
    {
        "date": "2016-03-30",
        "symbol": "SHW",
        "period": "Q1",
        "salesrevenuenet": 2574024000,
        "costofrevenue": 1312279000,
        "grossprofit": 1261745000,
        "grossprofitpercentage": 0.49,
        "sellinggeneralandadministrativeexpense": 1002355000,
        "sellinggeneraladministrativeexpenseaspercentnetsales": 0.389,
        "othergeneralincomeexpensenet": -17554000,
        "interestexpense": 25732000,
        "investmentincomeinterestanddividend": 487000,
        "nonoperatingincomeexpense": -226000,
        "incomelossfromcontinuingoperationsbeforeincometaxesminorityinterestandincomelossfromequitymethodinvestments": 253534000,
        "incometaxexpensebenefit": 69237000,
        "netincomeloss": 147128000,
        "earningspersharebasic": 1.61,
        "earningspersharediluted": 1.57,
        "weightedaveragenumberofsharesoutstandingbasic": 91475860,
        "weightedaveragenumberofdilutedsharesoutstanding": 93548234,
        "comprehensiveincomenetoftax": 166138000
    },
    {
        "date": "2015-12-30",
        "symbol": "SHW",
        "period": "Q4",
        "netincomeloss": 198017000,
        "comprehensiveincomenetoftax": 180337000,
        "salesrevenuenet": 2604596000,
        "costofrevenue": 1282357000,
        "grossprofit": 1322239000,
        "grossprofitpercentage": -0.9590000000000001,
        "sellinggeneralandadministrativeexpense": 991472000,
        "sellinggeneraladministrativeexpenseaspercentnetsales": -0.668,
        "interestexpense": 19560000,
        "investmentincomeinterestanddividend": 456000,
        "nonoperatingincomeexpense": -1589000,
        "incomelossfromcontinuingoperationsbeforeincometaxesminorityinterestandincomelossfromequitymethodinvestments": 316632000,
        "incometaxexpensebenefit": 99204000,
        "earningspersharebasic": 2.1500000000000012,
        "earningspersharediluted": 2.1099999999999994
    },
    {
        "date": "2015-09-29",
        "symbol": "SHW",
        "period": "Q3",
        "salesrevenuenet": 3152285000,
        "costofrevenue": 1577733000,
        "grossprofit": 1574552000,
        "grossprofitpercentage": 0.499,
        "sellinggeneralandadministrativeexpense": 993625000,
        "sellinggeneraladministrativeexpenseaspercentnetsales": 0.315,
        "othergeneralincomeexpensenet": -9117000,
        "interestexpense": 16995000,
        "investmentincomeinterestanddividend": -32000,
        "nonoperatingincomeexpense": -4061000,
        "incomelossfromcontinuingoperationsbeforeincometaxesminorityinterestandincomelossfromequitymethodinvestments": 507411000,
        "incometaxexpensebenefit": 176231000,
        "netincomeloss": 374491000,
        "earningspersharebasic": 4.04,
        "earningspersharediluted": 3.97,
        "weightedaveragenumberofsharesoutstandingbasic": 92196458,
        "weightedaveragenumberofdilutedsharesoutstanding": 93894872,
        "comprehensiveincomenetoftax": 321738000
    },
    {
        "date": "2015-06-29",
        "symbol": "SHW",
        "period": "Q2",
        "salesrevenuenet": 3132139000,
        "costofrevenue": 1602153000,
        "grossprofit": 1529986000,
        "grossprofitpercentage": 0.488,
        "sellinggeneralandadministrativeexpense": 999224000,
        "sellinggeneraladministrativeexpenseaspercentnetsales": 0.319,
        "othergeneralincomeexpensenet": -9971000,
        "interestexpense": 12885000,
        "investmentincomeinterestanddividend": 553000,
        "nonoperatingincomeexpense": -677000,
        "incomelossfromcontinuingoperationsbeforeincometaxesminorityinterestandincomelossfromequitymethodinvestments": 433381000,
        "incometaxexpensebenefit": 157845000,
        "netincomeloss": 349937000,
        "earningspersharebasic": 3.78,
        "earningspersharediluted": 3.7,
        "weightedaveragenumberofsharesoutstandingbasic": 92260367,
        "weightedaveragenumberofdilutedsharesoutstanding": 94124695,
        "comprehensiveincomenetoftax": 361580000
    },
    {
        "date": "2015-03-30",
        "symbol": "SHW",
        "period": "Q1",
        "salesrevenuenet": 2450284000,
        "costofrevenue": 1317835000,
        "grossprofit": 1132449000,
        "grossprofitpercentage": 0.462,
        "sellinggeneralandadministrativeexpense": 929197000,
        "sellinggeneraladministrativeexpenseaspercentnetsales": 0.379,
        "othergeneralincomeexpensenet": 1673000,
        "interestexpense": 12351000,
        "investmentincomeinterestanddividend": 422000,
        "nonoperatingincomeexpense": 245000,
        "incomelossfromcontinuingoperationsbeforeincometaxesminorityinterestandincomelossfromequitymethodinvestments": 176576000,
        "incometaxexpensebenefit": 61837000,
        "netincomeloss": 131404000,
        "earningspersharebasic": 1.41,
        "earningspersharediluted": 1.38,
        "weightedaveragenumberofsharesoutstandingbasic": 92740059,
        "weightedaveragenumberofdilutedsharesoutstanding": 94745129,
        "comprehensiveincomenetoftax": 75057000
    },
    {
        "date": "2014-12-30",
        "symbol": "SHW",
        "period": "Q4",
        "salesrevenuenet": 2569412000,
        "costofrevenue": 1351437000,
        "grossprofit": 1217975000,
        "grossprofitpercentage": -0.916,
        "sellinggeneralandadministrativeexpense": 985329000,
        "sellinggeneraladministrativeexpenseaspercentnetsales": -0.661,
        "othergeneralexpense": 25411000,
        "interestexpense": 15412000,
        "investmentincomeinterestanddividend": 885000,
        "nonoperatingincomeexpense": -3837000,
        "incomelossfromcontinuingoperationsbeforeincometaxesminorityinterestandincomelossfromequitymethodinvestments": -466674000,
        "incometaxexpensebenefit": 56128000,
        "netincomeloss": 132743000,
        "earningspersharebasic": 1.3699999999999994,
        "earningspersharediluted": 1.3499999999999999,
        "comprehensiveincomenetoftax": 32571000
    },
    {
        "date": "2014-09-29",
        "symbol": "SHW",
        "period": "Q3",
        "salesrevenuenet": 3150570000,
        "costofrevenue": 1679615000,
        "grossprofit": 1470955000,
        "grossprofitpercentage": 0.467,
        "sellinggeneralandadministrativeexpense": 984366000,
        "sellinggeneraladministrativeexpenseaspercentnetsales": 0.312,
        "othergeneralexpense": 11873000,
        "interestexpense": 16025000,
        "investmentincomeinterestanddividend": 764000,
        "nonoperatingincomeexpense": 14593000,
        "incomelossfromcontinuingoperationsbeforeincometaxesminorityinterestandincomelossfromequitymethodinvestments": -109291000,
        "incometaxexpensebenefit": 147808000,
        "netincomeloss": 326240000,
        "earningspersharebasic": 3.42,
        "earningspersharediluted": 3.35,
        "weightedaveragenumberofsharesoutstandingbasic": 94800191,
        "weightedaveragenumberofdilutedsharesoutstanding": 96714043,
        "comprehensiveincomenetoftax": 269970000
    },
    {
        "date": "2014-06-29",
        "symbol": "SHW",
        "period": "Q2",
        "salesrevenuenet": 3042995000,
        "costofrevenue": 1633342000,
        "grossprofit": 1409653000,
        "grossprofitpercentage": 0.463,
        "sellinggeneralandadministrativeexpense": 969183000,
        "sellinggeneraladministrativeexpenseaspercentnetsales": 0.318,
        "othergeneralexpense": 770000,
        "interestexpense": 16374000,
        "investmentincomeinterestanddividend": 757000,
        "nonoperatingincomeexpense": 5147000,
        "incomelossfromcontinuingoperationsbeforeincometaxesminorityinterestandincomelossfromequitymethodinvestments": 92488000,
        "incometaxexpensebenefit": 137783000,
        "netincomeloss": 291447000,
        "earningspersharebasic": 3,
        "earningspersharediluted": 2.94,
        "weightedaveragenumberofsharesoutstandingbasic": 96599869,
        "weightedaveragenumberofdilutedsharesoutstanding": 98541909,
        "comprehensiveincomenetoftax": 305178000
    },
    {
        "date": "2014-03-30",
        "symbol": "SHW",
        "period": "Q1",
        "salesrevenuenet": 2366556000,
        "costofrevenue": 1300655000,
        "grossprofit": 1065901000,
        "grossprofitpercentage": 0.45,
        "sellinggeneralandadministrativeexpense": 884088000,
        "sellinggeneraladministrativeexpenseaspercentnetsales": 0.374,
        "othergeneralexpense": -572000,
        "interestexpense": 16394000,
        "investmentincomeinterestanddividend": 589000,
        "nonoperatingincomeexpense": -503000,
        "incomelossfromcontinuingoperationsbeforeincometaxesminorityinterestandincomelossfromequitymethodinvestments": 46477000,
        "incometaxexpensebenefit": 50620000,
        "netincomeloss": 115457000,
        "earningspersharebasic": 1.16,
        "earningspersharediluted": 1.14,
        "weightedaveragenumberofsharesoutstandingbasic": 98833210,
        "weightedaveragenumberofdilutedsharesoutstanding": 100858881,
        "comprehensiveincomenetoftax": 107254000
    },
    {
        "date": "2013-12-30",
        "symbol": "SHW",
        "period": "Q4",
        "salesrevenuenet": 2457058000,
        "costofrevenue": 1332880000,
        "grossprofit": 1124178000,
        "grossprofitpercentage": -0.901,
        "sellinggeneralandadministrativeexpense": 962188000,
        "sellinggeneraladministrativeexpenseaspercentnetsales": -0.639,
        "othergeneralexpense": -2747000,
        "interestexpense": 16940000,
        "investmentincomeinterestanddividend": 879000,
        "nonoperatingincomeexpense": 552000,
        "incomelossfromcontinuingoperationsbeforeincometaxesminorityinterestandincomelossfromequitymethodinvestments": 13289000,
        "incometaxexpensebenefit": 33105000,
        "netincomeloss": 116123000,
        "earningspersharebasic": 1.1700000000000008,
        "earningspersharediluted": 1.14,
        "comprehensiveincomenetoftax": 184148000
    },
    {
        "date": "2013-09-29",
        "symbol": "SHW",
        "period": "Q3",
        "salesrevenuenet": 2847417000,
        "costofrevenue": 1551459000,
        "grossprofit": 1295958000,
        "grossprofitpercentage": 0.455,
        "sellinggeneralandadministrativeexpense": 889690000,
        "sellinggeneraladministrativeexpenseaspercentnetsales": 0.312,
        "othergeneralexpense": 834000,
        "interestexpense": 15394000,
        "investmentincomeinterestanddividend": 916000,
        "nonoperatingincomeexpense": -3494000,
        "incomelossfromcontinuingoperationsbeforeincometaxesminorityinterestandincomelossfromequitymethodinvestments": 44536000,
        "incometaxexpensebenefit": 124496000,
        "netincomeloss": 262966000,
        "earningspersharebasic": 2.6,
        "earningspersharediluted": 2.55,
        "weightedaveragenumberofsharesoutstandingbasic": 100460185,
        "weightedaveragenumberofdilutedsharesoutstanding": 102622514,
        "comprehensiveincomenetoftax": 286887000
    },
    {
        "date": "2013-06-29",
        "symbol": "SHW",
        "period": "Q2",
        "salesrevenuenet": 2713889000,
        "costofrevenue": 1480310000,
        "grossprofit": 1233579000,
        "grossprofitpercentage": 0.455,
        "sellinggeneralandadministrativeexpense": 837124000,
        "sellinggeneraladministrativeexpenseaspercentnetsales": 0.308,
        "othergeneralexpense": 485000,
        "interestexpense": 15069000,
        "investmentincomeinterestanddividend": 698000,
        "nonoperatingincomeexpense": -715000,
        "incomelossfromcontinuingoperationsbeforeincometaxesminorityinterestandincomelossfromequitymethodinvestments": 54462000,
        "incometaxexpensebenefit": 123597000,
        "netincomeloss": 257287000,
        "earningspersharebasic": 2.51,
        "earningspersharediluted": 2.46,
        "weightedaveragenumberofsharesoutstandingbasic": 101665737,
        "weightedaveragenumberofdilutedsharesoutstanding": 103896780,
        "comprehensiveincomenetoftax": 213283000
    },
    {
        "date": "2013-03-30",
        "symbol": "SHW",
        "period": "Q1",
        "salesrevenuenet": 2167168000,
        "costofrevenue": 1204317000,
        "grossprofit": 962851000,
        "grossprofitpercentage": 0.444,
        "sellinggeneralandadministrativeexpense": 778679000,
        "sellinggeneraladministrativeexpenseaspercentnetsales": 0.359,
        "othergeneralexpense": 3947000,
        "interestexpense": 15311000,
        "investmentincomeinterestanddividend": 749000,
        "nonoperatingincomeexpense": 2721000,
        "incomelossfromcontinuingoperationsbeforeincometaxesminorityinterestandincomelossfromequitymethodinvestments": 129713000,
        "incometaxexpensebenefit": 52199000,
        "netincomeloss": 116185000,
        "earningspersharebasic": 1.13,
        "earningspersharediluted": 1.11,
        "weightedaveragenumberofsharesoutstandingbasic": 101961059,
        "weightedaveragenumberofdilutedsharesoutstanding": 104256263,
        "comprehensiveincomenetoftax": 117588000
    },
    {
        "date": "2012-12-30",
        "symbol": "SHW",
        "period": "Q4",
        "salesrevenuenet": 2221870000,
        "costofrevenue": 1226362000,
        "grossprofit": 995508000,
        "grossprofitpercentage": -0.874,
        "sellinggeneralandadministrativeexpense": 891976000,
        "sellinggeneraladministrativeexpenseaspercentnetsales": -0.635,
        "othergeneralexpense": -3998000,
        "interestexpense": 11863000,
        "investmentincomeinterestanddividend": 953000,
        "nonoperatingincomeexpense": 1659000,
        "incomelossfromcontinuingoperationsbeforeincometaxesminorityinterestandincomelossfromequitymethodinvestments": -89730000,
        "incometaxexpensebenefit": 26141000,
        "netincomeloss": 68052000,
        "earningspersharebasic": 0.6600000000000004,
        "earningspersharediluted": 0.6599999999999995,
        "comprehensiveincomenetoftax": 55012000
    },
    {
        "date": "2012-09-29",
        "symbol": "SHW",
        "period": "Q3",
        "salesrevenuenet": 2603226000,
        "costofrevenue": 1452944000,
        "grossprofit": 1150282000,
        "grossprofitpercentage": 0.442,
        "sellinggeneralandadministrativeexpense": 799786000,
        "sellinggeneraladministrativeexpenseaspercentnetsales": 0.307,
        "othergeneralexpense": 1123000,
        "interestexpense": 10358000,
        "investmentincomeinterestanddividend": 793000,
        "nonoperatingincomeexpense": 3190000,
        "incomelossfromcontinuingoperationsbeforeincometaxesminorityinterestandincomelossfromequitymethodinvestments": -72965000,
        "incometaxexpensebenefit": 108045000,
        "netincomeloss": 234953000,
        "earningspersharebasic": 2.29,
        "earningspersharediluted": 2.24,
        "weightedaveragenumberofsharesoutstandingbasic": 101525658,
        "weightedaveragenumberofdilutedsharesoutstanding": 104019320,
        "comprehensiveincomenetoftax": 226891000
    },
    {
        "date": "2012-06-29",
        "symbol": "SHW",
        "period": "Q2",
        "salesrevenuenet": 2573022000,
        "costofrevenue": 1422425000,
        "grossprofit": 1150597000,
        "grossprofitpercentage": 0.447,
        "sellinggeneralandadministrativeexpense": 810207000,
        "sellinggeneraladministrativeexpenseaspercentnetsales": 0.315,
        "othergeneralexpense": 3086000,
        "interestexpense": 10230000,
        "investmentincomeinterestanddividend": 625000,
        "nonoperatingincomeexpense": 104000,
        "incomelossfromcontinuingoperationsbeforeincometaxesminorityinterestandincomelossfromequitymethodinvestments": 266982000,
        "incometaxexpensebenefit": 99990000,
        "netincomeloss": 227813000,
        "earningspersharebasic": 2.23,
        "earningspersharediluted": 2.17,
        "weightedaveragenumberofsharesoutstandingbasic": 101446643,
        "weightedaveragenumberofdilutedsharesoutstanding": 104003128,
        "comprehensiveincomenetoftax": 214846000
    },
    {
        "date": "2012-03-30",
        "symbol": "SHW",
        "period": "Q1",
        "salesrevenuenet": 2136344000,
        "costofrevenue": 1226505000,
        "grossprofit": 909839000,
        "grossprofitpercentage": 0.426,
        "sellinggeneralandadministrativeexpense": 757679000,
        "sellinggeneraladministrativeexpenseaspercentnetsales": 0.355,
        "othergeneralexpense": 5037000,
        "interestexpense": 10337000,
        "investmentincomeinterestanddividend": 542000,
        "nonoperatingincomeexpense": 4987000,
        "incomelossfromcontinuingoperationsbeforeincometaxesminorityinterestandincomelossfromequitymethodinvestments": 112713000,
        "incometaxexpensebenefit": 42099000,
        "netincomeloss": 100216000,
        "earningspersharebasic": 0.97,
        "earningspersharediluted": 0.95,
        "weightedaveragenumberofsharesoutstandingbasic": 102070349,
        "weightedaveragenumberofdilutedsharesoutstanding": 104458088,
        "comprehensiveincomenetoftax": 131774000
    },
    {
        "date": "2011-12-30",
        "symbol": "SHW",
        "period": "Q4",
        "costofrevenue": 1184342000,
        "grossprofit": 886100000,
        "grossprofitpercentage": -0.855,
        "sellinggeneralandadministrativeexpense": 753957000,
        "sellinggeneraladministrativeexpenseaspercentnetsales": -0.661,
        "othergeneralexpense": 657000,
        "investmentincomeinterestanddividend": 1740000,
        "nonoperatingincomeexpense": 11432000,
        "incomelossfromcontinuingoperationsbeforeincometaxesminorityinterestandincomelossfromequitymethodinvestments": 57385000,
        "incometaxexpensebenefit": 114991000,
        "netincomeloss": 14552000,
        "earningspersharebasic": 0.14999999999999958,
        "earningspersharediluted": 0.1399999999999998
    },
    {
        "date": "2011-09-29",
        "symbol": "SHW",
        "period": "Q3",
        "salesrevenuenet": 2484920000,
        "costofrevenue": 1446621000,
        "grossprofit": 1038299000,
        "grossprofitpercentage": 0.418,
        "sellinggeneralandadministrativeexpense": 760179000,
        "sellinggeneraladministrativeexpenseaspercentnetsales": 0.306,
        "othergeneralexpense": 1600000,
        "interestexpense": 10452000,
        "investmentincomeinterestanddividend": 840000,
        "nonoperatingincomeexpense": -6632000,
        "incomelossfromcontinuingoperationsbeforeincometaxesminorityinterestandincomelossfromequitymethodinvestments": 236886000,
        "incometaxexpensebenefit": 80399000,
        "netincomeloss": 179877000,
        "earningspersharebasic": 1.74,
        "earningspersharediluted": 1.71,
        "weightedaveragenumberofsharesoutstandingbasic": 102151164,
        "weightedaveragenumberofdilutedsharesoutstanding": 104123272
    },
    {
        "date": "2011-06-29",
        "symbol": "SHW",
        "period": "Q2",
        "revenues": 375634000,
        "costofrevenue": 1331996000,
        "grossprofit": 1022755000,
        "grossprofitpercentage": 0.434,
        "sellinggeneralandadministrativeexpense": 755555000,
        "sellinggeneraladministrativeexpenseaspercentnetsales": 0.321,
        "othergeneralexpense": -698000,
        "interestanddebtexpense": 11747000,
        "investmentincomeinterestanddividend": 808000,
        "nonoperatingincomeexpense": 57000,
        "incomelossfromcontinuingoperationsbeforeincometaxesminorityinterestandincomelossfromequitymethodinvestments": 257016000,
        "incometaxexpensebenefit": 77901000,
        "netincomeloss": 179115000,
        "earningspersharebasic": 1.69,
        "earningspersharediluted": 1.66,
        "weightedaveragenumberofsharesoutstandingbasic": 104676477,
        "weightedaveragenumberofdilutedsharesoutstanding": 106876461
    },
    {
        "date": "2011-03-30",
        "symbol": "SHW",
        "period": "Q1",
        "revenues": 1855586000,
        "costofrevenue": 1058178000,
        "grossprofit": 797408000,
        "grossprofitpercentage": 0.43,
        "sellinggeneralandadministrativeexpense": 691123000,
        "sellinggeneraladministrativeexpenseaspercentnetsales": 0.372,
        "othergeneralexpense": 1172000,
        "interestanddebtexpense": 10675000,
        "investmentincomeinterestanddividend": 323000,
        "nonoperatingincomeexpense": -48000,
        "incomelossfromcontinuingoperationsbeforeincometaxesminorityinterestandincomelossfromequitymethodinvestments": 94713000,
        "incometaxexpensebenefit": 26397000,
        "netincomeloss": 68316000,
        "earningspersharebasic": 0.64,
        "earningspersharediluted": 0.63,
        "weightedaveragenumberofsharesoutstandingbasic": 104991014,
        "weightedaveragenumberofdilutedsharesoutstanding": 107362669
    },
    {
        "date": "2010-12-30",
        "symbol": "SHW",
        "period": "Q4",
        "revenues": 1895619000,
        "costofrevenue": 1049987000,
        "grossprofit": 845632000,
        "grossprofitpercentage": -44.653000000000006,
        "sellinggeneralandadministrativeexpense": 720360000,
        "sellinggeneraladministrativeexpenseaspercentnetsales": -39.396,
        "othergeneralexpense": -2411000,
        "interestanddebtexpense": 21780000,
        "investmentincomeinterestanddividend": 802000,
        "nonoperatingincomeexpense": 1073000,
        "incomelossfromcontinuingoperationsbeforeincometaxesminorityinterestandincomelossfromequitymethodinvestments": 103699000,
        "incometaxexpensebenefit": 30781000,
        "netincomeloss": 72918000,
        "earningspersharebasic": 0.6800000000000004,
        "earningspersharediluted": 0.6699999999999999
    },
    {
        "date": "2010-09-29",
        "symbol": "SHW",
        "period": "Q3",
        "revenues": 2172259000,
        "costofrevenue": 1200674000,
        "grossprofit": 971585000,
        "grossprofitpercentage": 0.447,
        "sellinggeneralandadministrativeexpense": 703672000,
        "sellinggeneraladministrativeexpenseaspercentnetsales": 0.324,
        "othergeneralexpense": -817000,
        "interestanddebtexpense": 11310000,
        "investmentincomeinterestanddividend": 1008000,
        "nonoperatingincomeexpense": -3049000,
        "incomelossfromcontinuingoperationsbeforeincometaxesminorityinterestandincomelossfromequitymethodinvestments": 255379000,
        "incometaxexpensebenefit": 80121000,
        "netincomeloss": 175258000,
        "earningspersharebasic": 1.63,
        "earningspersharediluted": 1.6,
        "weightedaveragenumberofsharesoutstandingbasic": 106454042,
        "weightedaveragenumberofdilutedsharesoutstanding": 108397737
    },
    {
        "date": "2010-06-29",
        "symbol": "SHW",
        "period": "Q2",
        "revenues": 2143064000,
        "costofrevenue": 1171171000,
        "grossprofit": 971893000,
        "grossprofitpercentage": 0.454,
        "sellinggeneralandadministrativeexpense": 691215000,
        "sellinggeneraladministrativeexpenseaspercentnetsales": 0.323,
        "othergeneralexpense": 5125000,
        "interestanddebtexpense": 26340000,
        "investmentincomeinterestanddividend": 480000,
        "nonoperatingincomeexpense": 9555000,
        "incomelossfromcontinuingoperationsbeforeincometaxesminorityinterestandincomelossfromequitymethodinvestments": 259248000,
        "incometaxexpensebenefit": 77542000,
        "netincomeloss": 181706000,
        "earningspersharebasic": 1.67,
        "earningspersharediluted": 1.64,
        "weightedaveragenumberofsharesoutstandingbasic": 107686335,
        "weightedaveragenumberofdilutedsharesoutstanding": 109832652
    },
    {
        "date": "2010-03-30",
        "symbol": "SHW",
        "period": "Q1",
        "revenues": 1565482000,
        "costofrevenue": 873514000,
        "grossprofit": 691968000,
        "grossprofitpercentage": 44.2,
        "sellinggeneralandadministrativeexpense": 612875000,
        "sellinggeneraladministrativeexpenseaspercentnetsales": 39.1,
        "othergeneralexpense": 1906000,
        "interestanddebtexpense": 11570000,
        "investmentincomeinterestanddividend": 639000,
        "nonoperatingincomeexpense": -6798000,
        "incomelossfromcontinuingoperationsbeforeincometaxesminorityinterestandincomelossfromequitymethodinvestments": 59458000,
        "incometaxexpensebenefit": 26855000,
        "netincomeloss": 32603000,
        "earningspersharebasic": 0.3,
        "earningspersharediluted": 0.3,
        "weightedaveragenumberofsharesoutstandingbasic": 107959598,
        "weightedaveragenumberofdilutedsharesoutstanding": 110247174
    },
    {
        "date": "2009-09-29",
        "symbol": "SHW",
        "period": "Q3",
        "revenues": 1996909000,
        "costofrevenue": 1067926000,
        "grossprofit": 928983000,
        "grossprofitpercentage": 0.465,
        "sellinggeneralandadministrativeexpense": 654246000,
        "sellinggeneraladministrativeexpenseaspercentnetsales": 0.328,
        "othergeneralexpense": 6869000,
        "interestanddebtexpense": 8471000,
        "investmentincomeinterestanddividend": 518000,
        "nonoperatingincomeexpense": -1267000,
        "incomelossfromcontinuingoperationsbeforeincometaxesminorityinterestandincomelossfromequitymethodinvestments": 258648000,
        "incometaxexpensebenefit": 83440000,
        "netincomeloss": 175208000,
        "earningspersharebasic": 1.54,
        "earningspersharediluted": 1.51,
        "weightedaveragenumberofsharesoutstandingbasic": 113447570000,
        "weightedaveragenumberofdilutedsharesoutstanding": 115697528000
    }
]