[
    {
        "date": "2024-09-29",
        "symbol": "OMC",
        "period": "Q3",
        "revenues": -6160300000,
        "salaryandservicecosts": 2796000000,
        "occupancyandothercosts": 325600000,
        "costofgoodsandservicessold": 3121600000,
        "sellinggeneralandadministrativeexpense": 99500000,
        "depreciationandamortization": 61400000,
        "costsandexpenses": 3282500000,
        "operatingincomeloss": 600100000,
        "interestexpense": 66400000,
        "investmentincomeinterest": 26000000,
        "incomelossfromcontinuingoperationsbeforeincometaxesminorityinterestandincomelossfromequitymethodinvestments": 559700000,
        "incometaxexpensebenefit": 150200000,
        "incomelossfromequitymethodinvestments": 400000,
        "profitloss": 409900000,
        "netincomelossattributabletononcontrollinginterest": 24000000,
        "netincomeloss": 385900000,
        "earningspersharebasic": 1.97,
        "earningspersharediluted": 1.9500000000000004,
        "weightedaveragenumberofsharesoutstandingbasic": 196500000,
        "weightedaveragenumberofdilutedsharesoutstanding": 198900000,
        "othercomprehensiveincomelosscashflowhedgegainlossreclassificationbeforetax": -1300000,
        "othercomprehensiveincomelosscashflowhedgegainlossreclassificationtax": -300000,
        "othercomprehensiveincomelosscashflowhedgegainlossreclassificationaftertax": -1000000,
        "othercomprehensiveincomelossamortizationadjustmentfromaocipensionandotherpostretirementbenefitplansfornetpriorservicecostcreditbeforetax": 1200000,
        "othercomprehensiveincomelossreclassificationadjustmentfromaocipensionandotherpostretirementbenefitplansfornetgainlossbeforetax": -300000,
        "othercomprehensiveincomelosspensionandotherpostretirementbenefitplanstax": -1100000,
        "othercomprehensiveincomelosspensionandotherpostretirementbenefitplansadjustmentnetoftax": -400000,
        "othercomprehensiveincomelossforeigncurrencytransactionandtranslationadjustmentnetoftax": 180200000,
        "othercomprehensiveincomelossnetoftax": 118300000,
        "comprehensiveincomenetoftaxincludingportionattributabletononcontrollinginterest": 591500000,
        "comprehensiveincomenetoftaxattributabletononcontrollinginterest": 34400000,
        "comprehensiveincomenetoftax": 557100000
    },
    {
        "date": "2024-06-29",
        "symbol": "OMC",
        "period": "Q2",
        "revenues": 3853800000,
        "salaryandservicecosts": 2800100000,
        "occupancyandothercosts": 314200000,
        "restructuringcharges": 57800000,
        "costofgoodsandservicessold": 3172100000,
        "sellinggeneralandadministrativeexpense": 111000000,
        "depreciationandamortization": 60400000,
        "costsandexpenses": 3343500000,
        "operatingincomeloss": 510300000,
        "interestexpense": 62700000,
        "investmentincomeinterest": 21000000,
        "incomelossfromcontinuingoperationsbeforeincometaxesminorityinterestandincomelossfromequitymethodinvestments": 468600000,
        "incometaxexpensebenefit": 123700000,
        "incomelossfromequitymethodinvestments": 3300000,
        "profitloss": 348200000,
        "netincomelossattributabletononcontrollinginterest": 20100000,
        "netincomeloss": 328100000,
        "earningspersharebasic": 1.67,
        "earningspersharediluted": 1.65,
        "weightedaveragenumberofsharesoutstandingbasic": 195900000,
        "weightedaveragenumberofdilutedsharesoutstanding": 198500000,
        "othercomprehensiveincomelosscashflowhedgegainlossreclassificationbeforetax": -1200000,
        "othercomprehensiveincomelosscashflowhedgegainlossreclassificationtax": -400000,
        "othercomprehensiveincomelosscashflowhedgegainlossreclassificationaftertax": -800000,
        "othercomprehensiveincomelossamortizationadjustmentfromaocipensionandotherpostretirementbenefitplansfornetpriorservicecostcreditbeforetax": 1200000,
        "othercomprehensiveincomelossreclassificationadjustmentfromaocipensionandotherpostretirementbenefitplansfornetgainlossbeforetax": -200000,
        "othercomprehensiveincomelosspensionandotherpostretirementbenefitplanstax": -500000,
        "othercomprehensiveincomelosspensionandotherpostretirementbenefitplansadjustmentnetoftax": -900000,
        "othercomprehensiveincomelossforeigncurrencytransactionandtranslationadjustmentnetoftax": -31900000,
        "othercomprehensiveincomelossnetoftax": -30200000,
        "comprehensiveincomenetoftaxincludingportionattributabletononcontrollinginterest": 318000000,
        "comprehensiveincomenetoftaxattributabletononcontrollinginterest": 19500000,
        "comprehensiveincomenetoftax": 298500000
    },
    {
        "date": "2024-03-30",
        "symbol": "OMC",
        "period": "Q1",
        "revenues": 3630500000,
        "salaryandservicecosts": 2692600000,
        "occupancyandothercosts": 314100000,
        "costofgoodsandservicessold": 3006700000,
        "sellinggeneralandadministrativeexpense": 85300000,
        "depreciationandamortization": 59600000,
        "costsandexpenses": 3151600000,
        "operatingincomeloss": 478900000,
        "interestexpense": 53800000,
        "investmentincomeinterest": 27000000,
        "incomelossfromcontinuingoperationsbeforeincometaxesminorityinterestandincomelossfromequitymethodinvestments": 452100000,
        "incometaxexpensebenefit": 116000000,
        "incomelossfromequitymethodinvestments": 900000,
        "profitloss": 337000000,
        "netincomelossattributabletononcontrollinginterest": 18400000,
        "netincomeloss": 318600000,
        "earningspersharebasic": 1.61,
        "earningspersharediluted": 1.59,
        "weightedaveragenumberofsharesoutstandingbasic": 197900000,
        "weightedaveragenumberofdilutedsharesoutstanding": 200100000,
        "othercomprehensiveincomelosscashflowhedgegainlossreclassificationbeforetax": -1400000,
        "othercomprehensiveincomelosscashflowhedgegainlossreclassificationtax": -400000,
        "othercomprehensiveincomelosscashflowhedgegainlossreclassificationaftertax": -1000000,
        "othercomprehensiveincomelossamortizationadjustmentfromaocipensionandotherpostretirementbenefitplansfornetpriorservicecostcreditbeforetax": 1200000,
        "othercomprehensiveincomelossreclassificationadjustmentfromaocipensionandotherpostretirementbenefitplansfornetgainlossbeforetax": -300000,
        "othercomprehensiveincomelosspensionandotherpostretirementbenefitplanstax": -1700000,
        "othercomprehensiveincomelosspensionandotherpostretirementbenefitplansadjustmentnetoftax": 200000,
        "othercomprehensiveincomelossforeigncurrencytransactionandtranslationadjustmentnetoftax": -86300000,
        "othercomprehensiveincomelossnetoftax": -85500000,
        "comprehensiveincomenetoftaxincludingportionattributabletononcontrollinginterest": 251500000,
        "comprehensiveincomenetoftaxattributabletononcontrollinginterest": 11200000,
        "comprehensiveincomenetoftax": 240300000
    },
    {
        "date": "2023-12-30",
        "symbol": "OMC",
        "period": "Q4",
        "revenues": 4060900000,
        "salaryandservicecosts": 2954000000,
        "occupancyandothercosts": 290900000,
        "costofgoodsandservicessold": 3244900000,
        "sellinggeneralandadministrativeexpense": 115600000,
        "depreciationandamortization": 53700000,
        "costsandexpenses": 3414200000,
        "operatingincomeloss": 646700000,
        "interestexpense": 52600000,
        "investmentincomeinterest": 25800000,
        "incomelossfromcontinuingoperationsbeforeincometaxesminorityinterestandincomelossfromequitymethodinvestments": 619900000,
        "incometaxexpensebenefit": 164200000,
        "incomelossfromequitymethodinvestments": 2100000,
        "profitloss": 457800000,
        "netincomelossattributabletononcontrollinginterest": 32100000,
        "netincomeloss": 425700000,
        "earningspersharebasic": 2.1400000000000006,
        "earningspersharediluted": 2.13,
        "othercomprehensiveincomelosscashflowhedgegainlossreclassificationbeforetax": -1400000,
        "othercomprehensiveincomelosscashflowhedgegainlossreclassificationtax": -400000,
        "othercomprehensiveincomelosscashflowhedgegainlossreclassificationaftertax": -1000000,
        "othercomprehensiveincomelosspensionandotherpostretirementbenefitplanstax": 2300000,
        "othercomprehensiveincomelosspensionandotherpostretirementbenefitplansadjustmentnetoftax": 3400000,
        "othercomprehensiveincomelossforeigncurrencytransactionandtranslationadjustmentnetoftax": 133100000,
        "othercomprehensiveincomelossnetoftax": 130700000,
        "comprehensiveincomenetoftaxincludingportionattributabletononcontrollinginterest": 588500000,
        "comprehensiveincomenetoftaxattributabletononcontrollinginterest": 41900000,
        "comprehensiveincomenetoftax": 546600000
    },
    {
        "date": "2023-09-29",
        "symbol": "OMC",
        "period": "Q3",
        "revenues": 3578100000,
        "salaryandservicecosts": 2586500000,
        "occupancyandothercosts": 288600000,
        "restructuringcharges": 0,
        "costofgoodsandservicessold": 2875100000,
        "sellinggeneralandadministrativeexpense": 89800000,
        "depreciationandamortization": 52400000,
        "costsandexpenses": 3017300000,
        "operatingincomeloss": 560800000,
        "interestexpense": 53500000,
        "investmentincomeinterest": 15200000,
        "incomelossfromcontinuingoperationsbeforeincometaxesminorityinterestandincomelossfromequitymethodinvestments": 522500000,
        "incometaxexpensebenefit": 136100000,
        "incomelossfromequitymethodinvestments": 1900000,
        "profitloss": 388300000,
        "netincomelossattributabletononcontrollinginterest": 16400000,
        "netincomeloss": 371900000,
        "earningspersharebasic": 1.87,
        "earningspersharediluted": 1.8499999999999999,
        "weightedaveragenumberofsharesoutstandingbasic": -201400000,
        "weightedaveragenumberofdilutedsharesoutstanding": -204100000,
        "othercomprehensiveincomelosscashflowhedgegainlossreclassificationbeforetax": -1400000,
        "othercomprehensiveincomelosscashflowhedgegainlossreclassificationtax": -400000,
        "othercomprehensiveincomelosscashflowhedgegainlossreclassificationaftertax": -1000000,
        "othercomprehensiveincomelossamortizationadjustmentfromaocipensionandotherpostretirementbenefitplansfornetpriorservicecostcreditbeforetax": 1000000,
        "othercomprehensiveincomelossreclassificationadjustmentfromaocipensionandotherpostretirementbenefitplansfornetgainlossbeforetax": -200000,
        "othercomprehensiveincomelosspensionandotherpostretirementbenefitplanstax": -900000,
        "othercomprehensiveincomelosspensionandotherpostretirementbenefitplansadjustmentnetoftax": -300000,
        "othercomprehensiveincomelossforeigncurrencytransactionandtranslationadjustmentnetoftax": -110500000,
        "othercomprehensiveincomelossnetoftax": -109200000,
        "comprehensiveincomenetoftaxincludingportionattributabletononcontrollinginterest": 279100000,
        "comprehensiveincomenetoftaxattributabletononcontrollinginterest": 11600000,
        "comprehensiveincomenetoftax": 267500000
    },
    {
        "date": "2023-06-30",
        "symbol": "OMC",
        "period": "Q2",
        "revenues": 3609900000,
        "salaryandservicecosts": 2617800000,
        "occupancyandothercosts": 297700000,
        "restructuringcharges": 72300000,
        "gainlossonsaleofbusiness": 78800000,
        "costofgoodsandservicessold": 2909000000,
        "sellinggeneralandadministrativeexpense": 99100000,
        "depreciationandamortization": 51100000,
        "costsandexpenses": 3059200000,
        "operatingincomeloss": 550700000,
        "interestexpense": 57500000,
        "investmentincomeinterest": 30100000,
        "incomelossfromcontinuingoperationsbeforeincometaxesminorityinterestandincomelossfromequitymethodinvestments": 523300000,
        "incometaxexpensebenefit": 141200000,
        "incomelossfromequitymethodinvestments": 1100000,
        "profitloss": 383200000,
        "netincomelossattributabletononcontrollinginterest": 16900000,
        "netincomeloss": 366300000,
        "earningspersharebasic": 1.84,
        "earningspersharediluted": 1.82,
        "weightedaveragenumberofsharesoutstandingbasic": 198900000,
        "weightedaveragenumberofdilutedsharesoutstanding": 201600000,
        "othercomprehensiveincomelosscashflowhedgegainlossreclassificationbeforetax": -1400000,
        "othercomprehensiveincomelosscashflowhedgegainlossreclassificationtax": -400000,
        "othercomprehensiveincomelosscashflowhedgegainlossreclassificationaftertax": -1000000,
        "othercomprehensiveincomelossamortizationadjustmentfromaocipensionandotherpostretirementbenefitplansfornetpriorservicecostcreditbeforetax": 1000000,
        "othercomprehensiveincomelossreclassificationadjustmentfromaocipensionandotherpostretirementbenefitplansfornetgainlossbeforetax": -200000,
        "othercomprehensiveincomelosspensionandotherpostretirementbenefitplanstax": 100000,
        "othercomprehensiveincomelosspensionandotherpostretirementbenefitplansadjustmentnetoftax": -1300000,
        "othercomprehensiveincomelossforeigncurrencytransactionandtranslationadjustmentnetoftax": 24500000,
        "othercomprehensiveincomelossnetoftax": 26800000,
        "comprehensiveincomenetoftaxincludingportionattributabletononcontrollinginterest": 410000000,
        "comprehensiveincomenetoftaxattributabletononcontrollinginterest": 13300000,
        "comprehensiveincomenetoftax": 396700000
    },
    {
        "date": "2023-03-31",
        "symbol": "OMC",
        "period": "Q1",
        "revenues": 3443300000,
        "salaryandservicecosts": 2542900000,
        "occupancyandothercosts": 291600000,
        "restructuringcharges": 119200000,
        "costofgoodsandservicessold": 2953700000,
        "sellinggeneralandadministrativeexpense": 89200000,
        "depreciationandamortization": 53900000,
        "costsandexpenses": 3096800000,
        "operatingincomeloss": 346500000,
        "interestexpense": 54900000,
        "investmentincomeinterest": 35600000,
        "incomelossfromcontinuingoperationsbeforeincometaxesminorityinterestandincomelossfromequitymethodinvestments": 327200000,
        "incometaxexpensebenefit": 83400000,
        "incomelossfromequitymethodinvestments": 100000,
        "profitloss": 243900000,
        "netincomelossattributabletononcontrollinginterest": 16400000,
        "netincomeloss": 227500000,
        "earningspersharebasic": 1.13,
        "earningspersharediluted": 1.11,
        "weightedaveragenumberofsharesoutstandingbasic": 202200000,
        "weightedaveragenumberofdilutedsharesoutstanding": 204500000,
        "othercomprehensiveincomelosscashflowhedgegainlossreclassificationbeforetax": -1400000,
        "othercomprehensiveincomelosscashflowhedgegainlossreclassificationtax": -400000,
        "othercomprehensiveincomelosscashflowhedgegainlossreclassificationaftertax": -1000000,
        "othercomprehensiveincomelossamortizationadjustmentfromaocipensionandotherpostretirementbenefitplansfornetpriorservicecostcreditbeforetax": 1100000,
        "othercomprehensiveincomelossreclassificationadjustmentfromaocipensionandotherpostretirementbenefitplansfornetgainlossbeforetax": -200000,
        "othercomprehensiveincomelosspensionandotherpostretirementbenefitplanstax": -900000,
        "othercomprehensiveincomelosspensionandotherpostretirementbenefitplansadjustmentnetoftax": -400000,
        "othercomprehensiveincomelossforeigncurrencytransactionandtranslationadjustmentnetoftax": 51800000,
        "othercomprehensiveincomelossnetoftax": 53200000,
        "comprehensiveincomenetoftaxincludingportionattributabletononcontrollinginterest": 297100000,
        "comprehensiveincomenetoftaxattributabletononcontrollinginterest": 16200000,
        "comprehensiveincomenetoftax": 280900000
    },
    {
        "date": "2022-12-31",
        "symbol": "OMC",
        "period": "Q4",
        "revenues": 3868200000,
        "salaryandservicecosts": 2792000000,
        "occupancyandothercosts": 294400000,
        "costofgoodsandservicessold": 3086400000,
        "sellinggeneralandadministrativeexpense": 84500000,
        "depreciationandamortization": 54600000,
        "costsandexpenses": 3225500000,
        "operatingincomeloss": 642700000,
        "interestexpense": 54400000,
        "investmentincomeinterest": 28500000,
        "incomelossfromcontinuingoperationsbeforeincometaxesminorityinterestandincomelossfromequitymethodinvestments": 616800000,
        "incometaxexpensebenefit": 163500000,
        "incomelossfromequitymethodinvestments": 2600000,
        "profitloss": 455900000,
        "netincomelossattributabletononcontrollinginterest": 26100000,
        "netincomeloss": 429800000,
        "earningspersharebasic": 2.100000000000001,
        "earningspersharediluted": 2.0900000000000007,
        "othercomprehensiveincomelosscashflowhedgegainlossreclassificationbeforetax": -1400000,
        "othercomprehensiveincomelosscashflowhedgegainlossreclassificationtax": -400000,
        "othercomprehensiveincomelosscashflowhedgegainlossreclassificationaftertax": -1000000,
        "othercomprehensiveincomelosspensionandotherpostretirementbenefitplanstax": -16600000,
        "othercomprehensiveincomelosspensionandotherpostretirementbenefitplansadjustmentnetoftax": -44600000,
        "othercomprehensiveincomelossforeigncurrencytransactionandtranslationadjustmentnetoftax": 265100000,
        "othercomprehensiveincomelossnetoftax": 310700000,
        "comprehensiveincomenetoftaxincludingportionattributabletononcontrollinginterest": 766600000,
        "comprehensiveincomenetoftaxattributabletononcontrollinginterest": 40200000,
        "comprehensiveincomenetoftax": 726400000
    },
    {
        "date": "2022-09-30",
        "symbol": "OMC",
        "period": "Q3",
        "revenues": 3443400000,
        "salaryandservicecosts": 2476100000,
        "occupancyandothercosts": 281000000,
        "costofgoodsandservicessold": 2757100000,
        "sellinggeneralandadministrativeexpense": 86400000,
        "depreciationandamortization": 53900000,
        "costsandexpenses": 2897400000,
        "operatingincomeloss": 546000000,
        "interestexpense": 52000000,
        "investmentincomeinterest": 22900000,
        "incomelossfromcontinuingoperationsbeforeincometaxesminorityinterestandincomelossfromequitymethodinvestments": 516900000,
        "incometaxexpensebenefit": 134700000,
        "incomelossfromequitymethodinvestments": 1100000,
        "profitloss": 383300000,
        "netincomelossattributabletononcontrollinginterest": 18800000,
        "netincomeloss": 364500000,
        "earningspersharebasic": 1.77,
        "earningspersharediluted": 1.7599999999999998,
        "othercomprehensiveincomelosscashflowhedgegainlossreclassificationbeforetax": -1400000,
        "othercomprehensiveincomelosscashflowhedgegainlossreclassificationtax": -400000,
        "othercomprehensiveincomelosscashflowhedgegainlossreclassificationaftertax": -1000000,
        "othercomprehensiveincomelossamortizationadjustmentfromaocipensionandotherpostretirementbenefitplansfornetpriorservicecostcreditbeforetax": 1000000,
        "othercomprehensiveincomelossreclassificationadjustmentfromaocipensionandotherpostretirementbenefitplansfornetgainlossbeforetax": -1800000,
        "othercomprehensiveincomelosspensionandotherpostretirementbenefitplanstax": -1000000,
        "othercomprehensiveincomelosspensionandotherpostretirementbenefitplansadjustmentnetoftax": -1800000,
        "othercomprehensiveincomelossforeigncurrencytransactionandtranslationadjustmentnetoftax": -261200000,
        "othercomprehensiveincomelossnetoftax": -258400000,
        "comprehensiveincomenetoftaxincludingportionattributabletononcontrollinginterest": 124900000,
        "comprehensiveincomenetoftaxattributabletononcontrollinginterest": 6200000,
        "comprehensiveincomenetoftax": 118700000
    },
    {
        "date": "2022-06-30",
        "symbol": "OMC",
        "period": "Q2",
        "revenues": 3567200000,
        "salaryandservicecosts": 2566000000,
        "occupancyandothercosts": 293000000,
        "chargesarisingfromtheeffectsofthewarinukraine": 0,
        "costofgoodsandservicessold": 2859000000,
        "sellinggeneralandadministrativeexpense": 110900000,
        "depreciationandamortization": 55700000,
        "costsandexpenses": 3025600000,
        "operatingincomeloss": 541600000,
        "interestexpense": 51200000,
        "investmentincomeinterest": 11100000,
        "incomelossfromcontinuingoperationsbeforeincometaxesminorityinterestandincomelossfromequitymethodinvestments": 501500000,
        "incometaxexpensebenefit": 133100000,
        "incomelossfromequitymethodinvestments": 1600000,
        "profitloss": 370000000,
        "netincomelossattributabletononcontrollinginterest": 21600000,
        "netincomeloss": 348400000,
        "earningspersharebasic": 1.6999999999999997,
        "earningspersharediluted": 1.6799999999999997,
        "othercomprehensiveincomelosscashflowhedgegainlossreclassificationbeforetax": -1400000,
        "othercomprehensiveincomelosscashflowhedgegainlossreclassificationtax": -400000,
        "othercomprehensiveincomelosscashflowhedgegainlossreclassificationaftertax": -1000000,
        "othercomprehensiveincomelossamortizationadjustmentfromaocipensionandotherpostretirementbenefitplansfornetpriorservicecostcreditbeforetax": 1100000,
        "othercomprehensiveincomelossreclassificationadjustmentfromaocipensionandotherpostretirementbenefitplansfornetgainlossbeforetax": -1400000,
        "othercomprehensiveincomelosspensionandotherpostretirementbenefitplanstax": -1100000,
        "othercomprehensiveincomelosspensionandotherpostretirementbenefitplansadjustmentnetoftax": -1400000,
        "othercomprehensiveincomelossforeigncurrencytransactionandtranslationadjustmentnetoftax": -287200000,
        "othercomprehensiveincomelossnetoftax": -284800000,
        "comprehensiveincomenetoftaxincludingportionattributabletononcontrollinginterest": 85200000,
        "comprehensiveincomenetoftaxattributabletononcontrollinginterest": 2900000,
        "comprehensiveincomenetoftax": 82300000
    },
    {
        "date": "2022-03-31",
        "symbol": "OMC",
        "period": "Q1",
        "revenues": 3410300000,
        "salaryandservicecosts": 2491800000,
        "occupancyandothercosts": 300200000,
        "chargesarisingfromtheeffectsofthewarinukraine": 113400000,
        "costofgoodsandservicessold": 2905400000,
        "sellinggeneralandadministrativeexpense": 96700000,
        "depreciationandamortization": 55200000,
        "costsandexpenses": 3057300000,
        "operatingincomeloss": 353000000,
        "interestexpense": 51000000,
        "investmentincomeinterest": 8200000,
        "incomelossfromcontinuingoperationsbeforeincometaxesminorityinterestandincomelossfromequitymethodinvestments": 310200000,
        "incometaxexpensebenefit": 115500000,
        "incomelossfromequitymethodinvestments": -100000,
        "profitloss": 194600000,
        "netincomelossattributabletononcontrollinginterest": 20800000,
        "netincomeloss": 173800000,
        "earningspersharebasic": 0.83,
        "earningspersharediluted": 0.83,
        "othercomprehensiveincomelosscashflowhedgegainlossreclassificationbeforetax": -1400000,
        "othercomprehensiveincomelosscashflowhedgegainlossreclassificationtax": -400000,
        "othercomprehensiveincomelosscashflowhedgegainlossreclassificationaftertax": -1000000,
        "othercomprehensiveincomelossamortizationadjustmentfromaocipensionandotherpostretirementbenefitplansfornetpriorservicecostcreditbeforetax": 1000000,
        "othercomprehensiveincomelossreclassificationadjustmentfromaocipensionandotherpostretirementbenefitplansfornetgainlossbeforetax": -1600000,
        "othercomprehensiveincomelosspensionandotherpostretirementbenefitplanstax": -1300000,
        "othercomprehensiveincomelosspensionandotherpostretirementbenefitplansadjustmentnetoftax": -1300000,
        "othercomprehensiveincomelossforeigncurrencytransactionandtranslationadjustmentnetoftax": 28100000,
        "othercomprehensiveincomelossnetoftax": 30400000,
        "comprehensiveincomenetoftaxincludingportionattributabletononcontrollinginterest": 225000000,
        "comprehensiveincomenetoftaxattributabletononcontrollinginterest": 21500000,
        "comprehensiveincomenetoftax": 203500000
    },
    {
        "date": "2021-12-31",
        "symbol": "OMC",
        "period": "Q4",
        "revenues": 3855800000,
        "salaryandservicecosts": 2792100000,
        "occupancyandothercosts": 277200000,
        "costofgoodsandservicessold": 3069300000,
        "sellinggeneralandadministrativeexpense": 109800000,
        "depreciationandamortization": 54200000,
        "costsandexpenses": 3233300000,
        "operatingincomeloss": 622500000,
        "interestexpense": 51600000,
        "investmentincomeinterest": 7200000,
        "incomelossfromcontinuingoperationsbeforeincometaxesminorityinterestandincomelossfromequitymethodinvestments": 578100000,
        "incometaxexpensebenefit": 133600000,
        "profitloss": 449900000,
        "netincomelossattributabletononcontrollinginterest": 33700000,
        "netincomeloss": 416200000,
        "earningspersharebasic": 1.96,
        "earningspersharediluted": 1.9500000000000006,
        "othercomprehensiveincomelosspensionandotherpostretirementbenefitplanstax": -8500000,
        "othercomprehensiveincomelosspensionandotherpostretirementbenefitplansadjustmentnetoftax": -24400000,
        "othercomprehensiveincomelossforeigncurrencytransactionandtranslationadjustmentnetoftax": 28900000,
        "othercomprehensiveincomelossnetoftax": 54300000,
        "comprehensiveincomenetoftaxincludingportionattributabletononcontrollinginterest": 504200000,
        "comprehensiveincomenetoftaxattributabletononcontrollinginterest": 32400000,
        "comprehensiveincomenetoftax": 471800000
    },
    {
        "date": "2021-09-30",
        "symbol": "OMC",
        "period": "Q3",
        "revenues": 3435100000,
        "salaryandservicecosts": 2461800000,
        "occupancyandothercosts": 285500000,
        "costofgoodsandservicessold": 2747300000,
        "sellinggeneralandadministrativeexpense": 95100000,
        "depreciationandamortization": 51100000,
        "costsandexpenses": 2893500000,
        "operatingincomeloss": 541600000,
        "interestexpense": 50700000,
        "investmentincomeinterest": 7000000,
        "incomelossfromcontinuingoperationsbeforeincometaxesminorityinterestandincomelossfromequitymethodinvestments": 497900000,
        "incometaxexpensebenefit": 120000000,
        "profitloss": 380100000,
        "netincomelossattributabletononcontrollinginterest": 24500000,
        "netincomeloss": 355600000,
        "earningspersharebasic": 1.6600000000000001,
        "earningspersharediluted": 1.65,
        "othercomprehensiveincomelossamortizationadjustmentfromaocipensionandotherpostretirementbenefitplansfornetpriorservicecostcreditbeforetax": 1100000,
        "othercomprehensiveincomelossreclassificationadjustmentfromaocipensionandotherpostretirementbenefitplansfornetgainlossbeforetax": -3400000,
        "othercomprehensiveincomelosspensionandotherpostretirementbenefitplanstax": -1700000,
        "othercomprehensiveincomelosspensionandotherpostretirementbenefitplansadjustmentnetoftax": -2800000,
        "othercomprehensiveincomelossforeigncurrencytransactionandtranslationadjustmentnetoftax": -132300000,
        "othercomprehensiveincomelossnetoftax": -128500000,
        "comprehensiveincomenetoftaxincludingportionattributabletononcontrollinginterest": 251600000,
        "comprehensiveincomenetoftaxattributabletononcontrollinginterest": 16400000,
        "comprehensiveincomenetoftax": 235200000
    },
    {
        "date": "2021-06-30",
        "symbol": "OMC",
        "period": "Q2",
        "revenues": 3571600000,
        "salaryandservicecosts": 2603100000,
        "occupancyandothercosts": 293900000,
        "gainlossonsaleofbusiness": 50500000,
        "costofgoodsandservicessold": 2846500000,
        "sellinggeneralandadministrativeexpense": 103200000,
        "depreciationandamortization": 53500000,
        "costsandexpenses": 3003200000,
        "operatingincomeloss": 568400000,
        "interestexpense": 80300000,
        "investmentincomeinterest": 6800000,
        "incomelossfromcontinuingoperationsbeforeincometaxesminorityinterestandincomelossfromequitymethodinvestments": 494900000,
        "incometaxexpensebenefit": 123200000,
        "incomelossfromequitymethodinvestments": -100000,
        "profitloss": 371600000,
        "netincomelossattributabletononcontrollinginterest": 23400000,
        "netincomeloss": 348200000,
        "earningspersharebasic": 1.62,
        "earningspersharediluted": 1.6,
        "othercomprehensiveincomelossreclassificationadjustmentfromaocionderivativesbeforetax": -1400000,
        "othercomprehensiveincomelossreclassificationadjustmentfromaocionderivativestax": -400000,
        "othercomprehensiveincomelossreclassificationadjustmentfromaocionderivativesnetoftax": -1000000,
        "othercomprehensiveincomelossamortizationadjustmentfromaocipensionandotherpostretirementbenefitplansfornetpriorservicecostcreditbeforetax": 1300000,
        "othercomprehensiveincomelossreclassificationadjustmentfromaocipensionandotherpostretirementbenefitplansfornetgainlossbeforetax": -3200000,
        "othercomprehensiveincomelosspensionandotherpostretirementbenefitplanstax": -1600000,
        "othercomprehensiveincomelosspensionandotherpostretirementbenefitplansadjustmentnetoftax": -2900000,
        "othercomprehensiveincomelossforeigncurrencytransactionandtranslationadjustmentnetoftax": 58100000,
        "othercomprehensiveincomelossnetoftax": 62000000,
        "comprehensiveincomenetoftaxincludingportionattributabletononcontrollinginterest": 433600000,
        "comprehensiveincomenetoftaxattributabletononcontrollinginterest": 26700000,
        "comprehensiveincomenetoftax": 406900000
    },
    {
        "date": "2021-03-31",
        "symbol": "OMC",
        "period": "Q1",
        "revenues": 3426900000,
        "salaryandservicecosts": 2545000000,
        "occupancyandothercosts": 291600000,
        "costofgoodsandservicessold": 2836600000,
        "sellinggeneralandadministrativeexpense": 71600000,
        "depreciationandamortization": 53300000,
        "costsandexpenses": 2961500000,
        "operatingincomeloss": 465400000,
        "interestexpense": 53800000,
        "investmentincomeinterest": 6300000,
        "incomelossfromcontinuingoperationsbeforeincometaxesminorityinterestandincomelossfromequitymethodinvestments": 417900000,
        "incometaxexpensebenefit": 111900000,
        "profitloss": 306000000,
        "netincomelossattributabletononcontrollinginterest": 18200000,
        "netincomeloss": 287800000,
        "earningspersharebasic": 1.33,
        "earningspersharediluted": 1.33,
        "othercomprehensiveincomelossreclassificationadjustmentfromaocionderivativesbeforetax": -1400000,
        "othercomprehensiveincomelossreclassificationadjustmentfromaocionderivativestax": -400000,
        "othercomprehensiveincomelossreclassificationadjustmentfromaocionderivativesnetoftax": -1000000,
        "othercomprehensiveincomelossamortizationadjustmentfromaocipensionandotherpostretirementbenefitplansfornetpriorservicecostcreditbeforetax": 1200000,
        "othercomprehensiveincomelossreclassificationadjustmentfromaocipensionandotherpostretirementbenefitplansfornetgainlossbeforetax": -3300000,
        "othercomprehensiveincomelosspensionandotherpostretirementbenefitplanstax": -1800000,
        "othercomprehensiveincomelosspensionandotherpostretirementbenefitplansadjustmentnetoftax": -2700000,
        "othercomprehensiveincomelossforeigncurrencytransactionandtranslationadjustmentnetoftax": -46900000,
        "othercomprehensiveincomelossnetoftax": -43200000,
        "comprehensiveincomenetoftaxincludingportionattributabletononcontrollinginterest": 262800000,
        "comprehensiveincomenetoftaxattributabletononcontrollinginterest": 7400000,
        "comprehensiveincomenetoftax": 255400000
    },
    {
        "date": "2020-12-31",
        "symbol": "OMC",
        "period": "Q4",
        "revenues": 3757000000,
        "salaryandservicecosts": 2721300000,
        "occupancyandothercosts": 265900000,
        "costofgoodsandservicessold": 2987200000,
        "sellinggeneralandadministrativeexpense": 101300000,
        "depreciationandamortization": 53800000,
        "costsandexpenses": 3142300000,
        "operatingincomeloss": 614700000,
        "interestexpense": 55200000,
        "investmentincomeinterest": 7200000,
        "incomelossfromcontinuingoperationsbeforeincometaxesminorityinterestandincomelossfromequitymethodinvestments": 566700000,
        "incometaxexpensebenefit": 141500000,
        "incomelossfromequitymethodinvestments": 3300000,
        "profitloss": 428500000,
        "netincomelossattributabletononcontrollinginterest": 30400000,
        "netincomeloss": 398100000,
        "earningspersharebasic": 1.8399999999999999,
        "earningspersharediluted": 1.8400000000000003,
        "othercomprehensiveincomelossreclassificationadjustmentfromaocionderivativesbeforetax": -1400000,
        "othercomprehensiveincomelossreclassificationadjustmentfromaocionderivativestax": -400000,
        "othercomprehensiveincomelossreclassificationadjustmentfromaocionderivativesnetoftax": -1000000,
        "othercomprehensiveincomelosspensionandotherpostretirementbenefitplanstax": 7100000,
        "othercomprehensiveincomelosspensionandotherpostretirementbenefitplansadjustmentnetoftax": 17800000,
        "othercomprehensiveincomelossforeigncurrencytransactionandtranslationadjustmentnetoftax": 205300000,
        "othercomprehensiveincomelossnetoftax": 188500000,
        "comprehensiveincomenetoftaxincludingportionattributabletononcontrollinginterest": 617000000,
        "comprehensiveincomenetoftaxattributabletononcontrollinginterest": 52200000,
        "comprehensiveincomenetoftax": 564800000
    },
    {
        "date": "2020-09-30",
        "symbol": "OMC",
        "period": "Q3",
        "revenues": 3206500000,
        "salaryandservicecosts": 2287100000,
        "occupancyandothercosts": 273000000,
        "costofgoodsandservicessold": 2560100000,
        "sellinggeneralandadministrativeexpense": 90300000,
        "depreciationandamortization": 54700000,
        "costsandexpenses": 2705100000,
        "operatingincomeloss": 501400000,
        "interestexpense": 54400000,
        "investmentincomeinterest": 5900000,
        "incomelossfromcontinuingoperationsbeforeincometaxesminorityinterestandincomelossfromequitymethodinvestments": 452900000,
        "incometaxexpensebenefit": 120900000,
        "incomelossfromequitymethodinvestments": 3000000,
        "profitloss": 335000000,
        "netincomelossattributabletononcontrollinginterest": 21600000,
        "netincomeloss": 313400000,
        "earningspersharebasic": 1.46,
        "earningspersharediluted": 1.4499999999999997,
        "othercomprehensiveincomelossreclassificationadjustmentfromaocionderivativesbeforetax": -1400000,
        "othercomprehensiveincomelossreclassificationadjustmentfromaocionderivativestax": -400000,
        "othercomprehensiveincomelossreclassificationadjustmentfromaocionderivativesnetoftax": -1000000,
        "othercomprehensiveincomelossamortizationadjustmentfromaocipensionandotherpostretirementbenefitplansfornetpriorservicecostcreditbeforetax": 1200000,
        "othercomprehensiveincomelossreclassificationadjustmentfromaocipensionandotherpostretirementbenefitplansfornetgainlossbeforetax": -1800000,
        "othercomprehensiveincomelosspensionandotherpostretirementbenefitplanstax": -600000,
        "othercomprehensiveincomelosspensionandotherpostretirementbenefitplansadjustmentnetoftax": -2400000,
        "othercomprehensiveincomelossforeigncurrencytransactionandtranslationadjustmentnetoftax": 78000000,
        "othercomprehensiveincomelossnetoftax": 81400000,
        "comprehensiveincomenetoftaxincludingportionattributabletononcontrollinginterest": 416400000,
        "comprehensiveincomenetoftaxattributabletononcontrollinginterest": 27000000,
        "comprehensiveincomenetoftax": 389400000
    },
    {
        "date": "2020-06-30",
        "symbol": "OMC",
        "period": "Q2",
        "revenues": 2800700000,
        "salaryandservicecosts": 2031100000,
        "occupancyandothercosts": 290000000,
        "restructuringcharges": 277900000,
        "costofgoodsandservicessold": 2599000000,
        "sellinggeneralandadministrativeexpense": 82100000,
        "depreciationandamortization": 57100000,
        "costsandexpenses": 2738200000,
        "operatingincomeloss": 62500000,
        "interestexpense": 53700000,
        "investmentincomeinterest": 6500000,
        "incomelossfromcontinuingoperationsbeforeincometaxesminorityinterestandincomelossfromequitymethodinvestments": 15300000,
        "incometaxexpensebenefit": 21900000,
        "incomelossfromequitymethodinvestments": -7800000,
        "profitloss": -14400000,
        "netincomelossattributabletononcontrollinginterest": 9800000,
        "netincomeloss": -24200000,
        "earningspersharebasic": -0.11,
        "earningspersharediluted": -0.11,
        "othercomprehensiveincomelossreclassificationadjustmentfromaocionderivativesbeforetax": -1400000,
        "othercomprehensiveincomelossreclassificationadjustmentfromaocionderivativestax": -400000,
        "othercomprehensiveincomelossreclassificationadjustmentfromaocionderivativesnetoftax": -1000000,
        "othercomprehensiveincomelossamortizationadjustmentfromaocipensionandotherpostretirementbenefitplansfornetpriorservicecostcreditbeforetax": 1200000,
        "othercomprehensiveincomelossreclassificationadjustmentfromaocipensionandotherpostretirementbenefitplansfornetgainlossbeforetax": -1900000,
        "othercomprehensiveincomelosspensionandotherpostretirementbenefitplanstax": -1000000,
        "othercomprehensiveincomelosspensionandotherpostretirementbenefitplansadjustmentnetoftax": -2100000,
        "othercomprehensiveincomelossforeigncurrencytransactionandtranslationadjustmentnetoftax": 82800000,
        "othercomprehensiveincomelossnetoftax": 85900000,
        "comprehensiveincomenetoftaxincludingportionattributabletononcontrollinginterest": 71500000,
        "comprehensiveincomenetoftaxattributabletononcontrollinginterest": 24000000,
        "comprehensiveincomenetoftax": 47500000
    },
    {
        "date": "2020-03-31",
        "symbol": "OMC",
        "period": "Q1",
        "revenues": 3406900000,
        "salaryandservicecosts": 2533300000,
        "occupancyandothercosts": 309600000,
        "costofgoodsandservicessold": 2842900000,
        "sellinggeneralandadministrativeexpense": 86800000,
        "depreciationandamortization": 57000000,
        "costsandexpenses": 2986700000,
        "operatingincomeloss": 420200000,
        "interestexpense": 58500000,
        "investmentincomeinterest": 12700000,
        "incomelossfromcontinuingoperationsbeforeincometaxesminorityinterestandincomelossfromequitymethodinvestments": 374400000,
        "incometaxexpensebenefit": 97400000,
        "incomelossfromequitymethodinvestments": -5300000,
        "profitloss": 271700000,
        "netincomelossattributabletononcontrollinginterest": 13600000,
        "netincomeloss": 258100000,
        "earningspersharebasic": 1.19,
        "earningspersharediluted": 1.19,
        "othercomprehensiveincomelossreclassificationadjustmentfromaocionderivativesbeforetax": -1300000,
        "othercomprehensiveincomelossreclassificationadjustmentfromaocionderivativestax": -400000,
        "othercomprehensiveincomelossreclassificationadjustmentfromaocionderivativesnetoftax": -900000,
        "othercomprehensiveincomelossamortizationadjustmentfromaocipensionandotherpostretirementbenefitplansfornetpriorservicecostcreditbeforetax": 1300000,
        "othercomprehensiveincomelossreclassificationadjustmentfromaocipensionandotherpostretirementbenefitplansfornetgainlossbeforetax": -1900000,
        "othercomprehensiveincomelosspensionandotherpostretirementbenefitplanstax": -1000000,
        "othercomprehensiveincomelosspensionandotherpostretirementbenefitplansadjustmentnetoftax": -2200000,
        "othercomprehensiveincomelossforeigncurrencytransactionandtranslationadjustmentnetoftax": -371100000,
        "othercomprehensiveincomelossnetoftax": -368000000,
        "comprehensiveincomenetoftaxincludingportionattributabletononcontrollinginterest": -96300000,
        "comprehensiveincomenetoftaxattributabletononcontrollinginterest": -23700000,
        "comprehensiveincomenetoftax": -72600000
    },
    {
        "date": "2019-12-31",
        "symbol": "OMC",
        "period": "Q4",
        "revenues": 4141200000,
        "salaryandservicecosts": 3034700000,
        "occupancyandothercosts": 306400000,
        "costofgoodsandservicessold": 3341100000,
        "sellinggeneralandadministrativeexpense": 97500000,
        "depreciationandamortization": 56200000,
        "operatingincomeloss": 646400000,
        "interestexpense": 51900000,
        "investmentincomeinterest": 13400000,
        "incomelossfromcontinuingoperationsbeforeincometaxesminorityinterestandincomelossfromequitymethodinvestments": 607900000,
        "incometaxexpensebenefit": 158900000,
        "incomelossfromequitymethodinvestments": 800000,
        "profitloss": 449800000,
        "netincomelossattributabletononcontrollinginterest": 34800000,
        "netincomeloss": 415000000,
        "earningspersharebasic": 1.8999999999999997,
        "earningspersharediluted": 1.8899999999999997,
        "othercomprehensiveincomelossreclassificationadjustmentfromaocionderivativesbeforetax": -2800000,
        "othercomprehensiveincomelosspensionandotherpostretirementbenefitplanstax": 13500000,
        "othercomprehensiveincomelosspensionandotherpostretirementbenefitplansadjustmentnetoftax": 28800000,
        "othercomprehensiveincomelossforeigncurrencytransactionandtranslationadjustmentnetoftax": 191300000,
        "othercomprehensiveincomelossnetoftax": 163500000,
        "comprehensiveincomenetoftaxincludingportionattributabletononcontrollinginterest": 613300000,
        "comprehensiveincomenetoftaxattributabletononcontrollinginterest": 47100000,
        "comprehensiveincomenetoftax": 566200000
    },
    {
        "date": "2019-09-30",
        "symbol": "OMC",
        "period": "Q3",
        "profitloss": 328800000,
        "othercomprehensiveincomelossreclassificationadjustmentfromaocionderivativesbeforetax": 100000,
        "othercomprehensiveincomelossamortizationadjustmentfromaocipensionandotherpostretirementbenefitplansfornetpriorservicecostcreditbeforetax": 1300000,
        "othercomprehensiveincomelossreclassificationadjustmentfromaocipensionandotherpostretirementbenefitplansfornetgainlossbeforetax": -600000,
        "othercomprehensiveincomelosspensionandotherpostretirementbenefitplanstax": -1200000,
        "othercomprehensiveincomelosspensionandotherpostretirementbenefitplansadjustmentnetoftax": -700000,
        "othercomprehensiveincomelossforeigncurrencytransactionandtranslationadjustmentnetoftax": -129300000,
        "othercomprehensiveincomelossnetoftax": -126700000,
        "comprehensiveincomenetoftaxincludingportionattributabletononcontrollinginterest": 184600000,
        "comprehensiveincomenetoftaxattributabletononcontrollinginterest": 8300000,
        "comprehensiveincomenetoftax": 176300000,
        "revenues": 3623800000,
        "salaryandservicecosts": 2704700000,
        "occupancyandothercosts": 290800000,
        "costofgoodsandservicessold": 2995500000,
        "sellinggeneralandadministrativeexpense": 97100000,
        "depreciationandamortization": 57900000,
        "operatingexpenses": 3150500000,
        "operatingincomeloss": 473300000,
        "interestexpense": 62800000,
        "investmentincomeinterest": 13500000,
        "incomelossfromcontinuingoperationsbeforeincometaxesminorityinterestandincomelossfromequitymethodinvestments": 424000000,
        "incometaxexpensebenefit": 112200000,
        "incomelossfromequitymethodinvestments": 500000,
        "netincomelossattributabletononcontrollinginterest": 22100000,
        "netincomeloss": 290200000,
        "earningspersharebasic": 1.3200000000000005,
        "earningspersharediluted": 1.3200000000000003
    },
    {
        "date": "2019-06-30",
        "symbol": "OMC",
        "period": "Q2",
        "profitloss": 394100000,
        "othercomprehensiveincomelossreclassificationadjustmentfromaocionderivativesbeforetax": -1400000,
        "othercomprehensiveincomeunrealizedgainlossonderivativesarisingduringperiodtax": 400000,
        "othercomprehensiveincomeunrealizedgainlossonderivativesarisingduringperiodnetoftax": 1000000,
        "othercomprehensiveincomelossamortizationadjustmentfromaocipensionandotherpostretirementbenefitplansfornetpriorservicecostcreditbeforetax": 1300000,
        "othercomprehensiveincomelossreclassificationadjustmentfromaocipensionandotherpostretirementbenefitplansfornetgainlossbeforetax": -500000,
        "othercomprehensiveincomelosspensionandotherpostretirementbenefitplanstax": -900000,
        "othercomprehensiveincomelosspensionandotherpostretirementbenefitplansadjustmentnetoftax": -900000,
        "othercomprehensiveincomelossforeigncurrencytransactionandtranslationadjustmentnetoftax": -18800000,
        "othercomprehensiveincomelossnetoftax": -16900000,
        "comprehensiveincomenetoftaxincludingportionattributabletononcontrollinginterest": 377200000,
        "comprehensiveincomenetoftaxattributabletononcontrollinginterest": 23400000,
        "comprehensiveincomenetoftax": 353800000,
        "revenues": 3719800000,
        "salaryandservicecosts": 2665200000,
        "occupancyandothercosts": 315400000,
        "costofgoodsandservicessold": 2980600000,
        "sellinggeneralandadministrativeexpense": 107700000,
        "depreciationandamortization": 57800000,
        "operatingexpenses": 3146100000,
        "operatingincomeloss": 573700000,
        "interestexpense": 66600000,
        "investmentincomeinterest": 16400000,
        "incomelossfromcontinuingoperationsbeforeincometaxesminorityinterestandincomelossfromequitymethodinvestments": 523500000,
        "incometaxexpensebenefit": 130600000,
        "incomelossfromequitymethodinvestments": 1200000,
        "netincomelossattributabletononcontrollinginterest": 23400000,
        "netincomeloss": 370700000,
        "earningspersharebasic": 1.69,
        "earningspersharediluted": 1.68,
        "commonstockdividendspersharedeclared": 0.65
    },
    {
        "date": "2019-03-30",
        "symbol": "OMC",
        "period": "Q1",
        "profitloss": 263200000,
        "othercomprehensiveincomelossreclassificationadjustmentfromaocionderivativesbeforetax": -1400000,
        "othercomprehensiveincomeunrealizedgainlossonderivativesarisingduringperiodtax": 400000,
        "othercomprehensiveincomeunrealizedgainlossonderivativesarisingduringperiodnetoftax": 1000000,
        "othercomprehensiveincomelossamortizationadjustmentfromaocipensionandotherpostretirementbenefitplansfornetpriorservicecostcreditbeforetax": 1300000,
        "othercomprehensiveincomelossreclassificationadjustmentfromaocipensionandotherpostretirementbenefitplansfornetgainlossbeforetax": -500000,
        "othercomprehensiveincomelosspensionandotherpostretirementbenefitplanstax": -700000,
        "othercomprehensiveincomelosspensionandotherpostretirementbenefitplansadjustmentnetoftax": -1100000,
        "othercomprehensiveincomelossforeigncurrencytransactionandtranslationadjustmentnetoftax": 31700000,
        "othercomprehensiveincomelossnetoftax": 32800000,
        "comprehensiveincomenetoftaxincludingportionattributabletononcontrollinginterest": 313500000,
        "comprehensiveincomenetoftaxattributabletononcontrollinginterest": 17500000,
        "comprehensiveincomenetoftax": 296000000,
        "revenues": 3468900000,
        "salaryandservicecosts": 2567600000,
        "occupancyandothercosts": 309200000,
        "costofgoodsandservicessold": 2876800000,
        "sellinggeneralandadministrativeexpense": 103600000,
        "depreciationandamortization": 59600000,
        "operatingexpenses": 3040000000,
        "operatingincomeloss": 428900000,
        "interestexpense": 63000000,
        "investmentincomeinterest": 17000000,
        "incomelossfromcontinuingoperationsbeforeincometaxesminorityinterestandincomelossfromequitymethodinvestments": 382900000,
        "incometaxexpensebenefit": 102700000,
        "incomelossfromequitymethodinvestments": -500000,
        "netincomelossattributabletononcontrollinginterest": 16500000,
        "netincomeloss": 263200000,
        "earningspersharebasic": 1.18,
        "earningspersharediluted": 1.17,
        "commonstockdividendspersharedeclared": 0.65
    },
    {
        "date": "2018-12-30",
        "symbol": "OMC",
        "period": "Q4",
        "profitloss": 315600000,
        "othercomprehensiveincomelossreclassificationadjustmentfromaocionderivativesbeforetax": -1400000,
        "othercomprehensiveincomeunrealizedgainlossonderivativesarisingduringperiodtax": 400000,
        "othercomprehensiveincomeunrealizedgainlossonderivativesarisingduringperiodnetoftax": 1000000,
        "othercomprehensiveincomelosspensionandotherpostretirementbenefitplanstax": -7000000,
        "othercomprehensiveincomelosspensionandotherpostretirementbenefitplansadjustmentnetoftax": -7900000,
        "othercomprehensiveincomelossforeigncurrencytransactionandtranslationadjustmentnetoftax": -51700000,
        "othercomprehensiveincomelossnetoftax": -12600000,
        "comprehensiveincomenetoftaxincludingportionattributabletononcontrollinginterest": 386900000,
        "comprehensiveincomenetoftaxattributabletononcontrollinginterest": 30000000,
        "comprehensiveincomenetoftax": 356900000,
        "revenues": 37600000,
        "salaryandservicecosts": 2986200000,
        "occupancyandothercosts": 292900000,
        "sellinggeneralandadministrativeexpense": 119100000,
        "depreciationandamortization": 61300000,
        "operatingexpenses": 41400000,
        "operatingincomeloss": -3800000,
        "interestexpense": 6100000,
        "investmentincomeinterest": 15200000,
        "incomelossfromcontinuingoperationsbeforeincometaxesminorityinterestandincomelossfromequitymethodinvestments": 574100000,
        "incometaxexpensebenefit": 149700000,
        "incomelossfromequitymethodinvestments": 5300000,
        "netincomelossattributabletononcontrollinginterest": 30500000,
        "netincomeloss": 399200000,
        "earningspersharebasic": 1.7699999999999996,
        "earningspersharediluted": 1.7700000000000002,
        "commonstockdividendspersharedeclared": 0.5999999999999998
    },
    {
        "date": "2018-09-29",
        "symbol": "OMC",
        "period": "Q3",
        "profitloss": 331300000,
        "othercomprehensiveincomelossreclassificationadjustmentfromaocionderivativesbeforetax": -1400000,
        "othercomprehensiveincomeunrealizedgainlossonderivativesarisingduringperiodtax": 400000,
        "othercomprehensiveincomeunrealizedgainlossonderivativesarisingduringperiodnetoftax": 1000000,
        "othercomprehensiveincomelossamortizationadjustmentfromaocipensionandotherpostretirementbenefitplansfornetpriorservicecostcreditbeforetax": 2000000,
        "othercomprehensiveincomelossreclassificationadjustmentfromaocipensionandotherpostretirementbenefitplansfornetgainlossbeforetax": -2000000,
        "othercomprehensiveincomelosspensionandotherpostretirementbenefitplanstax": 1500000,
        "othercomprehensiveincomelosspensionandotherpostretirementbenefitplansadjustmentnetoftax": -5500000,
        "othercomprehensiveincomelossforeigncurrencytransactionandtranslationadjustmentnetoftax": -30300000,
        "othercomprehensiveincomelossnetoftax": -23800000,
        "comprehensiveincomenetoftaxincludingportionattributabletononcontrollinginterest": 307500000,
        "comprehensiveincomenetoftaxattributabletononcontrollinginterest": 27400000,
        "comprehensiveincomenetoftax": 280100000,
        "revenues": 17100000,
        "salaryandservicecosts": 2834200000,
        "occupancyandothercosts": 376800000,
        "sellinggeneralandadministrativeexpense": 113400000,
        "depreciationandamortization": 65900000,
        "operatingexpenses": 20700000,
        "operatingincomeloss": -3600000,
        "interestexpense": 6100000,
        "investmentincomeinterest": 12700000,
        "incomelossfromcontinuingoperationsbeforeincometaxesminorityinterestandincomelossfromequitymethodinvestments": 445600000,
        "incometaxexpensebenefit": 115300000,
        "incomelossfromequitymethodinvestments": 1000000,
        "netincomelossattributabletononcontrollinginterest": 32400000,
        "netincomeloss": 298900000,
        "earningspersharebasic": 1.33,
        "earningspersharediluted": 1.3299999999999998,
        "commonstockdividendspersharedeclared": 0.6000000000000002
    },
    {
        "date": "2018-06-29",
        "symbol": "OMC",
        "period": "Q2",
        "profitloss": 394800000,
        "othercomprehensiveincomelossreclassificationadjustmentfromaocionderivativesbeforetax": -1400000,
        "othercomprehensiveincomeunrealizedgainlossonderivativesarisingduringperiodtax": 400000,
        "othercomprehensiveincomeunrealizedgainlossonderivativesarisingduringperiodnetoftax": 1000000,
        "othercomprehensiveincomelossamortizationadjustmentfromaocipensionandotherpostretirementbenefitplansfornetpriorservicecostcreditbeforetax": 1900000,
        "othercomprehensiveincomelossreclassificationadjustmentfromaocipensionandotherpostretirementbenefitplansfornetgainlossbeforetax": -2200000,
        "othercomprehensiveincomelosspensionandotherpostretirementbenefitplanstax": -1300000,
        "othercomprehensiveincomelosspensionandotherpostretirementbenefitplansadjustmentnetoftax": -2800000,
        "othercomprehensiveincomelossreclassificationadjustmentfromaociforinvestmenttransferredfromavailableforsaletoequitymethodaftertax": 0,
        "othercomprehensiveincomeunrealizedholdinggainlossonsecuritiesarisingduringperiodnetoftax": 0,
        "othercomprehensiveincomelossforeigncurrencytransactionandtranslationadjustmentnetoftax": -325800000,
        "othercomprehensiveincomelossnetoftax": -322000000,
        "comprehensiveincomenetoftaxincludingportionattributabletononcontrollinginterest": 72800000,
        "comprehensiveincomenetoftaxattributabletononcontrollinginterest": 900000,
        "comprehensiveincomenetoftax": 71900000,
        "revenues": -3538200000,
        "salaryandservicecosts": 2772900000,
        "occupancyandothercosts": 319600000,
        "sellinggeneralandadministrativeexpense": 117500000,
        "depreciationandamortization": 67400000,
        "operatingexpenses": -3130500000,
        "operatingincomeloss": -407700000,
        "interestexpense": -50000000,
        "investmentincomeinterest": 13900000,
        "incomelossfromcontinuingoperationsbeforeincometaxesminorityinterestandincomelossfromequitymethodinvestments": 529800000,
        "incometaxexpensebenefit": 136800000,
        "incomelossfromequitymethodinvestments": 1800000,
        "netincomelossattributabletononcontrollinginterest": 30600000,
        "netincomeloss": 364200000,
        "earningspersharebasic": 1.6,
        "earningspersharediluted": 1.59,
        "commonstockdividendspersharedeclared": 0.6
    },
    {
        "date": "2018-03-30",
        "symbol": "OMC",
        "period": "Q1",
        "profitloss": 284700000,
        "othercomprehensiveincomelossreclassificationadjustmentfromaocionderivativesbeforetax": -1400000,
        "othercomprehensiveincomeunrealizedgainlossonderivativesarisingduringperiodtax": 400000,
        "othercomprehensiveincomeunrealizedgainlossonderivativesarisingduringperiodnetoftax": 1000000,
        "othercomprehensiveincomelossamortizationadjustmentfromaocipensionandotherpostretirementbenefitplansfornetpriorservicecostcreditbeforetax": 2000000,
        "othercomprehensiveincomelossreclassificationadjustmentfromaocipensionandotherpostretirementbenefitplansfornetgainlossbeforetax": -2000000,
        "othercomprehensiveincomelosspensionandotherpostretirementbenefitplanstax": -1100000,
        "othercomprehensiveincomelosspensionandotherpostretirementbenefitplansadjustmentnetoftax": -2900000,
        "othercomprehensiveincomelossreclassificationadjustmentfromaociforinvestmenttransferredfromavailableforsaletoequitymethodaftertax": -300000,
        "othercomprehensiveincomeunrealizedholdinggainlossonsecuritiesarisingduringperiodnetoftax": 300000,
        "othercomprehensiveincomelossforeigncurrencytransactionandtranslationadjustmentnetoftax": 88700000,
        "othercomprehensiveincomelossnetoftax": 92900000,
        "comprehensiveincomenetoftaxincludingportionattributabletononcontrollinginterest": 377600000,
        "comprehensiveincomenetoftaxattributabletononcontrollinginterest": 25600000,
        "comprehensiveincomenetoftax": 352000000,
        "revenues": 3629600000,
        "salaryandservicecosts": 2712800000,
        "occupancyandothercosts": 320300000,
        "costofservices": 3033100000,
        "sellinggeneralandadministrativeexpense": 105400000,
        "depreciationandamortization": 69400000,
        "operatingexpenses": 3207900000,
        "operatingincomeloss": 421700000,
        "interestexpense": 62300000,
        "investmentincomeinterest": 15400000,
        "incomelossfromcontinuingoperationsbeforeincometaxesminorityinterestandincomelossfromequitymethodinvestments": 374800000,
        "incometaxexpensebenefit": 90900000,
        "incomelossfromequitymethodinvestments": 800000,
        "netincomelossattributabletononcontrollinginterest": 20600000,
        "netincomeloss": 264100000,
        "earningspersharebasic": 1.15,
        "earningspersharediluted": 1.14,
        "commonstockdividendspersharedeclared": 0.6
    },
    {
        "date": "2017-12-30",
        "symbol": "OMC",
        "period": "Q4",
        "profitloss": 184000000,
        "othercomprehensiveincomelossreclassificationadjustmentfromaocionderivativesbeforetax": -1100000,
        "othercomprehensiveincomeunrealizedgainlossonderivativesarisingduringperiodtax": 300000,
        "othercomprehensiveincomeunrealizedgainlossonderivativesarisingduringperiodnetoftax": 800000,
        "othercomprehensiveincomelosspensionandotherpostretirementbenefitplanstax": 3400000,
        "othercomprehensiveincomelosspensionandotherpostretirementbenefitplansadjustmentnetoftax": 4400000,
        "othercomprehensiveincomelossforeigncurrencytransactionandtranslationadjustmentnetoftax": -1700000,
        "othercomprehensiveincomelossnetoftax": -30700000,
        "comprehensiveincomenetoftaxincludingportionattributabletononcontrollinginterest": 282700000,
        "comprehensiveincomenetoftaxattributabletononcontrollinginterest": 32900000,
        "comprehensiveincomenetoftax": 249800000,
        "revenues": 1304900000,
        "salaryandservicecosts": 3048900000,
        "occupancyandothercosts": 316400000,
        "costofservices": 3365300000,
        "sellinggeneralandadministrativeexpense": 121400000,
        "depreciationandamortization": 69700000,
        "operatingexpenses": 3556400000,
        "operatingincomeloss": 620100000,
        "interestexpense": 55300000,
        "investmentincomeinterest": 11700000,
        "incomelossfromcontinuingoperationsbeforeincometaxesminorityinterestandincomelossfromequitymethodinvestments": 576500000,
        "incometaxexpensebenefit": -1300000,
        "incomelossfromequitymethodinvestments": 800000,
        "netincomelossattributabletononcontrollinginterest": 33400000,
        "netincomeloss": 254400000,
        "earningspersharebasic": 1.0999999999999999,
        "earningspersharediluted": 1.1000000000000005,
        "commonstockdividendspersharedeclared": 0.6000000000000001
    },
    {
        "date": "2017-09-29",
        "symbol": "OMC",
        "period": "Q3",
        "profitloss": 286900000,
        "othercomprehensiveincomelossreclassificationadjustmentfromaocionderivativesbeforetax": -1400000,
        "othercomprehensiveincomeunrealizedgainlossonderivativesarisingduringperiodtax": 600000,
        "othercomprehensiveincomeunrealizedgainlossonderivativesarisingduringperiodnetoftax": 800000,
        "othercomprehensiveincomelossamortizationadjustmentfromaocipensionandotherpostretirementbenefitplansfornetpriorservicecostcreditbeforetax": 1900000,
        "othercomprehensiveincomelossreclassificationadjustmentfromaocipensionandotherpostretirementbenefitplansfornetgainlossbeforetax": -2000000,
        "othercomprehensiveincomelosspensionandotherpostretirementbenefitplanstax": -1400000,
        "othercomprehensiveincomelosspensionandotherpostretirementbenefitplansadjustmentnetoftax": -2500000,
        "othercomprehensiveincomeunrealizedholdinggainlossonsecuritiesarisingduringperiodbeforetax": 0,
        "othercomprehensiveincomeunrealizedholdinggainlossonsecuritiesarisingduringperiodtax": 0,
        "othercomprehensiveincomeunrealizedholdinggainlossonsecuritiesarisingduringperiodnetoftax": 0,
        "othercomprehensiveincomelossforeigncurrencytransactionandtranslationadjustmentnetoftax": 159600000,
        "othercomprehensiveincomelossnetoftax": 162900000,
        "comprehensiveincomenetoftaxincludingportionattributabletononcontrollinginterest": 449800000,
        "comprehensiveincomenetoftaxattributabletononcontrollinginterest": 32600000,
        "comprehensiveincomenetoftax": 417200000,
        "revenues": -1537800000,
        "salaryandservicecosts": 2770500000,
        "occupancyandothercosts": 316700000,
        "costofservices": 3087200000,
        "sellinggeneralandadministrativeexpense": 99600000,
        "depreciationandamortization": 68600000,
        "operatingexpenses": 3255400000,
        "operatingincomeloss": 464200000,
        "interestexpense": 58900000,
        "investmentincomeinterest": 12600000,
        "incomelossfromcontinuingoperationsbeforeincometaxesminorityinterestandincomelossfromequitymethodinvestments": 417900000,
        "incometaxexpensebenefit": -173800000,
        "incomelossfromequitymethodinvestments": 1000000,
        "netincomelossattributabletononcontrollinginterest": 23300000,
        "netincomeloss": 263600000,
        "earningspersharebasic": 1.14,
        "earningspersharediluted": 1.13,
        "commonstockdividendspersharedeclared": 0.5499999999999998
    },
    {
        "date": "2017-06-29",
        "symbol": "OMC",
        "period": "Q2",
        "profitloss": 355100000,
        "othercomprehensiveincomelossreclassificationadjustmentfromaocionderivativesbeforetax": -1400000,
        "othercomprehensiveincomeunrealizedgainlossonderivativesarisingduringperiodtax": 600000,
        "othercomprehensiveincomeunrealizedgainlossonderivativesarisingduringperiodnetoftax": 800000,
        "othercomprehensiveincomelossamortizationadjustmentfromaocipensionandotherpostretirementbenefitplansfornetpriorservicecostcreditbeforetax": 2200000,
        "othercomprehensiveincomelossreclassificationadjustmentfromaocipensionandotherpostretirementbenefitplansfornetgainlossbeforetax": -1700000,
        "othercomprehensiveincomelosspensionandotherpostretirementbenefitplanstax": -1900000,
        "othercomprehensiveincomelosspensionandotherpostretirementbenefitplansadjustmentnetoftax": -2000000,
        "othercomprehensiveincomeunrealizedholdinggainlossonsecuritiesarisingduringperiodbeforetax": 300000,
        "othercomprehensiveincomeunrealizedholdinggainlossonsecuritiesarisingduringperiodtax": 100000,
        "othercomprehensiveincomeunrealizedholdinggainlossonsecuritiesarisingduringperiodnetoftax": 200000,
        "othercomprehensiveincomelossforeigncurrencytransactionandtranslationadjustmentnetoftax": 140100000,
        "othercomprehensiveincomelossnetoftax": 143100000,
        "comprehensiveincomenetoftaxincludingportionattributabletononcontrollinginterest": 498200000,
        "comprehensiveincomenetoftaxattributabletononcontrollinginterest": 28500000,
        "comprehensiveincomenetoftax": 469700000,
        "revenues": 1088000000,
        "salaryandservicecosts": 2736100000,
        "occupancyandothercosts": 297000000,
        "costofservices": 3033100000,
        "sellinggeneralandadministrativeexpense": 120400000,
        "depreciationandamortization": 71100000,
        "operatingexpenses": 3224600000,
        "operatingincomeloss": 565500000,
        "interestexpense": 56800000,
        "investmentincomeinterest": 11500000,
        "incomelossfromcontinuingoperationsbeforeincometaxesminorityinterestandincomelossfromequitymethodinvestments": 520200000,
        "incometaxexpensebenefit": 166700000,
        "incomelossfromequitymethodinvestments": 1600000,
        "netincomelossattributabletononcontrollinginterest": 26500000,
        "netincomeloss": 328600000,
        "earningspersharebasic": 1.41,
        "earningspersharediluted": 1.4,
        "commonstockdividendspersharedeclared": 0.55
    },
    {
        "date": "2017-03-30",
        "symbol": "OMC",
        "period": "Q1",
        "profitloss": 262400000,
        "othercomprehensiveincomelossreclassificationadjustmentfromaocionderivativesbeforetax": -1400000,
        "othercomprehensiveincomeunrealizedgainlossonderivativesarisingduringperiodtax": 600000,
        "othercomprehensiveincomeunrealizedgainlossonderivativesarisingduringperiodnetoftax": 800000,
        "othercomprehensiveincomelossamortizationadjustmentfromaocipensionandotherpostretirementbenefitplansfornetpriorservicecostcreditbeforetax": 2000000,
        "othercomprehensiveincomelossreclassificationadjustmentfromaocipensionandotherpostretirementbenefitplansfornetgainlossbeforetax": -1900000,
        "othercomprehensiveincomelosspensionandotherpostretirementbenefitplanstax": -1800000,
        "othercomprehensiveincomelosspensionandotherpostretirementbenefitplansadjustmentnetoftax": -2100000,
        "othercomprehensiveincomeunrealizedholdinggainlossonsecuritiesarisingduringperiodbeforetax": 200000,
        "othercomprehensiveincomeunrealizedholdinggainlossonsecuritiesarisingduringperiodtax": 100000,
        "othercomprehensiveincomeunrealizedholdinggainlossonsecuritiesarisingduringperiodnetoftax": 100000,
        "othercomprehensiveincomelossforeigncurrencytransactionandtranslationadjustmentnetoftax": 114700000,
        "othercomprehensiveincomelossnetoftax": 117700000,
        "comprehensiveincomenetoftaxincludingportionattributabletononcontrollinginterest": 380100000,
        "comprehensiveincomenetoftaxattributabletononcontrollinginterest": 35400000,
        "comprehensiveincomenetoftax": 344700000,
        "revenues": 3587400000,
        "salaryandservicecosts": 2694200000,
        "occupancyandothercosts": 302000000,
        "costofservices": 2996200000,
        "sellinggeneralandadministrativeexpense": 108600000,
        "depreciationandamortization": 72700000,
        "operatingexpenses": 3177500000,
        "operatingincomeloss": 409900000,
        "interestexpense": 53500000,
        "investmentincomeinterest": 13900000,
        "incomelossfromcontinuingoperationsbeforeincometaxesminorityinterestandincomelossfromequitymethodinvestments": 370300000,
        "incometaxexpensebenefit": -12400000,
        "incomelossfromequitymethodinvestments": 100000,
        "netincomelossattributabletononcontrollinginterest": 20600000,
        "netincomeloss": 241800000,
        "earningspersharebasic": 1.03,
        "earningspersharediluted": 1.02,
        "commonstockdividendspersharedeclared": 0.55
    },
    {
        "date": "2016-12-30",
        "symbol": "OMC",
        "period": "Q4",
        "profitloss": 282200000,
        "othercomprehensiveincomeunrealizedgainlossonderivativesarisingduringperiodtax": 500000,
        "othercomprehensiveincomeunrealizedgainlossonderivativesarisingduringperiodnetoftax": 800000,
        "othercomprehensiveincomelosspensionandotherpostretirementbenefitplanstax": -1900000,
        "othercomprehensiveincomelosspensionandotherpostretirementbenefitplansadjustmentnetoftax": 8700000,
        "othercomprehensiveincomelossforeigncurrencytransactionandtranslationadjustmentnetoftax": -283100000,
        "othercomprehensiveincomelossnetoftax": -283400000,
        "comprehensiveincomenetoftaxincludingportionattributabletononcontrollinginterest": 89300000,
        "comprehensiveincomenetoftaxattributabletononcontrollinginterest": 5300000,
        "comprehensiveincomenetoftax": 84000000,
        "revenues": -1377900000,
        "salaryandservicecosts": 3148700000,
        "occupancyandothercosts": 297800000,
        "costofservices": 3446500000,
        "sellinggeneralandadministrativeexpense": 120800000,
        "depreciationandamortization": 72600000,
        "operatingexpenses": 3639900000,
        "operatingincomeloss": 601900000,
        "interestexpense": 52200000,
        "investmentincomeinterest": 12000000,
        "incomelossfromcontinuingoperationsbeforeincometaxesminorityinterestandincomelossfromequitymethodinvestments": 561700000,
        "incometaxexpensebenefit": 182800000,
        "incomelossfromequitymethodinvestments": 1400000,
        "netincomelossattributabletononcontrollinginterest": 30000000,
        "netincomeloss": 350300000,
        "earningspersharebasic": 1.48,
        "earningspersharediluted": 1.4600000000000004,
        "commonstockdividendspersharedeclared": 0.5499999999999998
    },
    {
        "date": "2016-09-29",
        "symbol": "OMC",
        "period": "Q3",
        "profitloss": 278200000,
        "othercomprehensiveincomeunrealizedgainlossonderivativesarisingduringperiodnetoftax": 800000,
        "othercomprehensiveincomeunrealizedholdinggainlossonsecuritiesarisingduringperiodnetoftax": 100000,
        "othercomprehensiveincomelossforeigncurrencytransactionandtranslationadjustmentnetoftax": -31100000,
        "othercomprehensiveincomelosspensionandotherpostretirementbenefitplansadjustmentnetoftax": -1900000,
        "othercomprehensiveincomelossnetoftax": -28300000,
        "comprehensiveincomenetoftaxincludingportionattributabletononcontrollinginterest": 249900000,
        "comprehensiveincomenetoftaxattributabletononcontrollinginterest": 24300000,
        "comprehensiveincomenetoftax": 225600000,
        "othercomprehensiveincomeunrealizedgainlossonderivativesarisingduringperiodtax": 600000,
        "othercomprehensiveincomelossforeigncurrencytranslationadjustmenttax": -16000000,
        "othercomprehensiveincomelosspensionandotherpostretirementbenefitplanstax": 1300000,
        "revenues": 1005800000,
        "salaryandservicecosts": 2855300000,
        "occupancyandothercosts": 305500000,
        "costofservices": 3160800000,
        "sellinggeneralandadministrativeexpense": 104100000,
        "depreciationandamortization": 73100000,
        "operatingexpenses": 3338000000,
        "operatingincomeloss": 453100000,
        "interestexpense": 52900000,
        "investmentincomeinterest": 10900000,
        "incomelossfromcontinuingoperationsbeforeincometaxesminorityinterestandincomelossfromequitymethodinvestments": 411100000,
        "incometaxexpensebenefit": 134300000,
        "incomelossfromequitymethodinvestments": 1400000,
        "netincomelossattributabletononcontrollinginterest": 24400000,
        "netincomeloss": 253800000,
        "earningspersharebasic": 1.06,
        "earningspersharediluted": 1.06,
        "commonstockdividendspersharedeclared": 0.55
    },
    {
        "date": "2016-06-29",
        "symbol": "OMC",
        "period": "Q2",
        "profitloss": 351900000,
        "othercomprehensiveincomeunrealizedgainlossonderivativesarisingduringperiodnetoftax": 700000,
        "othercomprehensiveincomelossforeigncurrencytransactionandtranslationadjustmentnetoftax": -118300000,
        "othercomprehensiveincomelosspensionandotherpostretirementbenefitplansadjustmentnetoftax": -1800000,
        "othercomprehensiveincomelossnetoftax": -115800000,
        "comprehensiveincomenetoftaxincludingportionattributabletononcontrollinginterest": 236100000,
        "comprehensiveincomenetoftaxattributabletononcontrollinginterest": 22200000,
        "comprehensiveincomenetoftax": 213900000,
        "othercomprehensiveincomeunrealizedgainlossonderivativesarisingduringperiodtax": 500000,
        "othercomprehensiveincomelossforeigncurrencytranslationadjustmenttax": -61000000,
        "othercomprehensiveincomelosspensionandotherpostretirementbenefitplanstax": 1200000,
        "revenues": 1056100000,
        "salaryandservicecosts": 2824600000,
        "occupancyandothercosts": 314600000,
        "costofservices": 3139200000,
        "sellinggeneralandadministrativeexpense": 110900000,
        "depreciationandamortization": 73000000,
        "operatingexpenses": 3323100000,
        "operatingincomeloss": 561800000,
        "interestexpense": 54300000,
        "investmentincomeinterest": 9500000,
        "incomelossfromcontinuingoperationsbeforeincometaxesminorityinterestandincomelossfromequitymethodinvestments": 517000000,
        "incometaxexpensebenefit": 167900000,
        "incomelossfromequitymethodinvestments": 2800000,
        "netincomelossattributabletononcontrollinginterest": 25800000,
        "netincomeloss": 326100000,
        "earningspersharebasic": 1.36,
        "earningspersharediluted": 1.36,
        "commonstockdividendspersharedeclared": 0.55
    },
    {
        "date": "2016-03-30",
        "symbol": "OMC",
        "period": "Q1",
        "profitloss": 236300000,
        "othercomprehensiveincomeunrealizedgainlossonderivativesarisingduringperiodnetoftax": -28500000,
        "othercomprehensiveincomelossforeigncurrencytransactionandtranslationadjustmentnetoftax": 113100000,
        "othercomprehensiveincomelosspensionandotherpostretirementbenefitplansadjustmentnetoftax": -2300000,
        "othercomprehensiveincomelossnetoftax": 86900000,
        "comprehensiveincomenetoftaxincludingportionattributabletononcontrollinginterest": 323200000,
        "comprehensiveincomenetoftaxattributabletononcontrollinginterest": 38700000,
        "comprehensiveincomenetoftax": 284500000,
        "othercomprehensiveincomeunrealizedgainlossonderivativesarisingduringperiodtax": -20300000,
        "othercomprehensiveincomelossforeigncurrencytranslationadjustmenttax": 58200000,
        "othercomprehensiveincomelosspensionandotherpostretirementbenefitplanstax": 1000000,
        "revenues": 3499100000,
        "salaryandservicecosts": 2624600000,
        "occupancyandothercosts": 300100000,
        "costofservices": 2924700000,
        "sellinggeneralandadministrativeexpense": 108100000,
        "depreciationandamortization": 74200000,
        "operatingexpenses": 3107000000,
        "operatingincomeloss": 392100000,
        "interestexpense": 50300000,
        "investmentincomeinterest": 10200000,
        "incomelossfromcontinuingoperationsbeforeincometaxesminorityinterestandincomelossfromequitymethodinvestments": 352000000,
        "incometaxexpensebenefit": 115500000,
        "incomelossfromequitymethodinvestments": -200000,
        "netincomelossattributabletononcontrollinginterest": 17900000,
        "netincomeloss": 218400000,
        "earningspersharebasic": 0.9,
        "earningspersharediluted": 0.9,
        "commonstockdividendspersharedeclared": 0.5
    },
    {
        "date": "2015-12-30",
        "symbol": "OMC",
        "period": "Q4",
        "profitloss": 254700000,
        "othercomprehensiveincomeunrealizedgainlossonderivativesarisingduringperiodnetoftax": 5900000,
        "othercomprehensiveincomelossforeigncurrencytransactionandtranslationadjustmentnetoftax": -31500000,
        "othercomprehensiveincomelosspensionandotherpostretirementbenefitplansadjustmentnetoftax": 2400000,
        "othercomprehensiveincomelossnetoftax": 800000,
        "comprehensiveincomenetoftaxincludingportionattributabletononcontrollinginterest": 336200000,
        "comprehensiveincomenetoftaxattributabletononcontrollinginterest": 38400000,
        "comprehensiveincomenetoftax": 297800000,
        "othercomprehensiveincomeunrealizedgainlossonderivativesarisingduringperiodtax": 4300000,
        "othercomprehensiveincomelossforeigncurrencytranslationadjustmenttax": -16300000,
        "othercomprehensiveincomelosspensionandotherpostretirementbenefitplanstax": -7200000,
        "revenues": 1167600000,
        "operatingexpenses": 3577800000,
        "operatingincomeloss": 575500000,
        "interestexpense": 47100000,
        "investmentincomeinterest": 10300000,
        "incomelossfromcontinuingoperationsbeforeincometaxesminorityinterestandincomelossfromequitymethodinvestments": 538700000,
        "incometaxexpensebenefit": 176700000,
        "incomelossfromequitymethodinvestments": 2200000,
        "netincomelossattributabletononcontrollinginterest": 32600000,
        "netincomeloss": 331600000,
        "earningspersharebasic": 1.3499999999999996,
        "earningspersharediluted": 1.35,
        "commonstockdividendspersharedeclared": 0.5
    },
    {
        "date": "2015-09-29",
        "symbol": "OMC",
        "period": "Q3",
        "profitloss": 266700000,
        "othercomprehensiveincomeunrealizedgainlossonderivativesarisingduringperiodnetoftax": -29700000,
        "othercomprehensiveincomelossforeigncurrencytransactionandtranslationadjustmentnetoftax": -212600000,
        "othercomprehensiveincomelosspensionandotherpostretirementbenefitplansadjustmentnetoftax": -2200000,
        "othercomprehensiveincomelossnetoftax": -240000000,
        "comprehensiveincomenetoftaxincludingportionattributabletononcontrollinginterest": 26700000,
        "comprehensiveincomenetoftaxattributabletononcontrollinginterest": 9800000,
        "comprehensiveincomenetoftax": 16900000,
        "othercomprehensiveincomeunrealizedgainlossonderivativesarisingduringperiodtax": -21200000,
        "othercomprehensiveincomelossforeigncurrencytranslationadjustmenttax": -109400000,
        "othercomprehensiveincomelosspensionandotherpostretirementbenefitplanstax": 1400000,
        "revenues": 1027700000,
        "operatingexpenses": 3278300000,
        "operatingincomeloss": 428300000,
        "interestexpense": 45600000,
        "investmentincomeinterest": 9700000,
        "incomelossfromcontinuingoperationsbeforeincometaxesminorityinterestandincomelossfromequitymethodinvestments": 392400000,
        "incometaxexpensebenefit": 128900000,
        "incomelossfromequitymethodinvestments": 3200000,
        "netincomelossattributabletononcontrollinginterest": 27400000,
        "netincomeloss": 239300000,
        "earningspersharebasic": 0.9799999999999999,
        "earningspersharediluted": 0.9700000000000003,
        "commonstockdividendspersharedeclared": 0.5
    },
    {
        "date": "2015-06-29",
        "symbol": "OMC",
        "period": "Q2",
        "profitloss": 342700000,
        "othercomprehensiveincomeunrealizedgainlossonderivativesarisingduringperiodnetoftax": 23000000,
        "othercomprehensiveincomeunrealizedholdinggainlossonsecuritiesarisingduringperiodnetoftax": 0,
        "othercomprehensiveincomelossforeigncurrencytransactionandtranslationadjustmentnetoftax": 158200000,
        "othercomprehensiveincomelosspensionandotherpostretirementbenefitplansadjustmentnetoftax": -2200000,
        "othercomprehensiveincomelossnetoftax": 183400000,
        "comprehensiveincomenetoftaxincludingportionattributabletononcontrollinginterest": 526100000,
        "comprehensiveincomenetoftaxattributabletononcontrollinginterest": 34700000,
        "comprehensiveincomenetoftax": 491400000,
        "othercomprehensiveincomeunrealizedgainlossonderivativesarisingduringperiodtax": 16300000,
        "othercomprehensiveincomeunrealizedholdinggainlossonsecuritiesarisingduringperiodtax": 0,
        "othercomprehensiveincomelossforeigncurrencytranslationadjustmenttax": 81500000,
        "othercomprehensiveincomelosspensionandotherpostretirementbenefitplanstax": 1500000,
        "revenues": -1461000000,
        "operatingexpenses": 3266700000,
        "operatingincomeloss": 538600000,
        "interestexpense": 44800000,
        "investmentincomeinterest": 10200000,
        "incomelossfromcontinuingoperationsbeforeincometaxesminorityinterestandincomelossfromequitymethodinvestments": 504000000,
        "incometaxexpensebenefit": 165300000,
        "incomelossfromequitymethodinvestments": 4000000,
        "netincomelossattributabletononcontrollinginterest": 28800000,
        "netincomeloss": 313900000,
        "earningspersharebasic": 1.2600000000000002,
        "earningspersharediluted": 1.2599999999999998,
        "commonstockdividendspersharedeclared": 0.5
    },
    {
        "date": "2015-03-30",
        "symbol": "OMC",
        "period": "Q1",
        "profitloss": 229800000,
        "othercomprehensiveincomeunrealizedgainlossonderivativesarisingduringperiodnetoftax": -2500000,
        "othercomprehensiveincomeunrealizedholdinggainlossonsecuritiesarisingduringperiodnetoftax": 200000,
        "othercomprehensiveincomelossforeigncurrencytransactionandtranslationadjustmentnetoftax": -341300000,
        "othercomprehensiveincomelosspensionandotherpostretirementbenefitplansadjustmentnetoftax": -2200000,
        "othercomprehensiveincomelossnetoftax": -341400000,
        "comprehensiveincomenetoftaxincludingportionattributabletononcontrollinginterest": -111600000,
        "comprehensiveincomenetoftaxattributabletononcontrollinginterest": -2200000,
        "comprehensiveincomenetoftax": -109400000,
        "othercomprehensiveincomeunrealizedgainlossonderivativesarisingduringperiodtax": -1700000,
        "othercomprehensiveincomeunrealizedholdinggainlossonsecuritiesarisingduringperiodtax": 100000,
        "othercomprehensiveincomelossforeigncurrencytranslationadjustmenttax": -175800000,
        "othercomprehensiveincomelosspensionandotherpostretirementbenefitplanstax": 1500000,
        "revenues": 3469200000,
        "operatingexpenses": 3091500000,
        "operatingincomeloss": 377700000,
        "interestexpense": 43600000,
        "investmentincomeinterest": 9400000,
        "incomelossfromcontinuingoperationsbeforeincometaxesminorityinterestandincomelossfromequitymethodinvestments": 343500000,
        "incometaxexpensebenefit": 112700000,
        "incomelossfromequitymethodinvestments": -1000000,
        "netincomelossattributabletononcontrollinginterest": 20700000,
        "netincomeloss": 209100000,
        "earningspersharebasic": 0.84,
        "earningspersharediluted": 0.83,
        "commonstockdividendspersharedeclared": 0.5
    },
    {
        "date": "2014-12-30",
        "symbol": "OMC",
        "period": "Q4",
        "profitloss": 243900000,
        "othercomprehensiveincomeunrealizedholdinggainlossonsecuritiesarisingduringperiodnetoftax": 100000,
        "othercomprehensiveincomelossforeigncurrencytransactionandtranslationadjustmentnetoftax": -193100000,
        "othercomprehensiveincomelosspensionandotherpostretirementbenefitplansadjustmentnetoftax": 27400000,
        "othercomprehensiveincomelossnetoftax": -181700000,
        "comprehensiveincomenetoftaxincludingportionattributabletononcontrollinginterest": 152600000,
        "comprehensiveincomenetoftaxattributabletononcontrollinginterest": 21200000,
        "comprehensiveincomenetoftax": 131400000,
        "othercomprehensiveincomelossforeigncurrencytranslationadjustmenttax": -99500000,
        "othercomprehensiveincomelosspensionandotherpostretirementbenefitplanstax": 12800000,
        "revenues": -2014400000,
        "operatingexpenses": 3615700000,
        "operatingincomeloss": 579400000,
        "interestexpense": 41800000,
        "investmentincomeinterest": 11800000,
        "incomelossfromcontinuingoperationsbeforeincometaxesminorityinterestandincomelossfromequitymethodinvestments": 549400000,
        "incometaxexpensebenefit": 182200000,
        "incomelossfromequitymethodinvestments": 5800000,
        "netincomelossattributabletononcontrollinginterest": 43500000,
        "netincomeloss": 329500000,
        "earningspersharebasic": 1.2999999999999992,
        "earningspersharediluted": 1.29,
        "commonstockdividendspersharedeclared": 0.4999999999999999
    },
    {
        "date": "2014-09-29",
        "symbol": "OMC",
        "period": "Q3",
        "profitloss": 273700000,
        "othercomprehensiveincomeunrealizedholdinggainlossonsecuritiesarisingduringperiodnetoftax": 100000,
        "othercomprehensiveincomelossforeigncurrencytransactionandtranslationadjustmentnetoftax": -352800000,
        "othercomprehensiveincomelosspensionandotherpostretirementbenefitplansadjustmentnetoftax": -1300000,
        "othercomprehensiveincomelossnetoftax": -351400000,
        "comprehensiveincomenetoftaxincludingportionattributabletononcontrollinginterest": -77700000,
        "comprehensiveincomenetoftaxattributabletononcontrollinginterest": 2200000,
        "comprehensiveincomenetoftax": -79900000,
        "othercomprehensiveincomeunrealizedholdinggainlossonsecuritiesarisingduringperiodtax": 0,
        "othercomprehensiveincomelossforeigncurrencytranslationadjustmenttax": -181700000,
        "othercomprehensiveincomelosspensionandotherpostretirementbenefitplanstax": 900000,
        "revenues": 5847800000,
        "operatingexpenses": 3316000000,
        "operatingincomeloss": 433600000,
        "interestexpense": 42200000,
        "investmentincomeinterest": 10800000,
        "incomelossfromcontinuingoperationsbeforeincometaxesminorityinterestandincomelossfromequitymethodinvestments": 402200000,
        "incometaxexpensebenefit": 134300000,
        "incomelossfromequitymethodinvestments": 5800000,
        "netincomelossattributabletononcontrollinginterest": 29900000,
        "netincomeloss": 243800000,
        "earningspersharebasic": 0.9500000000000002,
        "earningspersharediluted": 0.9500000000000002,
        "commonstockdividendspersharedeclared": 0.4999999999999999
    },
    {
        "date": "2014-06-29",
        "symbol": "OMC",
        "period": "Q2",
        "profitloss": 358400000,
        "othercomprehensiveincomeunrealizedholdinggainlossonsecuritiesarisingduringperiodnetoftax": 100000,
        "othercomprehensiveincomelossforeigncurrencytransactionandtranslationadjustmentnetoftax": 73300000,
        "othercomprehensiveincomelosspensionandotherpostretirementbenefitplansadjustmentnetoftax": -1400000,
        "othercomprehensiveincomelossnetoftax": 74800000,
        "comprehensiveincomenetoftaxincludingportionattributabletononcontrollinginterest": 433200000,
        "comprehensiveincomenetoftaxattributabletononcontrollinginterest": 34700000,
        "comprehensiveincomenetoftax": 398500000,
        "othercomprehensiveincomeunrealizedholdinggainlossonsecuritiesarisingduringperiodtax": 100000,
        "othercomprehensiveincomelossforeigncurrencytranslationadjustmenttax": 37700000,
        "othercomprehensiveincomelosspensionandotherpostretirementbenefitplanstax": 900000,
        "revenues": 401500000,
        "operatingexpenses": 3322500000,
        "operatingincomeloss": 548400000,
        "interestexpense": 45500000,
        "investmentincomeinterest": 11800000,
        "incomelossfromcontinuingoperationsbeforeincometaxesminorityinterestandincomelossfromequitymethodinvestments": 514700000,
        "incometaxexpensebenefit": 160300000,
        "incomelossfromequitymethodinvestments": 4000000,
        "netincomelossattributabletononcontrollinginterest": 33200000,
        "netincomeloss": 325200000,
        "earningspersharebasic": 1.24,
        "earningspersharediluted": 1.23,
        "commonstockdividendspersharedeclared": 0.5
    },
    {
        "date": "2014-03-30",
        "symbol": "OMC",
        "period": "Q1",
        "profitloss": 228000000,
        "othercomprehensiveincomeunrealizedholdinggainlossonsecuritiesarisingduringperiodnetoftax": 100000,
        "othercomprehensiveincomelossforeigncurrencytransactionandtranslationadjustmentnetoftax": 30200000,
        "othercomprehensiveincomelosspensionandotherpostretirementbenefitplansadjustmentnetoftax": -1400000,
        "othercomprehensiveincomelossnetoftax": 31700000,
        "comprehensiveincomenetoftaxincludingportionattributabletononcontrollinginterest": 259700000,
        "comprehensiveincomenetoftaxattributabletononcontrollinginterest": 32300000,
        "comprehensiveincomenetoftax": 227400000,
        "othercomprehensiveincomeunrealizedholdinggainlossonsecuritiesarisingduringperiodtax": 100000,
        "othercomprehensiveincomelossforeigncurrencytranslationadjustmenttax": 15600000,
        "othercomprehensiveincomelosspensionandotherpostretirementbenefitplanstax": 900000,
        "revenues": 359100000,
        "operatingexpenses": 3119500000,
        "operatingincomeloss": 382700000,
        "interestexpense": 47700000,
        "investmentincomeinterest": 8700000,
        "incomelossfromcontinuingoperationsbeforeincometaxesminorityinterestandincomelossfromequitymethodinvestments": 343700000,
        "incometaxexpensebenefit": 116300000,
        "incomelossfromequitymethodinvestments": 600000,
        "netincomelossattributabletononcontrollinginterest": 22500000,
        "netincomeloss": 205500000,
        "earningspersharebasic": 0.78,
        "earningspersharediluted": 0.77,
        "commonstockdividendspersharedeclared": 0.4
    },
    {
        "date": "2013-09-29",
        "symbol": "OMC",
        "period": "Q3",
        "profitloss": -318800000,
        "othercomprehensiveincomeunrealizedholdinggainlossonsecuritiesarisingduringperiodnetoftax": 0,
        "othercomprehensiveincomelossforeigncurrencytransactionandtranslationadjustmentnetoftax": 183300000,
        "othercomprehensiveincomelosspensionandotherpostretirementbenefitplansadjustmentnetoftax": -1100000,
        "othercomprehensiveincomelossnetoftax": 184400000,
        "comprehensiveincomenetoftaxincludingportionattributabletononcontrollinginterest": 409200000,
        "comprehensiveincomenetoftaxattributabletononcontrollinginterest": 36300000,
        "comprehensiveincomenetoftax": 372900000,
        "othercomprehensiveincomeunrealizedholdinggainlossonsecuritiesarisingduringperiodtax": 0,
        "othercomprehensiveincomelossforeigncurrencytranslationadjustmenttax": 94400000,
        "othercomprehensiveincomelosspensionandotherpostretirementbenefitplanstax": 700000,
        "revenues": 617300000,
        "operatingexpenses": 3111000000,
        "operatingincomeloss": 379500000,
        "interestexpense": 50600000,
        "investmentincomeinterest": 7600000,
        "incomelossfromcontinuingoperationsbeforeincometaxesminorityinterestandincomelossfromequitymethodinvestments": -477700000,
        "incometaxexpensebenefit": -161800000,
        "incomelossfromequitymethodinvestments": 4400000,
        "netincomelossattributabletononcontrollinginterest": 28700000,
        "netincomeloss": 196100000,
        "earningspersharebasic": 0.75,
        "earningspersharediluted": 0.73,
        "commonstockdividendspersharedeclared": 0.3999999999999999
    },
    {
        "date": "2013-06-29",
        "symbol": "OMC",
        "period": "Q2",
        "profitloss": 321600000,
        "othercomprehensiveincomeunrealizedholdinggainlossonsecuritiesarisingduringperiodnetoftax": 100000,
        "othercomprehensiveincomelossforeigncurrencytransactionandtranslationadjustmentnetoftax": -123300000,
        "othercomprehensiveincomelosspensionandotherpostretirementbenefitplansadjustmentnetoftax": -1700000,
        "othercomprehensiveincomelossnetoftax": -121500000,
        "comprehensiveincomenetoftaxincludingportionattributabletononcontrollinginterest": 200100000,
        "comprehensiveincomenetoftaxattributabletononcontrollinginterest": 7600000,
        "comprehensiveincomenetoftax": 192500000,
        "othercomprehensiveincomeunrealizedholdinggainlossonsecuritiesarisingduringperiodtax": 100000,
        "othercomprehensiveincomelossforeigncurrencytranslationadjustmenttax": -63500000,
        "othercomprehensiveincomelosspensionandotherpostretirementbenefitplanstax": 1100000,
        "revenues": 2160700000,
        "operatingexpenses": 3114000000,
        "operatingincomeloss": 523000000,
        "interestexpense": 49200000,
        "investmentincomeinterest": 8500000,
        "incomelossfromcontinuingoperationsbeforeincometaxesminorityinterestandincomelossfromequitymethodinvestments": 482300000,
        "incometaxexpensebenefit": 163600000,
        "incomelossfromequitymethodinvestments": 2900000,
        "netincomelossattributabletononcontrollinginterest": 32100000,
        "netincomeloss": 289500000,
        "earningspersharebasic": 1.09,
        "earningspersharediluted": 1.09,
        "commonstockdividendspersharedeclared": 0.4
    },
    {
        "date": "2013-03-30",
        "symbol": "OMC",
        "period": "Q1",
        "profitloss": 1700000,
        "othercomprehensiveincomeunrealizedholdinggainlossonsecuritiesarisingduringperiodnetoftax": 200000,
        "othercomprehensiveincomelossforeigncurrencytransactionandtranslationadjustmentnetoftax": -183300000,
        "othercomprehensiveincomelosspensionandotherpostretirementbenefitplansadjustmentnetoftax": -1700000,
        "othercomprehensiveincomelossnetoftax": -181400000,
        "comprehensiveincomenetoftaxincludingportionattributabletononcontrollinginterest": 43400000,
        "comprehensiveincomenetoftaxattributabletononcontrollinginterest": 9200000,
        "comprehensiveincomenetoftax": 34200000,
        "othercomprehensiveincomeunrealizedholdinggainlossonsecuritiesarisingduringperiodtax": 100000,
        "othercomprehensiveincomelossforeigncurrencytranslationadjustmenttax": -94500000,
        "othercomprehensiveincomelosspensionandotherpostretirementbenefitplanstax": 1300000,
        "revenues": 360500000,
        "operatingexpenses": 3027200000,
        "operatingincomeloss": 371700000,
        "interestexpense": 49000000,
        "investmentincomeinterest": 8100000,
        "incomelossfromcontinuingoperationsbeforeincometaxesminorityinterestandincomelossfromequitymethodinvestments": 3000000,
        "incometaxexpensebenefit": 1300000,
        "incomelossfromequitymethodinvestments": 3200000,
        "netincomelossattributabletononcontrollinginterest": 19700000,
        "netincomeloss": 205100000,
        "earningspersharebasic": 0.76,
        "earningspersharediluted": 0.76,
        "commonstockdividendspersharedeclared": 0.4
    },
    {
        "date": "2012-12-30",
        "symbol": "OMC",
        "period": "Q4",
        "profitloss": -654600000,
        "comprehensiveincomenetoftaxincludingportionattributabletononcontrollinginterest": 327500000,
        "comprehensiveincomenetoftaxattributabletononcontrollinginterest": 29200000,
        "comprehensiveincomenetoftax": 298300000,
        "revenues": -1786600000,
        "operatingexpenses": 3396500000,
        "operatingincomeloss": 548000000,
        "interestexpense": 49400000,
        "investmentincomeinterest": 9200000,
        "incomelossfromcontinuingoperationsbeforeincometaxesminorityinterestandincomelossfromequitymethodinvestments": 507800000,
        "incometaxexpensebenefit": 137200000,
        "incomelossfromequitymethodinvestments": -26900000,
        "netincomelossattributabletononcontrollinginterest": 36600000,
        "netincomeloss": 307100000,
        "earningspersharebasic": 1.1300000000000001,
        "earningspersharediluted": 1.1300000000000001
    },
    {
        "date": "2012-09-29",
        "symbol": "OMC",
        "period": "Q3",
        "profitloss": 233600000,
        "othercomprehensiveincomelossforeigncurrencytransactionandtranslationadjustmentnetoftax": 103200000,
        "othercomprehensiveincomelosspensionandotherpostretirementbenefitplansadjustmentnetoftax": -1300000,
        "othercomprehensiveincomelossnetoftax": 104500000,
        "comprehensiveincomenetoftaxincludingportionattributabletononcontrollinginterest": 338100000,
        "comprehensiveincomenetoftaxattributabletononcontrollinginterest": 38700000,
        "comprehensiveincomenetoftax": 299400000,
        "othercomprehensiveincomelossforeigncurrencytranslationadjustmenttax": 53200000,
        "othercomprehensiveincomelosspensionandotherpostretirementbenefitplanstax": 900000,
        "revenues": 1007200000,
        "operatingexpenses": 3019300000,
        "operatingincomeloss": 387300000,
        "interestexpense": 47800000,
        "investmentincomeinterest": 7500000,
        "incomelossfromcontinuingoperationsbeforeincometaxesminorityinterestandincomelossfromequitymethodinvestments": 347000000,
        "incometaxexpensebenefit": 118700000,
        "incomelossfromequitymethodinvestments": 5300000,
        "netincomelossattributabletononcontrollinginterest": 29700000,
        "netincomeloss": 203900000,
        "earningspersharebasic": 0.75,
        "earningspersharediluted": 0.74,
        "commonstockdividendspersharedeclared": 0.3
    },
    {
        "date": "2012-06-29",
        "symbol": "OMC",
        "period": "Q2",
        "profitloss": 314200000,
        "othercomprehensiveincomeforeigncurrencytransactionandtranslationadjustmentnetoftaxperiodincreasedecrease": -128500000,
        "othercomprehensiveincomedefinedbenefitplansadjustmentnetoftaxperiodincreasedecrease": 1300000,
        "othercomprehensiveincomelossnetoftaxperiodincreasedecrease": -127200000,
        "comprehensiveincomenetoftaxincludingportionattributabletononcontrollinginterest": 187000000,
        "comprehensiveincomenetoftaxattributabletononcontrollinginterest": 24400000,
        "comprehensiveincomenetoftax": 162600000,
        "othercomprehensiveincomeforeigncurrencytranslationadjustmenttax": -66200000,
        "othercomprehensiveincomedefinedbenefitplanstax": 900000,
        "revenues": 378600000,
        "operatingexpenses": 3054600000,
        "operatingincomeloss": 506400000,
        "interestexpense": 44000000,
        "investmentincomeinterest": 9100000,
        "incomelossfromcontinuingoperationsbeforeincometaxesminorityinterestandincomelossfromequitymethodinvestments": 471500000,
        "incometaxexpensebenefit": 161900000,
        "incomelossfromequitymethodinvestments": 4600000,
        "netincomelossattributabletononcontrollinginterest": 31500000,
        "netincomeloss": 282700000,
        "earningspersharebasic": 1.03,
        "earningspersharediluted": 1.02,
        "commonstockdividendspersharedeclared": 0.3
    },
    {
        "date": "2012-03-30",
        "symbol": "OMC",
        "period": "Q1",
        "profitloss": 226000000,
        "othercomprehensiveincomeforeigncurrencytransactionandtranslationadjustmentnetoftaxperiodincreasedecrease": 96700000,
        "othercomprehensiveincomedefinedbenefitplansadjustmentnetoftaxperiodincreasedecrease": 1100000,
        "othercomprehensiveincomelossnetoftaxperiodincreasedecrease": 97800000,
        "comprehensiveincomenetoftaxincludingportionattributabletononcontrollinginterest": 323800000,
        "comprehensiveincomenetoftaxattributabletononcontrollinginterest": 23600000,
        "comprehensiveincomenetoftax": 300200000,
        "othercomprehensiveincomeforeigncurrencytranslationadjustmenttax": 49800000,
        "othercomprehensiveincomedefinedbenefitplanstax": 700000,
        "revenues": 1959400000,
        "operatingexpenses": 2944800000,
        "operatingincomeloss": 362500000,
        "interestexpense": 38500000,
        "investmentincomeinterest": 9300000,
        "incomelossfromcontinuingoperationsbeforeincometaxesminorityinterestandincomelossfromequitymethodinvestments": 333300000,
        "incometaxexpensebenefit": 109300000,
        "incomelossfromequitymethodinvestments": 2000000,
        "netincomelossattributabletononcontrollinginterest": 21400000,
        "netincomeloss": 204600000,
        "earningspersharebasic": 0.73,
        "earningspersharediluted": 0.72,
        "commonstockdividendspersharedeclared": 0.3
    },
    {
        "date": "2011-12-30",
        "symbol": "OMC",
        "period": "Q4",
        "profitloss": 199400000,
        "revenues": 1986300000,
        "operatingexpenses": -6006800000,
        "operatingincomeloss": 487500000,
        "interestexpense": 39500000,
        "investmentincomeinterest": 9000000,
        "incomelossfromcontinuingoperationsbeforeincometaxesminorityinterestandincomelossfromequitymethodinvestments": 457000000,
        "incometaxexpensebenefit": 156700000,
        "incomelossfromequitymethodinvestments": 6900000,
        "netincomelossattributabletononcontrollinginterest": 35300000,
        "netincomeloss": 271900000,
        "earningspersharebasic": 0.97,
        "earningspersharediluted": 0.9600000000000004
    },
    {
        "date": "2011-09-30",
        "symbol": "OMC",
        "period": "Q3",
        "revenues": 354000000,
        "operatingexpenses": 3007500000,
        "operatingincomeloss": 373400000,
        "interestexpense": 39800000,
        "investmentincomeinterest": 7900000,
        "incomelossfromcontinuingoperationsbeforeincometaxesminorityinterestandincomelossfromequitymethodinvestments": 341500000,
        "incometaxexpensebenefit": 117100000,
        "incomelossfromequitymethodinvestments": 4500000,
        "profitloss": 228900000,
        "netincomelossattributabletononcontrollinginterest": 25200000,
        "netincomeloss": 203700000,
        "earningspersharebasic": 0.73,
        "earningspersharediluted": 0.72,
        "commonstockdividendspersharedeclared": 0.25
    },
    {
        "date": "2011-06-30",
        "symbol": "OMC",
        "period": "Q2",
        "revenues": 1144200000,
        "operatingexpenses": 2999300000,
        "operatingincomeloss": 488100000,
        "interestexpense": 36900000,
        "investmentincomeinterest": 9300000,
        "incomelossfromcontinuingoperationsbeforeincometaxesminorityinterestandincomelossfromequitymethodinvestments": 460500000,
        "incometaxexpensebenefit": 158100000,
        "incomelossfromequitymethodinvestments": 4800000,
        "profitloss": 307200000,
        "netincomelossattributabletononcontrollinginterest": 32100000,
        "netincomeloss": 275100000,
        "earningspersharebasic": 0.98,
        "earningspersharediluted": 0.96,
        "commonstockdividendspersharedeclared": 0.25
    },
    {
        "date": "2011-03-30",
        "symbol": "OMC",
        "period": "Q1",
        "revenues": 1006500000,
        "operatingexpenses": 131300000,
        "operatingincomeloss": 322100000,
        "interestexpense": 41900000,
        "investmentincomeinterest": 9800000,
        "incomelossfromcontinuingoperationsbeforeincometaxesminorityinterestandincomelossfromequitymethodinvestments": 290000000,
        "incometaxexpensebenefit": 73900000,
        "incomelossfromequitymethodinvestments": 1000000,
        "profitloss": 217100000,
        "netincomelossattributabletononcontrollinginterest": 15200000,
        "netincomeloss": 201900000,
        "earningspersharebasic": 0.7,
        "earningspersharediluted": 0.69,
        "commonstockdividendspersharedeclared": 0.25
    },
    {
        "date": "2010-09-30",
        "symbol": "OMC",
        "period": "Q3",
        "revenues": 958500000,
        "operatingexpenses": 2680500000,
        "operatingincomeloss": 314100000,
        "interestexpense": 36100000,
        "investmentincomeinterest": 6300000,
        "incomelossfromcontinuingoperationsbeforeincometaxesminorityinterestandincomelossfromequitymethodinvestments": 284300000,
        "incometaxexpensebenefit": 96900000,
        "incomelossfromequitymethodinvestments": 8200000,
        "profitloss": 195600000,
        "netincomelossattributabletononcontrollinginterest": 21000000,
        "netincomeloss": 174600000,
        "earningspersharebasic": 0.58,
        "earningspersharediluted": 0.57,
        "commonstockdividendspersharedeclared": 0.2
    },
    {
        "date": "2010-06-30",
        "symbol": "OMC",
        "period": "Q2",
        "revenues": 989100000,
        "operatingexpenses": 2625800000,
        "operatingincomeloss": 415400000,
        "interestexpense": 29900000,
        "investmentincomeinterest": 6200000,
        "incomelossfromcontinuingoperationsbeforeincometaxesminorityinterestandincomelossfromequitymethodinvestments": 391700000,
        "incometaxexpensebenefit": 133200000,
        "incomelossfromequitymethodinvestments": 10300000,
        "profitloss": 268800000,
        "netincomelossattributabletononcontrollinginterest": 25500000,
        "netincomeloss": 243300000,
        "earningspersharebasic": 0.8,
        "earningspersharediluted": 0.79,
        "commonstockdividendspersharedeclared": 0.2
    },
    {
        "date": "2010-03-30",
        "symbol": "OMC",
        "period": "Q1",
        "revenues": 2920000000,
        "operatingexpenses": 2629000000,
        "operatingincomeloss": 291000000,
        "interestexpense": 29800000,
        "investmentincomeinterest": 5700000,
        "incomelossfromcontinuingoperationsbeforeincometaxesminorityinterestandincomelossfromequitymethodinvestments": 266900000,
        "incometaxexpensebenefit": 90700000,
        "incomelossfromequitymethodinvestments": 4700000,
        "profitloss": 180900000,
        "netincomelossattributabletononcontrollinginterest": 17500000,
        "netincomeloss": 163400000,
        "earningspersharebasic": 0.53,
        "earningspersharediluted": 0.52,
        "commonstockdividendspersharedeclared": 0.2
    },
    {
        "date": "2009-09-29",
        "symbol": "OMC",
        "period": "Q3",
        "revenues": 2837600000,
        "operatingexpenses": 2542800000,
        "operatingincomeloss": 294800000,
        "interestexpense": 33800000,
        "investmentincomeinterest": 4900000,
        "incomelossfromcontinuingoperationsbeforeincometaxesminorityinterestandincomelossfromequitymethodinvestments": 265900000,
        "incometaxexpensebenefit": 90500000,
        "incomelossfromequitymethodinvestments": 7300000,
        "profitloss": 182700000,
        "netincomelossattributabletononcontrollinginterest": 17100000,
        "netincomeloss": 165600000,
        "earningspersharebasic": 0.53,
        "earningspersharediluted": 0.53,
        "commonstockdividendspersharedeclared": 0.15
    },
    {
        "date": "2009-06-29",
        "symbol": "OMC",
        "period": "Q2",
        "revenues": 2870700000,
        "operatingexpenses": 2472600000,
        "operatingincomeloss": 398100000,
        "interestexpense": 27400000,
        "investmentincomeinterest": 5500000,
        "incomelossfromcontinuingoperationsbeforeincometaxesminorityinterestandincomelossfromequitymethodinvestments": 376200000,
        "incometaxexpensebenefit": 129700000,
        "incomelossfromequitymethodinvestments": 7300000,
        "profitloss": 253800000,
        "netincomelossattributabletononcontrollinginterest": 20400000,
        "netincomeloss": 233400000,
        "earningspersharebasic": 0.75,
        "earningspersharediluted": 0.75,
        "commonstockdividendspersharedeclared": 0.15
    }
]