[
    {
        "date": "2024-09-29",
        "symbol": "EME",
        "period": "Q3",
        "revenuefromcontractwithcustomerincludingassessedtax": 3696924000,
        "costofgoodsandservicessold": 2962198000,
        "grossprofit": 734726000,
        "sellinggeneralandadministrativeexpense": 371188000,
        "operatingincomeloss": 363538000,
        "netperiodicdefinedbenefitsexpensereversalofexpenseexcludingservicecostcomponent": -227000,
        "interestincomeexpensenet": 8312000,
        "incomelossfromcontinuingoperationsbeforeincometaxesextraordinaryitemsnoncontrollinginterest": 372077000,
        "incometaxexpensebenefit": 101814000,
        "profitloss": 270263000,
        "netincomeloss": 270263000,
        "earningspersharebasic": 5.83,
        "earningspersharediluted": 5.8,
        "commonstockdividendspersharedeclared": 0.25,
        "othercomprehensiveincomelossforeigncurrencytransactionandtranslationadjustmentnetoftax": 8933000,
        "othercomprehensiveincomelosspensionandotherpostretirementbenefitplansadjustmentnetoftax": -497000,
        "othercomprehensiveincomelossnetoftax": 9430000,
        "comprehensiveincomenetoftaxincludingportionattributabletononcontrollinginterest": 279693000,
        "comprehensiveincomenetoftax": 279693000,
        "othercomprehensiveincomelosspensionandotherpostretirementbenefitplanstax": 200000
    },
    {
        "date": "2024-06-29",
        "symbol": "EME",
        "period": "Q2",
        "revenuefromcontractwithcustomerincludingassessedtax": 3666897000,
        "costofgoodsandservicessold": 2982896000,
        "grossprofit": 684001000,
        "sellinggeneralandadministrativeexpense": 351193000,
        "operatingincomeloss": 332808000,
        "netperiodicdefinedbenefitsexpensereversalofexpenseexcludingservicecostcomponent": -221000,
        "interestincomeexpensenet": 6106000,
        "incomelossfromcontinuingoperationsbeforeincometaxesextraordinaryitemsnoncontrollinginterest": 339135000,
        "incometaxexpensebenefit": 91563000,
        "netincomeloss": 247572000,
        "earningspersharebasic": 5.27,
        "earningspersharediluted": 5.25,
        "commonstockdividendspersharedeclared": 0.25,
        "othercomprehensiveincomelossforeigncurrencytransactionandtranslationadjustmentnetoftax": 245000,
        "othercomprehensiveincomelosspensionandotherpostretirementbenefitplansadjustmentnetoftax": -482000,
        "othercomprehensiveincomelossnetoftax": 727000,
        "comprehensiveincomenetoftax": 248299000,
        "othercomprehensiveincomelosspensionandotherpostretirementbenefitplanstax": 200000
    },
    {
        "date": "2023-12-30",
        "symbol": "EME",
        "period": "Q4",
        "revenuefromcontractwithcustomerincludingassessedtax": 9158358000,
        "costofgoodsandservicessold": 2821476000,
        "grossprofit": 617745000,
        "sellinggeneralandadministrativeexpense": 328549000,
        "operatingincomeloss": 704553000,
        "netperiodicdefinedbenefitsexpensereversalofexpenseexcludingservicecostcomponent": 279000,
        "incomelossfromcontinuingoperationsbeforeincometaxesextraordinaryitemsnoncontrollinginterest": 291747000,
        "incometaxexpensebenefit": 80232000,
        "netincomeloss": 211517000,
        "earningspersharebasic": 4.479999999999999,
        "earningspersharediluted": 4.470000000000001,
        "commonstockdividendspersharedeclared": 0.18000000000000002,
        "othercomprehensiveincomelossforeigncurrencytransactionandtranslationadjustmentnetoftax": 5914000,
        "othercomprehensiveincomelosspensionandotherpostretirementbenefitplansadjustmentnetoftax": 261000,
        "othercomprehensiveincomelossnetoftax": 5653000,
        "comprehensiveincomenetoftax": 217170000,
        "othercomprehensiveincomelosspensionandotherpostretirementbenefitplanstax": -1400000
    },
    {
        "date": "2023-09-29",
        "symbol": "EME",
        "period": "Q3",
        "revenuefromcontractwithcustomerincludingassessedtax": 3207598000,
        "costofgoodsandservicessold": 2662126000,
        "grossprofit": 545472000,
        "sellinggeneralandadministrativeexpense": 308139000,
        "assetimpairmentcharges": 2350000,
        "operatingincomeloss": 234983000,
        "netperiodicdefinedbenefitsexpensereversalofexpenseexcludingservicecostcomponent": 284000,
        "interestincomeexpensenet": -90000,
        "incomelossfromcontinuingoperationsbeforeincometaxesextraordinaryitemsnoncontrollinginterest": 234609000,
        "incometaxexpensebenefit": 64863000,
        "profitloss": 169746000,
        "netincomelossattributabletononcontrollinginterest": 337000,
        "netincomeloss": 169409000,
        "earningspersharebasic": 3.59,
        "earningspersharediluted": 3.57,
        "commonstockdividendspersharedeclared": 0.18,
        "othercomprehensiveincomelossforeigncurrencytransactionandtranslationadjustmentnetoftax": -5368000,
        "othercomprehensiveincomelosspensionandotherpostretirementbenefitplansadjustmentnetoftax": -538000,
        "othercomprehensiveincomelossnetoftax": -4830000,
        "comprehensiveincomenetoftaxincludingportionattributabletononcontrollinginterest": 164916000,
        "comprehensiveincomenetoftaxattributabletononcontrollinginterest": 337000,
        "comprehensiveincomenetoftax": 164579000,
        "othercomprehensiveincomelosspensionandotherpostretirementbenefitplanstax": 500000
    },
    {
        "date": "2023-06-29",
        "symbol": "EME",
        "period": "Q2",
        "revenuefromcontractwithcustomerincludingassessedtax": 106047000,
        "costofgoodsandservicessold": 2555562000,
        "grossprofit": 490060000,
        "sellinggeneralandadministrativeexpense": 293393000,
        "operatingincomeloss": -33853000,
        "netperiodicdefinedbenefitsexpensereversalofexpenseexcludingservicecostcomponent": 282000,
        "interestincomeexpensenet": -2692000,
        "incomelossfromcontinuingoperationsbeforeincometaxesextraordinaryitemsnoncontrollinginterest": 193693000,
        "incometaxexpensebenefit": 53098000,
        "netincomeloss": 140595000,
        "earningspersharebasic": 2.97,
        "earningspersharediluted": 2.95,
        "commonstockdividendspersharedeclared": 0.18,
        "othercomprehensiveincomelossforeigncurrencytransactionandtranslationadjustmentnetoftax": 3614000,
        "othercomprehensiveincomelosspensionandotherpostretirementbenefitplansadjustmentnetoftax": -534000,
        "othercomprehensiveincomelossnetoftax": 4148000,
        "comprehensiveincomenetoftax": 144743000,
        "othercomprehensiveincomelosspensionandotherpostretirementbenefitplanstax": 200000
    },
    {
        "date": "2023-03-30",
        "symbol": "EME",
        "period": "Q1",
        "revenuefromcontractwithcustomerincludingassessedtax": 110870000,
        "costofgoodsandservicessold": 2454370000,
        "grossprofit": 436062000,
        "sellinggeneralandadministrativeexpense": 281152000,
        "operatingincomeloss": -29927000,
        "netperiodicdefinedbenefitsexpensereversalofexpenseexcludingservicecostcomponent": 274000,
        "interestincomeexpensenet": -1832000,
        "incomelossfromcontinuingoperationsbeforeincometaxesextraordinaryitemsnoncontrollinginterest": 152804000,
        "incometaxexpensebenefit": 41331000,
        "netincomeloss": 111473000,
        "earningspersharebasic": 2.33,
        "earningspersharediluted": 2.32,
        "commonstockdividendspersharedeclared": 0.15,
        "othercomprehensiveincomelossforeigncurrencytransactionandtranslationadjustmentnetoftax": 2257000,
        "othercomprehensiveincomelosspensionandotherpostretirementbenefitplansadjustmentnetoftax": -519000,
        "othercomprehensiveincomelossnetoftax": 2776000,
        "comprehensiveincomenetoftax": 114249000,
        "othercomprehensiveincomelosspensionandotherpostretirementbenefitplanstax": 200000
    },
    {
        "date": "2022-12-30",
        "symbol": "EME",
        "period": "Q4",
        "revenuefromcontractwithcustomerincludingassessedtax": 113332000,
        "costofgoodsandservicessold": 2495022000,
        "grossprofit": 454800000,
        "sellinggeneralandadministrativeexpense": 277618000,
        "operatingincomeloss": -29550000,
        "incomelossfromcontinuingoperationsbeforeincometaxesextraordinaryitemsnoncontrollinginterest": 174001000,
        "incometaxexpensebenefit": 47701000,
        "profitloss": 126300000,
        "netincomeloss": 126300000,
        "earningspersharebasic": 2.5900000000000007,
        "earningspersharediluted": 2.5599999999999996,
        "commonstockdividendspersharedeclared": 0.15000000000000002,
        "othercomprehensiveincomelossforeigncurrencytransactionandtranslationadjustmentnetoftax": 8471000,
        "othercomprehensiveincomelosspensionandotherpostretirementbenefitplansadjustmentnetoftax": 391000,
        "othercomprehensiveincomelossnetoftax": 8080000,
        "comprehensiveincomenetoftaxincludingportionattributabletononcontrollinginterest": 134380000,
        "comprehensiveincomenetoftax": 134380000,
        "othercomprehensiveincomelosspensionandotherpostretirementbenefitplanstax": -700000
    },
    {
        "date": "2022-09-29",
        "symbol": "EME",
        "period": "Q3",
        "revenuefromcontractwithcustomerincludingassessedtax": 117701000,
        "costofgoodsandservicessold": 2413130000,
        "grossprofit": 413231000,
        "sellinggeneralandadministrativeexpense": 263137000,
        "operatingincomeloss": -28982000,
        "definedbenefitplannetperiodicbenefitcostexcludingservicecost": -1025000,
        "interestincomeexpensenet": -3194000,
        "incomelossfromcontinuingoperationsbeforeincometaxesextraordinaryitemsnoncontrollinginterest": 147925000,
        "incometaxexpensebenefit": 42153000,
        "profitloss": 105772000,
        "netincomeloss": 105772000,
        "earningspersharebasic": 2.16,
        "earningspersharediluted": 2.16,
        "commonstockdividendspersharedeclared": 0.13,
        "othercomprehensiveincomelossforeigncurrencytransactionandtranslationadjustmentnetoftax": -8712000,
        "othercomprehensiveincomelosspensionandotherpostretirementbenefitplansadjustmentnetoftax": -404000,
        "othercomprehensiveincomelossnetoftax": -8308000,
        "comprehensiveincomenetoftaxincludingportionattributabletononcontrollinginterest": 97464000,
        "comprehensiveincomenetoftax": 97464000,
        "othercomprehensiveincomelosspensionandotherpostretirementbenefitplanstax": 100000
    },
    {
        "date": "2022-06-29",
        "symbol": "EME",
        "period": "Q2",
        "revenuefromcontractwithcustomerincludingassessedtax": 114548000,
        "costofgoodsandservicessold": 2324380000,
        "grossprofit": 383008000,
        "sellinggeneralandadministrativeexpense": 245364000,
        "operatingincomeloss": -25430000,
        "definedbenefitplannetperiodicbenefitcostexcludingservicecost": -1094000,
        "interestincomeexpensenet": -1751000,
        "incomelossfromcontinuingoperationsbeforeincometaxesextraordinaryitemsnoncontrollinginterest": 136987000,
        "incometaxexpensebenefit": 36323000,
        "profitloss": 100664000,
        "netincomeloss": 100664000,
        "earningspersharebasic": 1.99,
        "earningspersharediluted": 1.99,
        "commonstockdividendspersharedeclared": 0.13,
        "othercomprehensiveincomelossforeigncurrencytransactionandtranslationadjustmentnetoftax": -7703000,
        "othercomprehensiveincomelosspensionandotherpostretirementbenefitplansadjustmentnetoftax": -429000,
        "othercomprehensiveincomelossnetoftax": -7274000,
        "comprehensiveincomenetoftaxincludingportionattributabletononcontrollinginterest": 93390000,
        "comprehensiveincomenetoftax": 93390000,
        "othercomprehensiveincomelosspensionandotherpostretirementbenefitplanstax": 100000
    },
    {
        "date": "2022-03-30",
        "symbol": "EME",
        "period": "Q1",
        "revenuefromcontractwithcustomerincludingassessedtax": 131497000,
        "costofgoodsandservicessold": 2239994000,
        "grossprofit": 352555000,
        "sellinggeneralandadministrativeexpense": 252598000,
        "operatingincomeloss": -26478000,
        "definedbenefitplannetperiodicbenefitcostexcludingservicecost": -1169000,
        "interestincomeexpensenet": -1289000,
        "incomelossfromcontinuingoperationsbeforeincometaxesextraordinaryitemsnoncontrollinginterest": 99837000,
        "incometaxexpensebenefit": 26451000,
        "profitloss": 73386000,
        "netincomeloss": 73386000,
        "earningspersharebasic": 1.39,
        "earningspersharediluted": 1.39,
        "commonstockdividendspersharedeclared": 0.13,
        "othercomprehensiveincomelossforeigncurrencytransactionandtranslationadjustmentnetoftax": -2842000,
        "othercomprehensiveincomelosspensionandotherpostretirementbenefitplansadjustmentnetoftax": -455000,
        "othercomprehensiveincomelossnetoftax": -2387000,
        "comprehensiveincomenetoftaxincludingportionattributabletononcontrollinginterest": 70999000,
        "comprehensiveincomenetoftax": 70999000,
        "othercomprehensiveincomelosspensionandotherpostretirementbenefitplanstax": 200000
    },
    {
        "date": "2021-12-30",
        "symbol": "EME",
        "period": "Q4",
        "revenuefromcontractwithcustomerincludingassessedtax": 123862000,
        "costofgoodsandservicessold": 2237151000,
        "grossprofit": 403042000,
        "sellinggeneralandadministrativeexpense": 260025000,
        "operatingincomeloss": -27669000,
        "definedbenefitplannetperiodicbenefitcostexcludingservicecost": -887000,
        "incomelossfromcontinuingoperationsbeforeincometaxesextraordinaryitemsnoncontrollinginterest": 142747000,
        "incometaxexpensebenefit": 41079000,
        "netincomeloss": 101668000,
        "earningspersharebasic": 1.8999999999999995,
        "earningspersharediluted": 1.8899999999999997,
        "commonstockdividendspersharedeclared": 0.13,
        "othercomprehensiveincomelossforeigncurrencytransactionandtranslationadjustmentnetoftax": 631000,
        "othercomprehensiveincomelosspensionandotherpostretirementbenefitplansadjustmentnetoftax": -23619000,
        "othercomprehensiveincomelossnetoftax": 24250000,
        "comprehensiveincomenetoftaxincludingportionattributabletononcontrollinginterest": 125918000,
        "comprehensiveincomenetoftax": 125918000,
        "othercomprehensiveincomelosspensionandotherpostretirementbenefitplanstax": -9300000
    },
    {
        "date": "2021-09-29",
        "symbol": "EME",
        "period": "Q3",
        "revenuefromcontractwithcustomerincludingassessedtax": 129480000,
        "costofgoodsandservicessold": 6164692000,
        "grossprofit": 381343000,
        "sellinggeneralandadministrativeexpense": 243922000,
        "operatingincomeloss": -24095000,
        "definedbenefitplannetperiodicbenefitcostexcludingservicecost": -908000,
        "interestincomeexpensenet": -1286000,
        "incomelossfromcontinuingoperationsbeforeincometaxesextraordinaryitemsnoncontrollinginterest": 137043000,
        "incometaxexpensebenefit": 37303000,
        "profitloss": 0,
        "netincomelossattributabletononcontrollinginterest": 0,
        "netincomeloss": 99740000,
        "earningspersharebasic": 1.8600000000000003,
        "earningspersharediluted": 1.8499999999999996,
        "commonstockdividendspersharedeclared": 0.13,
        "othercomprehensiveincomelossforeigncurrencytransactionandtranslationadjustmentnetoftax": -1687000,
        "othercomprehensiveincomelosspensionandotherpostretirementbenefitplansadjustmentnetoftax": -800000,
        "othercomprehensiveincomelossnetoftax": -887000,
        "comprehensiveincomenetoftaxincludingportionattributabletononcontrollinginterest": 98853000,
        "comprehensiveincomenetoftaxattributabletononcontrollinginterest": 0,
        "comprehensiveincomenetoftax": 98853000,
        "othercomprehensiveincomelosspensionandotherpostretirementbenefitplanstax": 200000
    },
    {
        "date": "2021-06-29",
        "symbol": "EME",
        "period": "Q2",
        "revenuefromcontractwithcustomerincludingassessedtax": 2437666000,
        "costofgoodsandservicessold": 2061387000,
        "grossprofit": 376279000,
        "sellinggeneralandadministrativeexpense": 242921000,
        "operatingincomeloss": 133358000,
        "definedbenefitplannetperiodicbenefitcostexcludingservicecost": -922000,
        "interestincomeexpensenet": -1316000,
        "incomelossfromcontinuingoperationsbeforeincometaxesextraordinaryitemsnoncontrollinginterest": 132964000,
        "incometaxexpensebenefit": 35616000,
        "profitloss": 97348000,
        "netincomelossattributabletononcontrollinginterest": -2000,
        "netincomeloss": 97350000,
        "earningspersharebasic": 1.79,
        "earningspersharediluted": 1.78,
        "commonstockdividendspersharedeclared": 0.13,
        "othercomprehensiveincomelossforeigncurrencytransactionandtranslationadjustmentnetoftax": 111000,
        "othercomprehensiveincomelosspensionandotherpostretirementbenefitplansadjustmentnetoftax": -808000,
        "othercomprehensiveincomelossnetoftax": 919000,
        "comprehensiveincomenetoftaxincludingportionattributabletononcontrollinginterest": 98267000,
        "comprehensiveincomenetoftaxattributabletononcontrollinginterest": -2000,
        "comprehensiveincomenetoftax": 98269000,
        "othercomprehensiveincomelosspensionandotherpostretirementbenefitplanstax": 200000
    },
    {
        "date": "2021-03-30",
        "symbol": "EME",
        "period": "Q1",
        "revenuefromcontractwithcustomerincludingassessedtax": 2304049000,
        "costofgoodsandservicessold": 1962976000,
        "grossprofit": 341073000,
        "sellinggeneralandadministrativeexpense": 224069000,
        "operatingincomeloss": 117004000,
        "definedbenefitplannetperiodicbenefitcostexcludingservicecost": -908000,
        "interestincomeexpensenet": -1363000,
        "incomelossfromcontinuingoperationsbeforeincometaxesextraordinaryitemsnoncontrollinginterest": 116549000,
        "incometaxexpensebenefit": 31604000,
        "profitloss": 84945000,
        "netincomelossattributabletononcontrollinginterest": 171000,
        "netincomeloss": 84774000,
        "earningspersharebasic": 1.54,
        "earningspersharediluted": 1.54,
        "commonstockdividendspersharedeclared": 0.13,
        "othercomprehensiveincomelossforeigncurrencytransactionandtranslationadjustmentnetoftax": 585000,
        "othercomprehensiveincomelosspensionandotherpostretirementbenefitplansadjustmentnetoftax": -804000,
        "othercomprehensiveincomelossnetoftax": 1389000,
        "comprehensiveincomenetoftaxincludingportionattributabletononcontrollinginterest": 86334000,
        "comprehensiveincomenetoftaxattributabletononcontrollinginterest": 171000,
        "comprehensiveincomenetoftax": 86163000,
        "othercomprehensiveincomelosspensionandotherpostretirementbenefitplanstax": 200000
    },
    {
        "date": "2020-12-30",
        "symbol": "EME",
        "period": "Q4",
        "revenuefromcontractwithcustomerincludingassessedtax": 2281494000,
        "costofgoodsandservicessold": 1897643000,
        "grossprofit": 383851000,
        "sellinggeneralandadministrativeexpense": 244620000,
        "operatingincomeloss": 137622000,
        "definedbenefitplannetperiodicbenefitcostexcludingservicecost": -769000,
        "incometaxexpensebenefit": 57204000,
        "netincomeloss": 79781000,
        "earningspersharebasic": 1.4500000000000002,
        "earningspersharediluted": 1.44,
        "commonstockdividendspersharedeclared": 0.08000000000000003,
        "othercomprehensiveincomelossforeigncurrencytransactionandtranslationadjustmentnetoftax": 2920000,
        "othercomprehensiveincomelosspensionandotherpostretirementbenefitplansadjustmentnetoftax": 23669000,
        "othercomprehensiveincomelossnetoftax": -20749000,
        "comprehensiveincomenetoftax": 59032000,
        "othercomprehensiveincomelosspensionandotherpostretirementbenefitplanstax": 4700000
    },
    {
        "date": "2020-09-29",
        "symbol": "EME",
        "period": "Q3",
        "revenuefromcontractwithcustomerincludingassessedtax": 2201714000,
        "costofgoodsandservicessold": 1838530000,
        "grossprofit": 363184000,
        "sellinggeneralandadministrativeexpense": 226793000,
        "operatingincomeloss": 135855000,
        "definedbenefitplannetperiodicbenefitcostexcludingservicecost": -751000,
        "interestincomeexpensenet": -1484000,
        "incomelossfromcontinuingoperationsbeforeincometaxesextraordinaryitemsnoncontrollinginterest": 135122000,
        "incometaxexpensebenefit": 73936000,
        "netincomeloss": 61186000,
        "earningspersharebasic": 1.1,
        "earningspersharediluted": 1.1,
        "commonstockdividendspersharedeclared": 0.07999999999999997,
        "othercomprehensiveincomelossforeigncurrencytransactionandtranslationadjustmentnetoftax": 2148000,
        "othercomprehensiveincomelosspensionandotherpostretirementbenefitplansadjustmentnetoftax": -540000,
        "othercomprehensiveincomelossnetoftax": 2688000,
        "comprehensiveincomenetoftax": 63874000,
        "othercomprehensiveincomelosspensionandotherpostretirementbenefitplanstax": 100000
    },
    {
        "date": "2020-06-29",
        "symbol": "EME",
        "period": "Q2",
        "revenuefromcontractwithcustomerincludingassessedtax": 2014021000,
        "costofgoodsandservicessold": 1698735000,
        "grossprofit": 315286000,
        "sellinggeneralandadministrativeexpense": 205174000,
        "restructuringcharges": 0,
        "operatingincomeloss": -122638000,
        "definedbenefitplannetperiodicbenefitcostexcludingservicecost": -718000,
        "interestincomeexpensenet": -2110000,
        "incomelossfromcontinuingoperationsbeforeincometaxesextraordinaryitemsnoncontrollinginterest": -124030000,
        "incometaxexpensebenefit": -40341000,
        "netincomeloss": -83689000,
        "earningspersharebasic": -1.4900000000000002,
        "earningspersharediluted": -1.4900000000000002,
        "commonstockdividendspersharedeclared": 0.08,
        "othercomprehensiveincomelossforeigncurrencytransactionandtranslationadjustmentnetoftax": 4000,
        "othercomprehensiveincomelosspensionandotherpostretirementbenefitplansadjustmentnetoftax": -546000,
        "othercomprehensiveincomelossnetoftax": 550000,
        "comprehensiveincomenetoftax": -83139000,
        "othercomprehensiveincomelosspensionandotherpostretirementbenefitplanstax": 200000
    },
    {
        "date": "2020-03-30",
        "symbol": "EME",
        "period": "Q1",
        "netincomeloss": 75665000,
        "othercomprehensiveincomelossforeigncurrencytransactionandtranslationadjustmentnetoftax": -2984000,
        "othercomprehensiveincomelosspensionandotherpostretirementbenefitplansadjustmentnetoftax": -550000,
        "othercomprehensiveincomelossnetoftax": -2434000,
        "comprehensiveincomenetoftax": 73231000,
        "othercomprehensiveincomelosspensionandotherpostretirementbenefitplanstax": 100000,
        "revenuefromcontractwithcustomerincludingassessedtax": 2299832000,
        "costofgoodsandservicessold": 1966771000,
        "grossprofit": 333061000,
        "sellinggeneralandadministrativeexpense": 226997000,
        "restructuringcharges": 69000,
        "operatingincomeloss": 105995000,
        "definedbenefitplannetperiodicbenefitcostexcludingservicecost": -742000,
        "interestincomeexpensenet": -2488000,
        "incomelossfromcontinuingoperationsbeforeincometaxesextraordinaryitemsnoncontrollinginterest": 104249000,
        "incometaxexpensebenefit": 28584000,
        "earningspersharebasic": 1.35,
        "earningspersharediluted": 1.35,
        "commonstockdividendspersharedeclared": 0.08
    },
    {
        "date": "2019-12-30",
        "symbol": "EME",
        "period": "Q4",
        "profitloss": 86924000,
        "othercomprehensiveincomelossforeigncurrencytransactionandtranslationadjustmentnetoftax": 2969000,
        "othercomprehensiveincomelosspensionandotherpostretirementbenefitplansadjustmentnetoftax": 4887000,
        "othercomprehensiveincomelossnetoftax": -1918000,
        "comprehensiveincomenetoftaxincludingportionattributabletononcontrollinginterest": 85006000,
        "comprehensiveincomenetoftax": 85006000,
        "othercomprehensiveincomelosspensionandotherpostretirementbenefitplanstax": 400000,
        "revenuefromcontractwithcustomerincludingassessedtax": 2403940000,
        "costofgoodsandservicessold": 2039193000,
        "grossprofit": 364747000,
        "sellinggeneralandadministrativeexpense": 240917000,
        "restructuringcharges": 956000,
        "operatingincomeloss": 122874000,
        "definedbenefitplannetperiodicbenefitcostexcludingservicecost": -366000,
        "incomelossfromcontinuingoperationsbeforeincometaxesminorityinterestandincomelossfromequitymethodinvestments": 120416000,
        "incometaxexpensebenefit": 33492000,
        "incomelossfromcontinuingoperationsincludingportionattributabletononcontrollinginterest": 86924000,
        "netincomeloss": 86924000,
        "incomelossfromcontinuingoperationsperbasicshare": 1.54,
        "earningspersharebasic": 1.54,
        "incomelossfromcontinuingoperationsperdilutedshare": 1.5299999999999996,
        "earningspersharediluted": 1.5299999999999996,
        "commonstockdividendspersharedeclared": 0.07999999999999997
    },
    {
        "date": "2019-09-29",
        "symbol": "EME",
        "period": "Q3",
        "profitloss": 81834000,
        "othercomprehensiveincomelossforeigncurrencytransactionandtranslationadjustmentnetoftax": -983000,
        "othercomprehensiveincomelosspensionandotherpostretirementbenefitplansadjustmentnetoftax": -509000,
        "othercomprehensiveincomelossnetoftax": -474000,
        "comprehensiveincomenetoftaxincludingportionattributabletononcontrollinginterest": 81360000,
        "comprehensiveincomenetoftax": 81360000,
        "othercomprehensiveincomelosspensionandotherpostretirementbenefitplanstax": 100000,
        "revenuefromcontractwithcustomerincludingassessedtax": 2287741000,
        "costofgoodsandservicessold": 1951754000,
        "grossprofit": 335987000,
        "sellinggeneralandadministrativeexpense": 220119000,
        "restructuringcharges": 119000,
        "operatingincomeloss": 115749000,
        "definedbenefitplannetperiodicbenefitcostexcludingservicecost": -381000,
        "interestincomeexpensenet": -2678000,
        "incomelossfromcontinuingoperationsbeforeincometaxesminorityinterestandincomelossfromequitymethodinvestments": 113452000,
        "incometaxexpensebenefit": 31618000,
        "incomelossfromcontinuingoperationsincludingportionattributabletononcontrollinginterest": 81834000,
        "netincomeloss": 81834000,
        "incomelossfromcontinuingoperationsperbasicshare": 1.46,
        "earningspersharebasic": 1.46,
        "incomelossfromcontinuingoperationsperdilutedshare": 1.45,
        "earningspersharediluted": 1.45,
        "commonstockdividendspersharedeclared": 0.08
    },
    {
        "date": "2019-06-29",
        "symbol": "EME",
        "period": "Q2",
        "profitloss": 83972000,
        "othercomprehensiveincomelossforeigncurrencytransactionandtranslationadjustmentnetoftax": -908000,
        "othercomprehensiveincomelosspensionandotherpostretirementbenefitplansadjustmentnetoftax": -528000,
        "othercomprehensiveincomelossnetoftax": -380000,
        "comprehensiveincomenetoftaxincludingportionattributabletononcontrollinginterest": 83592000,
        "comprehensiveincomenetoftax": 83592000,
        "othercomprehensiveincomelosspensionandotherpostretirementbenefitplanstax": 100000,
        "revenuefromcontractwithcustomerincludingassessedtax": 2324202000,
        "costofgoodsandservicessold": 1977822000,
        "grossprofit": 346380000,
        "sellinggeneralandadministrativeexpense": 226248000,
        "restructuringcharges": 173000,
        "operatingincomeloss": 119959000,
        "definedbenefitplannetperiodicbenefitcostexcludingservicecost": -400000,
        "interestincomeexpensenet": -3231000,
        "incomelossfromcontinuingoperationsbeforeincometaxesminorityinterestandincomelossfromequitymethodinvestments": 117128000,
        "incometaxexpensebenefit": 33156000,
        "incomelossfromcontinuingoperationsincludingportionattributabletononcontrollinginterest": 83972000,
        "netincomeloss": 83972000,
        "incomelossfromcontinuingoperationsperbasicshare": 1.49,
        "earningspersharebasic": 1.49,
        "incomelossfromcontinuingoperationsperdilutedshare": 1.49,
        "earningspersharediluted": 1.49,
        "commonstockdividendspersharedeclared": 0.08
    },
    {
        "date": "2019-03-30",
        "symbol": "EME",
        "period": "Q1",
        "profitloss": 72410000,
        "othercomprehensiveincomelossforeigncurrencytransactionandtranslationadjustmentnetoftax": 611000,
        "othercomprehensiveincomelosspensionandotherpostretirementbenefitplansadjustmentnetoftax": -535000,
        "othercomprehensiveincomelossnetoftax": 1146000,
        "comprehensiveincomenetoftaxincludingportionattributabletononcontrollinginterest": 73556000,
        "comprehensiveincomenetoftax": 73556000,
        "othercomprehensiveincomelosspensionandotherpostretirementbenefitplanstax": 100000,
        "revenuefromcontractwithcustomerincludingassessedtax": 2158728000,
        "costofgoodsandservicessold": 1849974000,
        "grossprofit": 308754000,
        "sellinggeneralandadministrativeexpense": 206169000,
        "restructuringcharges": 275000,
        "operatingincomeloss": 102310000,
        "definedbenefitplannetperiodicbenefitcostexcludingservicecost": -406000,
        "interestincomeexpensenet": -2823000,
        "incomelossfromcontinuingoperationsbeforeincometaxesminorityinterestandincomelossfromequitymethodinvestments": 99893000,
        "incometaxexpensebenefit": 27483000,
        "incomelossfromcontinuingoperationsincludingportionattributabletononcontrollinginterest": 72410000,
        "netincomeloss": 72410000,
        "incomelossfromcontinuingoperationsperbasicshare": 1.29,
        "earningspersharebasic": 1.29,
        "incomelossfromcontinuingoperationsperdilutedshare": 1.28,
        "earningspersharediluted": 1.28,
        "commonstockdividendspersharedeclared": 0.08
    },
    {
        "date": "2018-12-30",
        "symbol": "EME",
        "period": "Q4",
        "profitloss": 80955000,
        "othercomprehensiveincomelossforeigncurrencytransactionandtranslationadjustmentnetoftax": -653000,
        "othercomprehensiveincomelosspensionandotherpostretirementbenefitplansadjustmentnetoftax": -6307000,
        "othercomprehensiveincomelossnetoftax": 5654000,
        "comprehensiveincomenetoftaxincludingportionattributabletononcontrollinginterest": 83620000,
        "comprehensiveincomenetoftax": 83622000,
        "othercomprehensiveincomelosspensionandotherpostretirementbenefitplanstax": -2800000,
        "costofgoodsandservicessold": 3622219000,
        "grossprofit": 333668000,
        "sellinggeneralandadministrativeexpense": 220891000,
        "restructuringcharges": 1613000,
        "operatingincomeloss": 461944000,
        "interestexpense": 3503000,
        "investmentincomeinterest": 716000,
        "incomelossfromcontinuingoperationsbeforeincometaxesminorityinterestandincomelossfromequitymethodinvestments": 109051000,
        "incometaxexpensebenefit": 31526000,
        "incomelossfromcontinuingoperationsincludingportionattributabletononcontrollinginterest": 77525000,
        "incomelossfromdiscontinuedoperationsnetoftax": -1335000,
        "netincomeloss": 76192000,
        "incomelossfromcontinuingoperationsperbasicshare": 1.3599999999999997,
        "earningspersharebasic": 1.3599999999999997,
        "incomelossfromcontinuingoperationsperdilutedshare": 1.3499999999999996,
        "earningspersharediluted": 1.3499999999999996,
        "commonstockdividendspersharedeclared": 0.08000000000000003
    },
    {
        "date": "2018-09-29",
        "symbol": "EME",
        "period": "Q3",
        "profitloss": 80207000,
        "othercomprehensiveincomelossforeigncurrencytransactionandtranslationadjustmentnetoftax": -289000,
        "othercomprehensiveincomelosspensionandotherpostretirementbenefitplansadjustmentnetoftax": -573000,
        "othercomprehensiveincomelossnetoftax": 284000,
        "comprehensiveincomenetoftaxincludingportionattributabletononcontrollinginterest": 79705000,
        "comprehensiveincomenetoftax": 79657000,
        "othercomprehensiveincomelosspensionandotherpostretirementbenefitplanstax": 200000,
        "costofgoodsandservicessold": 1735959000,
        "grossprofit": 310418000,
        "sellinggeneralandadministrativeexpense": 197334000,
        "restructuringcharges": 229000,
        "operatingincomeloss": 112855000,
        "interestexpense": 3588000,
        "investmentincomeinterest": 852000,
        "incomelossfromcontinuingoperationsbeforeincometaxesminorityinterestandincomelossfromequitymethodinvestments": 110734000,
        "incometaxexpensebenefit": 30004000,
        "incomelossfromcontinuingoperationsincludingportionattributabletononcontrollinginterest": 80730000,
        "incomelossfromdiscontinuedoperationsnetoftax": -523000,
        "netincomeloss": 80159000,
        "incomelossfromcontinuingoperationsperbasicshare": 1.39,
        "earningspersharebasic": 1.3700000000000003,
        "incomelossfromcontinuingoperationsperdilutedshare": 1.38,
        "earningspersharediluted": 1.3599999999999999,
        "commonstockdividendspersharedeclared": 0.07999999999999997
    },
    {
        "date": "2018-06-29",
        "symbol": "EME",
        "period": "Q2",
        "profitloss": 70030000,
        "othercomprehensiveincomelossforeigncurrencytransactionandtranslationadjustmentnetoftax": -875000,
        "othercomprehensiveincomelosspensionandotherpostretirementbenefitplansadjustmentnetoftax": -595000,
        "othercomprehensiveincomelossnetoftax": -280000,
        "comprehensiveincomenetoftaxincludingportionattributabletononcontrollinginterest": 70536000,
        "comprehensiveincomenetoftax": 70536000,
        "othercomprehensiveincomelosspensionandotherpostretirementbenefitplanstax": 100000,
        "costofgoodsandservicessold": 1664793000,
        "grossprofit": 289765000,
        "sellinggeneralandadministrativeexpense": 190644000,
        "restructuringcharges": 374000,
        "operatingincomeloss": 159547000,
        "interestexpense": 3457000,
        "investmentincomeinterest": 634000,
        "incomelossfromcontinuingoperationsbeforeincometaxesminorityinterestandincomelossfromequitymethodinvestments": 96471000,
        "incometaxexpensebenefit": 26236000,
        "incomelossfromcontinuingoperationsincludingportionattributabletononcontrollinginterest": 70235000,
        "incomelossfromdiscontinuedoperationsnetoftax": -205000,
        "netincomeloss": 70030000,
        "incomelossfromcontinuingoperationsperbasicshare": 1.2,
        "earningspersharebasic": 1.2,
        "incomelossfromcontinuingoperationsperdilutedshare": 1.2000000000000002,
        "earningspersharediluted": 1.2000000000000002,
        "commonstockdividendspersharedeclared": 0.08
    },
    {
        "date": "2018-03-30",
        "symbol": "EME",
        "period": "Q1",
        "profitloss": 55374000,
        "othercomprehensiveincomelossforeigncurrencytransactionandtranslationadjustmentnetoftax": 495000,
        "othercomprehensiveincomelosspensionandotherpostretirementbenefitplansadjustmentnetoftax": -385000,
        "othercomprehensiveincomelossnetoftax": 880000,
        "comprehensiveincomenetoftaxincludingportionattributabletononcontrollinginterest": 56254000,
        "comprehensiveincomenetoftax": 56254000,
        "othercomprehensiveincomelosspensionandotherpostretirementbenefitplanstax": 400000,
        "salesrevenuenet": 1900388000,
        "costofgoodsandservicessold": 1631269000,
        "grossprofit": 269119000,
        "sellinggeneralandadministrativeexpense": 190288000,
        "restructuringcharges": 90000,
        "operatingincomeloss": 17034000,
        "interestexpense": 2996000,
        "investmentincomeinterest": 544000,
        "incomelossfromcontinuingoperationsbeforeincometaxesminorityinterestandincomelossfromequitymethodinvestments": 76289000,
        "incometaxexpensebenefit": 20633000,
        "incomelossfromcontinuingoperationsincludingportionattributabletononcontrollinginterest": 55656000,
        "incomelossfromdiscontinuedoperationsnetoftax": -282000,
        "netincomeloss": 55374000,
        "incomelossfromcontinuingoperationsperbasicshare": 0.95,
        "earningspersharebasic": 0.95,
        "incomelossfromcontinuingoperationsperdilutedshare": 0.94,
        "earningspersharediluted": 0.94,
        "commonstockdividendspersharedeclared": 0.08
    },
    {
        "date": "2017-12-30",
        "symbol": "EME",
        "period": "Q4",
        "profitloss": 53201000,
        "othercomprehensiveincomelossforeigncurrencytransactionandtranslationadjustmentnetoftax": -654000,
        "othercomprehensiveincomelosspensionandotherpostretirementbenefitplansadjustmentnetoftax": -7013000,
        "othercomprehensiveincomelossnetoftax": 6359000,
        "comprehensiveincomenetoftaxincludingportionattributabletononcontrollinginterest": 59557000,
        "comprehensiveincomenetoftax": 59560000,
        "othercomprehensiveincomelosspensionandotherpostretirementbenefitplanstax": -2300000,
        "salesrevenuenet": 1915972000,
        "costofgoodsandservicessold": 1701538000,
        "grossprofit": 311101000,
        "sellinggeneralandadministrativeexpense": 204159000,
        "restructuringcharges": -893000,
        "operatingincomeloss": 125255000,
        "interestexpense": 3306000,
        "investmentincomeinterest": 358000,
        "incomelossfromcontinuingoperationsbeforeincometaxesminorityinterestandincomelossfromequitymethodinvestments": 45552000,
        "incometaxexpensebenefit": -7774000,
        "incomelossfromcontinuingoperationsincludingportionattributabletononcontrollinginterest": 53326000,
        "incomelossfromdiscontinuedoperationsnetoftax": -128000,
        "netincomeloss": 53201000,
        "incomelossfromcontinuingoperationsperbasicshare": 0.9100000000000003,
        "earningspersharebasic": 0.9099999999999996,
        "incomelossfromcontinuingoperationsperdilutedshare": 0.9,
        "earningspersharediluted": 0.8999999999999998,
        "commonstockdividendspersharedeclared": 0.08000000000000003
    },
    {
        "date": "2017-09-29",
        "symbol": "EME",
        "period": "Q3",
        "profitloss": 64567000,
        "othercomprehensiveincomelossforeigncurrencytransactionandtranslationadjustmentnetoftax": -39000,
        "othercomprehensiveincomelosspensionandotherpostretirementbenefitplansadjustmentnetoftax": -640000,
        "othercomprehensiveincomelossnetoftax": 601000,
        "comprehensiveincomenetoftaxincludingportionattributabletononcontrollinginterest": 65198000,
        "comprehensiveincomenetoftax": 65198000,
        "othercomprehensiveincomelosspensionandotherpostretirementbenefitplanstax": 100000,
        "salesrevenuenet": 1721771000,
        "costofgoodsandservicessold": 1591621000,
        "grossprofit": 295070000,
        "sellinggeneralandadministrativeexpense": 188565000,
        "restructuringcharges": 549000,
        "operatingincomeloss": 187491000,
        "interestexpense": 3324000,
        "investmentincomeinterest": 277000,
        "incomelossfromcontinuingoperationsbeforeincometaxesminorityinterestandincomelossfromequitymethodinvestments": 103412000,
        "incometaxexpensebenefit": 38608000,
        "incomelossfromcontinuingoperationsincludingportionattributabletononcontrollinginterest": 64804000,
        "incomelossfromdiscontinuedoperationsnetoftax": -207000,
        "netincomeloss": 64597000,
        "incomelossfromcontinuingoperationsperbasicshare": 1.0899999999999999,
        "earningspersharebasic": 1.0900000000000003,
        "incomelossfromcontinuingoperationsperdilutedshare": 1.1,
        "earningspersharediluted": 1.1,
        "commonstockdividendspersharedeclared": 0.07999999999999997
    },
    {
        "date": "2017-06-29",
        "symbol": "EME",
        "period": "Q2",
        "profitloss": 56788000,
        "othercomprehensiveincomelossforeigncurrencytransactionandtranslationadjustmentnetoftax": -577000,
        "othercomprehensiveincomelosspensionandotherpostretirementbenefitplansadjustmentnetoftax": -625000,
        "othercomprehensiveincomelossnetoftax": 48000,
        "comprehensiveincomenetoftaxincludingportionattributabletononcontrollinginterest": 56836000,
        "comprehensiveincomenetoftaxattributabletononcontrollinginterest": 30000,
        "comprehensiveincomenetoftax": 56806000,
        "othercomprehensiveincomelosspensionandotherpostretirementbenefitplanstax": 200000,
        "salesrevenuenet": 1816779000,
        "costofgoodsandservicessold": 1621436000,
        "grossprofit": 274501000,
        "sellinggeneralandadministrativeexpense": 181337000,
        "restructuringcharges": 343000,
        "operatingincomeloss": 109730000,
        "interestexpense": 3069000,
        "investmentincomeinterest": 73000,
        "incomelossfromcontinuingoperationsbeforeincometaxesminorityinterestandincomelossfromequitymethodinvestments": 89825000,
        "incometaxexpensebenefit": 33019000,
        "incomelossfromcontinuingoperationsincludingportionattributabletononcontrollinginterest": 56806000,
        "incomelossfromdiscontinuedoperationsnetoftax": -18000,
        "netincomelossattributabletononcontrollinginterest": 30000,
        "netincomeloss": 56758000,
        "incomelossfromcontinuingoperationsperbasicshare": 0.96,
        "earningspersharebasic": 0.96,
        "incomelossfromcontinuingoperationsperdilutedshare": 0.95,
        "earningspersharediluted": 0.95,
        "commonstockdividendspersharedeclared": 0.08
    },
    {
        "date": "2017-03-30",
        "symbol": "EME",
        "period": "Q1",
        "profitloss": 52640000,
        "othercomprehensiveincomelossforeigncurrencytransactionandtranslationadjustmentnetoftax": -114000,
        "othercomprehensiveincomelosspensionandotherpostretirementbenefitplansadjustmentnetoftax": -609000,
        "othercomprehensiveincomelossnetoftax": 495000,
        "comprehensiveincomenetoftaxincludingportionattributabletononcontrollinginterest": 53105000,
        "comprehensiveincomenetoftaxattributabletononcontrollinginterest": -30000,
        "comprehensiveincomenetoftax": 53135000,
        "othercomprehensiveincomelosspensionandotherpostretirementbenefitplanstax": 200000,
        "salesrevenuenet": 1891732000,
        "costofgoodsandservicessold": 1625392000,
        "grossprofit": 266340000,
        "sellinggeneralandadministrativeexpense": 183001000,
        "restructuringcharges": 62000,
        "operatingincomeloss": 40433000,
        "interestexpense": 3071000,
        "investmentincomeinterest": 257000,
        "incomelossfromcontinuingoperationsbeforeincometaxesminorityinterestandincomelossfromequitymethodinvestments": 79960000,
        "incometaxexpensebenefit": 26846000,
        "incomelossfromcontinuingoperationsincludingportionattributabletononcontrollinginterest": 53114000,
        "incomelossfromdiscontinuedoperationsnetoftax": -504000,
        "netincomelossattributabletononcontrollinginterest": -30000,
        "netincomeloss": 52640000,
        "incomelossfromcontinuingoperationsperbasicshare": 0.89,
        "incomelossfromdiscontinuedoperationsnetoftaxperbasicshare": -0.01,
        "earningspersharebasic": 0.88,
        "incomelossfromcontinuingoperationsperdilutedshare": 0.88,
        "incomelossfromdiscontinuedoperationsnetoftaxperdilutedshare": -0.01,
        "earningspersharediluted": 0.87,
        "commonstockdividendspersharedeclared": 0.08
    },
    {
        "date": "2016-12-30",
        "symbol": "EME",
        "period": "Q4",
        "profitloss": 40675000,
        "othercomprehensiveincomelossforeigncurrencytransactionandtranslationadjustmentnetoftax": -378000,
        "othercomprehensiveincomelosspensionandotherpostretirementbenefitplansadjustmentnetoftax": 24709000,
        "othercomprehensiveincomelossnetoftax": -25087000,
        "comprehensiveincomenetoftaxincludingportionattributabletononcontrollinginterest": 15800000,
        "comprehensiveincomenetoftaxattributabletononcontrollinginterest": 211000,
        "comprehensiveincomenetoftax": 15589000,
        "othercomprehensiveincomelosspensionandotherpostretirementbenefitplanstax": 4800000,
        "salesrevenuenet": 1787328000,
        "costofgoodsandservicessold": 1677995000,
        "grossprofit": 271969000,
        "sellinggeneralandadministrativeexpense": 194884000,
        "restructuringcharges": 167000,
        "operatingincomeloss": 145083000,
        "interestexpense": 3654000,
        "investmentincomeinterest": 145000,
        "incomelossfromcontinuingoperationsbeforeincometaxesminorityinterestandincomelossfromequitymethodinvestments": 70981000,
        "incometaxexpensebenefit": 28536000,
        "incomelossfromcontinuingoperationsincludingportionattributabletononcontrollinginterest": 42445000,
        "incomelossfromdiscontinuedoperationsnetoftax": -1558000,
        "netincomelossattributabletononcontrollinginterest": 211000,
        "netincomeloss": 40676000,
        "incomelossfromcontinuingoperationsperbasicshare": 0.6999999999999996,
        "earningspersharebasic": 0.68,
        "incomelossfromcontinuingoperationsperdilutedshare": 0.69,
        "earningspersharediluted": 0.6700000000000004,
        "commonstockdividendspersharedeclared": 0.07999999999999997
    },
    {
        "date": "2016-09-29",
        "symbol": "EME",
        "period": "Q3",
        "profitloss": 51557000,
        "othercomprehensiveincomelossforeigncurrencytransactionandtranslationadjustmentnetoftax": -255000,
        "othercomprehensiveincomelosspensionandotherpostretirementbenefitplansadjustmentnetoftax": -440000,
        "othercomprehensiveincomelossnetoftax": 185000,
        "comprehensiveincomenetoftaxincludingportionattributabletononcontrollinginterest": 51742000,
        "comprehensiveincomenetoftaxattributabletononcontrollinginterest": 26000,
        "comprehensiveincomenetoftax": 51716000,
        "othercomprehensiveincomelosspensionandotherpostretirementbenefitplanstax": 100000,
        "salesrevenuenet": 1850138000,
        "costofgoodsandservicessold": 1655130000,
        "grossprofit": 268044000,
        "sellinggeneralandadministrativeexpense": 181441000,
        "restructuringcharges": 539000,
        "operatingincomeloss": 107528000,
        "interestexpense": 3479000,
        "investmentincomeinterest": 161000,
        "incomelossfromcontinuingoperationsbeforeincometaxesminorityinterestandincomelossfromequitymethodinvestments": 82746000,
        "incometaxexpensebenefit": 30783000,
        "incomelossfromcontinuingoperationsincludingportionattributabletononcontrollinginterest": 51963000,
        "incomelossfromdiscontinuedoperationsnetoftax": -406000,
        "netincomelossattributabletononcontrollinginterest": 26000,
        "netincomeloss": 51531000,
        "incomelossfromcontinuingoperationsperbasicshare": 0.85,
        "incomelossfromdiscontinuedoperationsnetoftaxperbasicshare": -0.01,
        "earningspersharebasic": 0.84,
        "incomelossfromcontinuingoperationsperdilutedshare": 0.85,
        "incomelossfromdiscontinuedoperationsnetoftaxperdilutedshare": -0.01,
        "earningspersharediluted": 0.84,
        "commonstockdividendspersharedeclared": 0.08
    },
    {
        "date": "2016-06-29",
        "symbol": "EME",
        "period": "Q2",
        "profitloss": 55355000,
        "othercomprehensiveincomelossforeigncurrencytransactionandtranslationadjustmentnetoftax": -754000,
        "othercomprehensiveincomelosspensionandotherpostretirementbenefitplansadjustmentnetoftax": -476000,
        "othercomprehensiveincomelossnetoftax": -278000,
        "comprehensiveincomenetoftaxincludingportionattributabletononcontrollinginterest": 55077000,
        "comprehensiveincomenetoftaxattributabletononcontrollinginterest": -25000,
        "comprehensiveincomenetoftax": 55102000,
        "othercomprehensiveincomelosspensionandotherpostretirementbenefitplanstax": 100000,
        "salesrevenuenet": 1842832000,
        "costofgoodsandservicessold": 1658675000,
        "grossprofit": 274741000,
        "sellinggeneralandadministrativeexpense": 181811000,
        "restructuringcharges": 641000,
        "operatingincomeloss": 112630000,
        "interestexpense": 3118000,
        "investmentincomeinterest": 192000,
        "incomelossfromcontinuingoperationsbeforeincometaxesminorityinterestandincomelossfromequitymethodinvestments": 89363000,
        "incometaxexpensebenefit": 32911000,
        "incomelossfromcontinuingoperationsincludingportionattributabletononcontrollinginterest": 56452000,
        "incomelossfromdiscontinuedoperationsnetoftax": -1097000,
        "netincomelossattributabletononcontrollinginterest": -25000,
        "netincomeloss": 55380000,
        "incomelossfromcontinuingoperationsperbasicshare": 0.93,
        "incomelossfromdiscontinuedoperationsnetoftaxperbasicshare": -0.02,
        "earningspersharebasic": 0.91,
        "incomelossfromcontinuingoperationsperdilutedshare": 0.92,
        "incomelossfromdiscontinuedoperationsnetoftaxperdilutedshare": -0.02,
        "earningspersharediluted": 0.9,
        "commonstockdividendspersharedeclared": 0.08
    },
    {
        "date": "2016-03-30",
        "symbol": "EME",
        "period": "Q1",
        "profitloss": 34348000,
        "othercomprehensiveincomelossforeigncurrencytransactionandtranslationadjustmentnetoftax": -47000,
        "othercomprehensiveincomelosspensionandotherpostretirementbenefitplansadjustmentnetoftax": -477000,
        "othercomprehensiveincomelossnetoftax": 430000,
        "comprehensiveincomenetoftaxincludingportionattributabletononcontrollinginterest": 34784000,
        "comprehensiveincomenetoftaxattributabletononcontrollinginterest": 6000,
        "comprehensiveincomenetoftax": 34778000,
        "othercomprehensiveincomelosspensionandotherpostretirementbenefitplanstax": 100000,
        "salesrevenuenet": 1744970000,
        "costofgoodsandservicessold": 1521862000,
        "grossprofit": 223108000,
        "sellinggeneralandadministrativeexpense": 167402000,
        "restructuringcharges": 91000,
        "operatingincomeloss": 23877000,
        "interestexpense": 2376000,
        "investmentincomeinterest": 165000,
        "incomelossfromcontinuingoperationsbeforeincometaxesminorityinterestandincomelossfromequitymethodinvestments": 53404000,
        "incometaxexpensebenefit": 18969000,
        "incomelossfromcontinuingoperationsincludingportionattributabletononcontrollinginterest": 34435000,
        "incomelossfromdiscontinuedoperationsnetoftax": -81000,
        "netincomelossattributabletononcontrollinginterest": 6000,
        "netincomeloss": 34348000,
        "incomelossfromcontinuingoperationsperbasicshare": 0.57,
        "earningspersharebasic": 0.57,
        "incomelossfromcontinuingoperationsperdilutedshare": 0.56,
        "earningspersharediluted": 0.56,
        "commonstockdividendspersharedeclared": 0.08
    },
    {
        "date": "2015-12-30",
        "symbol": "EME",
        "period": "Q4",
        "profitloss": 51066000,
        "othercomprehensiveincomelossforeigncurrencytransactionandtranslationadjustmentnetoftax": -543000,
        "othercomprehensiveincomelosspensionandotherpostretirementbenefitplansadjustmentnetoftax": -5219000,
        "othercomprehensiveincomelossnetoftax": 4676000,
        "comprehensiveincomenetoftaxincludingportionattributabletononcontrollinginterest": 55730000,
        "comprehensiveincomenetoftaxattributabletononcontrollinginterest": -12000,
        "comprehensiveincomenetoftax": 55742000,
        "othercomprehensiveincomelosspensionandotherpostretirementbenefitplanstax": -2100000,
        "salesrevenuenet": 1675885000,
        "costofgoodsandservicessold": 1525205000,
        "grossprofit": 252621000,
        "sellinggeneralandadministrativeexpense": 168456000,
        "restructuringcharges": 82000,
        "operatingincomeloss": 100712000,
        "interestexpense": 2282000,
        "investmentincomeinterest": 158000,
        "incomelossfromcontinuingoperationsbeforeincometaxesminorityinterestandincomelossfromequitymethodinvestments": 81959000,
        "incometaxexpensebenefit": 31584000,
        "incomelossfromcontinuingoperationsincludingportionattributabletononcontrollinginterest": 50375000,
        "incomelossfromdiscontinuedoperationsnetoftax": 679000,
        "netincomelossattributabletononcontrollinginterest": -12000,
        "netincomeloss": 51066000,
        "incomelossfromcontinuingoperationsperbasicshare": 0.8000000000000003,
        "earningspersharebasic": 0.8100000000000003,
        "incomelossfromcontinuingoperationsperdilutedshare": 0.8000000000000005,
        "earningspersharediluted": 0.8100000000000005,
        "commonstockdividendspersharedeclared": 0.08000000000000003
    },
    {
        "date": "2015-09-29",
        "symbol": "EME",
        "period": "Q3",
        "profitloss": 41522000,
        "othercomprehensiveincomelossforeigncurrencytransactionandtranslationadjustmentnetoftax": 110000,
        "othercomprehensiveincomelosspensionandotherpostretirementbenefitplansadjustmentnetoftax": -554000,
        "othercomprehensiveincomelossnetoftax": 664000,
        "comprehensiveincomenetoftaxincludingportionattributabletononcontrollinginterest": 42571000,
        "comprehensiveincomenetoftaxattributabletononcontrollinginterest": 385000,
        "comprehensiveincomenetoftax": 42186000,
        "othercomprehensiveincomelosspensionandotherpostretirementbenefitplanstax": 200000,
        "salesrevenuenet": 1602127000,
        "costofgoodsandservicessold": 1463726000,
        "grossprofit": 235402000,
        "sellinggeneralandadministrativeexpense": 165135000,
        "restructuringcharges": 301000,
        "operatingincomeloss": 82821000,
        "interestexpense": 2226000,
        "investmentincomeinterest": 157000,
        "incomelossfromcontinuingoperationsbeforeincometaxesminorityinterestandincomelossfromequitymethodinvestments": 67897000,
        "incometaxexpensebenefit": 25720000,
        "incomelossfromcontinuingoperationsincludingportionattributabletononcontrollinginterest": 42177000,
        "incomelossfromdiscontinuedoperationsnetoftax": -270000,
        "netincomelossattributabletononcontrollinginterest": 385000,
        "netincomeloss": 41522000,
        "incomelossfromcontinuingoperationsperbasicshare": 0.6699999999999999,
        "earningspersharebasic": 0.6699999999999999,
        "incomelossfromcontinuingoperationsperdilutedshare": 0.6599999999999999,
        "earningspersharediluted": 0.6599999999999999,
        "commonstockdividendspersharedeclared": 0.07999999999999997
    },
    {
        "date": "2015-06-29",
        "symbol": "EME",
        "period": "Q2",
        "profitloss": 46849000,
        "othercomprehensiveincomelossforeigncurrencytransactionandtranslationadjustmentnetoftax": -369000,
        "othercomprehensiveincomelosspensionandotherpostretirementbenefitplansadjustmentnetoftax": -550000,
        "othercomprehensiveincomelossnetoftax": 181000,
        "comprehensiveincomenetoftaxincludingportionattributabletononcontrollinginterest": 47017000,
        "comprehensiveincomenetoftaxattributabletononcontrollinginterest": -13000,
        "comprehensiveincomenetoftax": 47030000,
        "othercomprehensiveincomelosspensionandotherpostretirementbenefitplanstax": 100000,
        "salesrevenuenet": 1474050000,
        "costofgoodsandservicessold": 1413058000,
        "grossprofit": 239527000,
        "sellinggeneralandadministrativeexpense": 161391000,
        "restructuringcharges": 545000,
        "operatingincomeloss": 143480000,
        "interestexpense": 2208000,
        "investmentincomeinterest": 182000,
        "incomelossfromcontinuingoperationsbeforeincometaxesminorityinterestandincomelossfromequitymethodinvestments": 75677000,
        "incometaxexpensebenefit": 28727000,
        "incomelossfromcontinuingoperationsincludingportionattributabletononcontrollinginterest": 46950000,
        "incomelossfromdiscontinuedoperationsnetoftax": -114000,
        "netincomelossattributabletononcontrollinginterest": -13000,
        "netincomeloss": 46849000,
        "incomelossfromcontinuingoperationsperbasicshare": 0.74,
        "incomelossfromdiscontinuedoperationsnetoftaxperbasicshare": 0,
        "earningspersharebasic": 0.74,
        "incomelossfromcontinuingoperationsperdilutedshare": 0.74,
        "earningspersharediluted": 0.73,
        "commonstockdividendspersharedeclared": 0.08
    },
    {
        "date": "2015-03-30",
        "symbol": "EME",
        "period": "Q1",
        "profitloss": 32849000,
        "othercomprehensiveincomelossforeigncurrencytransactionandtranslationadjustmentnetoftax": 181000,
        "othercomprehensiveincomelosspensionandotherpostretirementbenefitplansadjustmentnetoftax": -542000,
        "othercomprehensiveincomelossnetoftax": 723000,
        "comprehensiveincomenetoftaxincludingportionattributabletononcontrollinginterest": 33433000,
        "comprehensiveincomenetoftaxattributabletononcontrollinginterest": -139000,
        "comprehensiveincomenetoftax": 33572000,
        "othercomprehensiveincomelosspensionandotherpostretirementbenefitplanstax": 200000,
        "salesrevenuenet": 1589187000,
        "costofgoodsandservicessold": 1372258000,
        "grossprofit": 216929000,
        "sellinggeneralandadministrativeexpense": 161591000,
        "restructuringcharges": 2000,
        "operatingincomeloss": 20901000,
        "interestexpense": 2216000,
        "investmentincomeinterest": 176000,
        "incomelossfromcontinuingoperationsbeforeincometaxesminorityinterestandincomelossfromequitymethodinvestments": 53290000,
        "incometaxexpensebenefit": 20225000,
        "incomelossfromcontinuingoperationsincludingportionattributabletononcontrollinginterest": 33065000,
        "incomelossfromdiscontinuedoperationsnetoftax": -355000,
        "netincomelossattributabletononcontrollinginterest": -139000,
        "netincomeloss": 32849000,
        "incomelossfromcontinuingoperationsperbasicshare": 0.53,
        "incomelossfromdiscontinuedoperationsnetoftaxperbasicshare": -0.01,
        "earningspersharebasic": 0.52,
        "incomelossfromcontinuingoperationsperdilutedshare": 0.52,
        "earningspersharediluted": 0.52,
        "commonstockdividendspersharedeclared": 0.08
    },
    {
        "date": "2014-12-30",
        "symbol": "EME",
        "period": "Q4",
        "profitloss": 80306000,
        "othercomprehensiveincomelossforeigncurrencytransactionandtranslationadjustmentnetoftax": -711000,
        "othercomprehensiveincomelosspensionandotherpostretirementbenefitplansadjustmentnetoftax": 17808000,
        "othercomprehensiveincomelossnetoftax": -18519000,
        "comprehensiveincomenetoftaxincludingportionattributabletononcontrollinginterest": 25289000,
        "comprehensiveincomenetoftaxattributabletononcontrollinginterest": 1342000,
        "comprehensiveincomenetoftax": 23947000,
        "othercomprehensiveincomelosspensionandotherpostretirementbenefitplanstax": 3900000,
        "salesrevenuenet": 4407743000,
        "costofgoodsandservicessold": 1450643000,
        "grossprofit": 250171000,
        "sellinggeneralandadministrativeexpense": 170106000,
        "restructuringcharges": -885000,
        "operatingincomeloss": 149339000,
        "interestexpense": 2188000,
        "investmentincomeinterest": 201000,
        "incomelossfromcontinuingoperationsbeforeincometaxesminorityinterestandincomelossfromequitymethodinvestments": 77184000,
        "incometaxexpensebenefit": 29297000,
        "netincomelossattributabletononcontrollinginterest": 1342000,
        "netincomeloss": 42466000,
        "earningspersharebasic": 0.6700000000000003,
        "earningspersharediluted": 0.6500000000000002,
        "commonstockdividendspersharedeclared": 0.07999999999999997
    },
    {
        "date": "2014-09-29",
        "symbol": "EME",
        "period": "Q3",
        "profitloss": 46777000,
        "othercomprehensiveincomelossforeigncurrencytransactionandtranslationadjustmentnetoftax": -312000,
        "othercomprehensiveincomelosspensionandotherpostretirementbenefitplansadjustmentnetoftax": -449000,
        "othercomprehensiveincomelossnetoftax": 137000,
        "comprehensiveincomenetoftaxincludingportionattributabletononcontrollinginterest": 46914000,
        "comprehensiveincomenetoftaxattributabletononcontrollinginterest": 1753000,
        "comprehensiveincomenetoftax": 45161000,
        "othercomprehensiveincomelosspensionandotherpostretirementbenefitplanstax": 100000,
        "salesrevenuenet": 1479909000,
        "costofgoodsandservicessold": 1344482000,
        "grossprofit": 222229000,
        "sellinggeneralandadministrativeexpense": 159983000,
        "restructuringcharges": 400000,
        "gainonsaleofbuilding": 11749000,
        "operatingincomeloss": 20666000,
        "interestexpense": 2397000,
        "investmentincomeinterest": 186000,
        "incomelossfromcontinuingoperationsbeforeincometaxesminorityinterestandincomelossfromequitymethodinvestments": 71386000,
        "incometaxexpensebenefit": 23998000,
        "incomelossfromcontinuingoperationsincludingportionattributabletononcontrollinginterest": 47388000,
        "incomelossfromdiscontinuedoperationsnetoftax": -611000,
        "netincomelossattributabletononcontrollinginterest": 1753000,
        "netincomeloss": 45024000,
        "incomelossfromcontinuingoperationsperbasicshare": 0.68,
        "incomelossfromdiscontinuedoperationsnetoftaxperbasicshare": -0.01,
        "earningspersharebasic": 0.67,
        "incomelossfromcontinuingoperationsperdilutedshare": 0.68,
        "incomelossfromdiscontinuedoperationsnetoftaxperdilutedshare": -0.01,
        "earningspersharediluted": 0.67,
        "commonstockdividendspersharedeclared": 0.08
    },
    {
        "date": "2014-06-29",
        "symbol": "EME",
        "period": "Q2",
        "profitloss": 41000000,
        "othercomprehensiveincomelossforeigncurrencytransactionandtranslationadjustmentnetoftax": 64000,
        "othercomprehensiveincomelosspensionandotherpostretirementbenefitplansadjustmentnetoftax": -453000,
        "othercomprehensiveincomelossnetoftax": 517000,
        "comprehensiveincomenetoftaxincludingportionattributabletononcontrollinginterest": 41517000,
        "comprehensiveincomenetoftaxattributabletononcontrollinginterest": 1087000,
        "comprehensiveincomenetoftax": 40430000,
        "othercomprehensiveincomelosspensionandotherpostretirementbenefitplanstax": 100000,
        "salesrevenuenet": 88633000,
        "costofgoodsandservicessold": 1338420000,
        "grossprofit": 219635000,
        "sellinggeneralandadministrativeexpense": 151461000,
        "restructuringcharges": 400000,
        "operatingincomeloss": 79877000,
        "interestexpense": 2242000,
        "investmentincomeinterest": 221000,
        "incomelossfromcontinuingoperationsbeforeincometaxesminorityinterestandincomelossfromequitymethodinvestments": 65715000,
        "incometaxexpensebenefit": 24715000,
        "netincomelossattributabletononcontrollinginterest": 1087000,
        "netincomeloss": 39913000,
        "earningspersharebasic": 0.59,
        "earningspersharediluted": 0.59,
        "commonstockdividendspersharedeclared": 0.08
    },
    {
        "date": "2014-03-30",
        "symbol": "EME",
        "period": "Q1",
        "profitloss": 581000,
        "othercomprehensiveincomelossforeigncurrencytransactionandtranslationadjustmentnetoftax": 2000,
        "othercomprehensiveincomelosspensionandotherpostretirementbenefitplansadjustmentnetoftax": -443000,
        "othercomprehensiveincomelossnetoftax": 445000,
        "comprehensiveincomenetoftaxincludingportionattributabletononcontrollinginterest": 42287000,
        "comprehensiveincomenetoftaxattributabletononcontrollinginterest": 581000,
        "comprehensiveincomenetoftax": 41706000,
        "othercomprehensiveincomelosspensionandotherpostretirementbenefitplanstax": 100000,
        "salesrevenuenet": 98236000,
        "costofgoodsandservicessold": 1384174000,
        "grossprofit": 215211000,
        "sellinggeneralandadministrativeexpense": 144928000,
        "restructuringcharges": 685000,
        "operatingincomeloss": 84453000,
        "interestexpense": 2248000,
        "investmentincomeinterest": 234000,
        "incomelossfromcontinuingoperationsbeforeincometaxesminorityinterestandincomelossfromequitymethodinvestments": 67360000,
        "incometaxexpensebenefit": 25518000,
        "netincomelossattributabletononcontrollinginterest": 581000,
        "netincomeloss": 41261000,
        "earningspersharebasic": 0.61,
        "earningspersharediluted": 0.61,
        "commonstockdividendspersharedeclared": 0.08
    },
    {
        "date": "2013-12-30",
        "symbol": "EME",
        "period": "Q4",
        "profitloss": 43258000,
        "othercomprehensiveincomelossforeigncurrencytransactionandtranslationadjustmentnetoftax": -151000,
        "othercomprehensiveincomelosspensionandotherpostretirementbenefitplansadjustmentnetoftax": -14163000,
        "othercomprehensiveincomelossnetoftax": 14012000,
        "comprehensiveincomenetoftaxincludingportionattributabletononcontrollinginterest": 60281000,
        "comprehensiveincomenetoftaxattributabletononcontrollinginterest": 348000,
        "comprehensiveincomenetoftax": 59933000,
        "othercomprehensiveincomelosspensionandotherpostretirementbenefitplanstax": 3800000,
        "salesrevenuenet": 385938000,
        "costofgoodsandservicessold": 1428862000,
        "grossprofit": 234075000,
        "sellinggeneralandadministrativeexpense": 163208000,
        "restructuringcharges": 6761000,
        "operatingincomeloss": -103918000,
        "interestexpense": 2791000,
        "investmentincomeinterest": 266000,
        "incomelossfromcontinuingoperationsbeforeincometaxesminorityinterestandincomelossfromequitymethodinvestments": 66281000,
        "incometaxexpensebenefit": 20012000,
        "netincomelossattributabletononcontrollinginterest": 348000,
        "netincomeloss": 45921000,
        "earningspersharebasic": 0.6900000000000002,
        "earningspersharediluted": 0.6800000000000002
    },
    {
        "date": "2013-09-29",
        "symbol": "EME",
        "period": "Q3",
        "profitloss": 28893000,
        "othercomprehensiveincomelossforeigncurrencytransactionandtranslationadjustmentnetoftax": -491000,
        "othercomprehensiveincomelosspensionandotherpostretirementbenefitplansadjustmentnetoftax": -611000,
        "othercomprehensiveincomelossnetoftax": 120000,
        "comprehensiveincomenetoftaxincludingportionattributabletononcontrollinginterest": 29013000,
        "comprehensiveincomenetoftaxattributabletononcontrollinginterest": 2203000,
        "comprehensiveincomenetoftax": 26810000,
        "othercomprehensiveincomelosspensionandotherpostretirementbenefitplanstax": 100000,
        "salesrevenuenet": 340529000,
        "costofgoodsandservicessold": 1422757000,
        "grossprofit": 206310000,
        "sellinggeneralandadministrativeexpense": 149722000,
        "restructuringcharges": 600000,
        "operatingincomeloss": 23285000,
        "interestexpense": 2352000,
        "investmentincomeinterest": 235000,
        "incomelossfromcontinuingoperationsbeforeincometaxesminorityinterestandincomelossfromequitymethodinvestments": 52005000,
        "incometaxexpensebenefit": 23112000,
        "netincomelossattributabletononcontrollinginterest": 2203000,
        "netincomeloss": 26690000,
        "earningspersharebasic": 0.4,
        "earningspersharediluted": 0.39,
        "commonstockdividendspersharedeclared": 0.06
    },
    {
        "date": "2013-06-29",
        "symbol": "EME",
        "period": "Q2",
        "profitloss": 21474000,
        "othercomprehensiveincomelossforeigncurrencytransactionandtranslationadjustmentnetoftax": 102000,
        "othercomprehensiveincomelosspensionandotherpostretirementbenefitplansadjustmentnetoftax": -549000,
        "othercomprehensiveincomelossnetoftax": 651000,
        "comprehensiveincomenetoftaxincludingportionattributabletononcontrollinginterest": 22125000,
        "comprehensiveincomenetoftaxattributabletononcontrollinginterest": 460000,
        "comprehensiveincomenetoftax": 21665000,
        "othercomprehensiveincomelosspensionandotherpostretirementbenefitplanstax": 200000,
        "salesrevenuenet": 527394000,
        "costofgoodsandservicessold": 1375218000,
        "grossprofit": 181535000,
        "sellinggeneralandadministrativeexpense": 139623000,
        "restructuringcharges": 600000,
        "operatingincomeloss": 63512000,
        "interestexpense": 1764000,
        "investmentincomeinterest": 270000,
        "incomelossfromcontinuingoperationsbeforeincometaxesminorityinterestandincomelossfromequitymethodinvestments": 34605000,
        "incometaxexpensebenefit": 13131000,
        "netincomelossattributabletononcontrollinginterest": 460000,
        "netincomeloss": 21014000,
        "earningspersharebasic": 0.31,
        "earningspersharediluted": 0.31,
        "commonstockdividendspersharedeclared": 0.06
    },
    {
        "date": "2013-03-30",
        "symbol": "EME",
        "period": "Q1",
        "profitloss": 30167000,
        "othercomprehensiveincomelossforeigncurrencytransactionandtranslationadjustmentnetoftax": -74000,
        "othercomprehensiveincomelosspensionandotherpostretirementbenefitplansadjustmentnetoftax": -554000,
        "othercomprehensiveincomelossnetoftax": 480000,
        "comprehensiveincomenetoftaxincludingportionattributabletononcontrollinginterest": 31198000,
        "comprehensiveincomenetoftaxattributabletononcontrollinginterest": 551000,
        "comprehensiveincomenetoftax": 30647000,
        "othercomprehensiveincomelosspensionandotherpostretirementbenefitplanstax": 200000,
        "salesrevenuenet": 541117000,
        "costofgoodsandservicessold": 1377263000,
        "grossprofit": 191138000,
        "sellinggeneralandadministrativeexpense": 138510000,
        "restructuringcharges": 1363000,
        "operatingincomeloss": 11140000,
        "interestexpense": 1862000,
        "investmentincomeinterest": 357000,
        "incomelossfromcontinuingoperationsbeforeincometaxesminorityinterestandincomelossfromequitymethodinvestments": 49760000,
        "incometaxexpensebenefit": 19042000,
        "netincomelossattributabletononcontrollinginterest": 551000,
        "netincomeloss": 30167000,
        "earningspersharebasic": 0.45,
        "earningspersharediluted": 0.44
    },
    {
        "date": "2012-12-30",
        "symbol": "EME",
        "period": "Q4",
        "profitloss": 144660000,
        "comprehensiveincomenetoftaxincludingportionattributabletononcontrollinginterest": 42678000,
        "comprehensiveincomenetoftaxattributabletononcontrollinginterest": 378000,
        "comprehensiveincomenetoftax": 42300000,
        "salesrevenuenet": 134158000,
        "costofgoodsandservicessold": 1383432000,
        "grossprofit": 228449000,
        "sellinggeneralandadministrativeexpense": 149586000,
        "operatingincomeloss": -83579000,
        "interestexpense": 1815000,
        "investmentincomeinterest": 391000,
        "incomelossfromcontinuingoperationsbeforeincometaxesminorityinterestandincomelossfromequitymethodinvestments": 77439000,
        "incometaxexpensebenefitcontinuingoperations": 30651000,
        "incomelossfromcontinuingoperationsincludingportionattributabletononcontrollinginterest": 46788000,
        "netincomelossattributabletononcontrollinginterest": 378000,
        "netincomeloss": 46410000,
        "incomelossfromcontinuingoperationsperbasicshare": 0.7000000000000002,
        "earningspersharebasic": 0.7000000000000002,
        "incomelossfromcontinuingoperationsperdilutedshare": 0.6800000000000003,
        "earningspersharediluted": 0.6800000000000003,
        "commonstockdividendspersharedeclared": 0.36000000000000004
    },
    {
        "date": "2012-09-29",
        "symbol": "EME",
        "period": "Q3",
        "profitloss": -59201000,
        "comprehensiveincomenetoftaxincludingportionattributabletononcontrollinginterest": 41024000,
        "comprehensiveincomenetoftaxattributabletononcontrollinginterest": 729000,
        "comprehensiveincomenetoftax": 40295000,
        "salesrevenuenet": -2443184000,
        "costofgoodsandservicessold": 1402994000,
        "grossprofit": 203248000,
        "sellinggeneralandadministrativeexpense": 134477000,
        "operatingincomeloss": 126852000,
        "interestexpense": 1807000,
        "investmentincomeinterest": 381000,
        "incomelossfromcontinuingoperationsbeforeincometaxesminorityinterestandincomelossfromequitymethodinvestments": 67200000,
        "incometaxexpensebenefitcontinuingoperations": 26890000,
        "incomelossfromcontinuingoperationsincludingportionattributabletononcontrollinginterest": 40310000,
        "netincomelossattributabletononcontrollinginterest": 729000,
        "netincomeloss": 39581000,
        "incomelossfromcontinuingoperationsperbasicshare": 0.5900000000000001,
        "earningspersharebasic": 0.5900000000000001,
        "incomelossfromcontinuingoperationsperdilutedshare": 0.59,
        "earningspersharediluted": 0.59,
        "commonstockdividendspersharedeclared": -1.3877787807814457e-17
    },
    {
        "date": "2012-06-29",
        "symbol": "EME",
        "period": "Q2",
        "profitloss": 33980000,
        "othercomprehensiveincomelossforeigncurrencytransactionandtranslationadjustmentnetoftax": -54000,
        "othercomprehensiveincomelosspensionandotherpostretirementbenefitplansadjustmentnetoftax": -531000,
        "othercomprehensiveincomelossnetoftax": 477000,
        "comprehensiveincomenetoftaxincludingportionattributabletononcontrollinginterest": 34457000,
        "comprehensiveincomenetoftaxattributabletononcontrollinginterest": 532000,
        "comprehensiveincomenetoftax": 33925000,
        "othercomprehensiveincomelosspensionandotherpostretirementbenefitplanstax": 200000,
        "salesrevenuenet": 1450196000,
        "costofgoodsandservicessold": 1396071000,
        "grossprofit": 193964000,
        "sellinggeneralandadministrativeexpense": 137675000,
        "operatingincomeloss": 22409000,
        "interestexpense": 1878000,
        "investmentincomeinterest": 368000,
        "incomelossfromcontinuingoperationsbeforeincometaxesminorityinterestandincomelossfromequitymethodinvestments": 54779000,
        "incometaxexpensebenefitcontinuingoperations": 20799000,
        "incomelossfromcontinuingoperationsincludingportionattributabletononcontrollinginterest": 33980000,
        "netincomelossattributabletononcontrollinginterest": 532000,
        "netincomeloss": 33448000,
        "incomelossfromcontinuingoperationsperbasicshare": 0.5,
        "earningspersharebasic": 0.5,
        "incomelossfromcontinuingoperationsperdilutedshare": 0.49,
        "earningspersharediluted": 0.49,
        "commonstockdividendspersharedeclared": 0.1
    },
    {
        "date": "2012-03-30",
        "symbol": "EME",
        "period": "Q1",
        "salesrevenuenet": 1397630000,
        "costofgoodsandservicessold": 1357828000,
        "grossprofit": 180693000,
        "sellinggeneralandadministrativeexpense": 134504000,
        "operatingincomeloss": 57818000,
        "interestexpense": 1775000,
        "investmentincomeinterest": 416000,
        "incomelossfromcontinuingoperationsbeforeincometaxesminorityinterestandincomelossfromequitymethodinvestments": 44830000,
        "incometaxexpensebenefitcontinuingoperations": 17022000,
        "incomelossfromcontinuingoperationsincludingportionattributabletononcontrollinginterest": 27808000,
        "profitloss": 27145000,
        "netincomelossattributabletononcontrollinginterest": 663000,
        "netincomeloss": 27145000,
        "incomelossfromcontinuingoperationsperbasicshare": 0.41,
        "earningspersharebasic": 0.41,
        "incomelossfromcontinuingoperationsperdilutedshare": 0.4,
        "earningspersharediluted": 0.4,
        "commonstockdividendspersharedeclared": 0.05,
        "othercomprehensiveincomeforeigncurrencytransactionandtranslationadjustmentnetoftaxperiodincreasedecrease": 12000,
        "othercomprehensiveincomedefinedbenefitplansadjustmentnetoftaxperiodincreasedecrease": 516000,
        "othercomprehensiveincomelossnetoftaxperiodincreasedecrease": 528000,
        "comprehensiveincomenetoftaxincludingportionattributabletononcontrollinginterest": 28336000,
        "comprehensiveincomenetoftaxattributabletononcontrollinginterest": 663000,
        "comprehensiveincomenetoftax": 27673000,
        "othercomprehensiveincomedefinedbenefitplanstax": 200000
    },
    {
        "date": "2011-09-29",
        "symbol": "EME",
        "period": "Q3",
        "salesrevenuenet": 1343055000,
        "costofgoodsandservicessold": 1206493000,
        "grossprofit": 176846000,
        "sellinggeneralandadministrativeexpense": 119931000,
        "restructuringcharges": 0,
        "operatingincomeloss": 67819000,
        "interestexpense": 2811000,
        "investmentincomeinterest": 389000,
        "incomelossfromcontinuingoperationsbeforeincometaxesminorityinterestandincomelossfromequitymethodinvestments": 54493000,
        "incometaxexpensebenefit": 21752000,
        "profitloss": 40758000,
        "netincomelossattributabletononcontrollinginterest": 725000,
        "netincomeloss": 40758000,
        "earningspersharebasic": 0.6099999999999999,
        "earningspersharediluted": 0.5900000000000001,
        "stockholdersequityincludingportionattributabletononcontrollinginterest": -15852000,
        "othercomprehensiveincomeforeigncurrencytransactionandtranslationadjustmentnetoftaxperiodincreasedecrease": -16190000,
        "othercomprehensiveincomedefinedbenefitplansadjustmentnetoftaxperiodincreasedecrease": 338000,
        "comprehensiveincomenetoftaxincludingportionattributabletononcontrollinginterest": 25631000,
        "comprehensiveincomenetoftax": 24906000,
        "stockissuedduringperiodvaluesharebasedcompensation": 28000,
        "stockissuedduringperiodvalueemployeestockpurchaseplan": 587000,
        "adjustmentstoadditionalpaidincapitalsharebasedcompensationrequisiteserviceperiodrecognitionvalue": 1578000,
        "othercomprehensiveincomedefinedbenefitplanstax": 100000
    },
    {
        "date": "2011-06-29",
        "symbol": "EME",
        "period": "Q2",
        "salesrevenuenet": 1055266000,
        "costofgoodsandservicessold": 1220111000,
        "grossprofit": 179816000,
        "sellinggeneralandadministrativeexpense": 130562000,
        "restructuringcharges": 138000,
        "operatingincomeloss": 74653000,
        "interestexpense": 2817000,
        "investmentincomeinterest": 492000,
        "incomelossfromcontinuingoperationsbeforeincometaxesminorityinterestandincomelossfromequitymethodinvestments": 46791000,
        "incometaxexpensebenefit": 17469000,
        "profitloss": 52621000,
        "netincomelossattributabletononcontrollinginterest": 513000,
        "netincomeloss": 28809000,
        "earningspersharebasic": 0.43000000000000005,
        "earningspersharediluted": 0.42000000000000004,
        "stockholdersequityincludingportionattributabletononcontrollinginterest": 601000,
        "othercomprehensiveincomeforeigncurrencytransactionandtranslationadjustmentnetoftaxperiodincreasedecrease": 266000,
        "othercomprehensiveincomedefinedbenefitplansadjustmentnetoftaxperiodincreasedecrease": 335000,
        "comprehensiveincomenetoftaxincludingportionattributabletononcontrollinginterest": 29923000,
        "comprehensiveincomenetoftax": 29410000,
        "treasurystockvalueacquiredcostmethod": 0,
        "stockissuedduringperiodvaluesharebasedcompensation": -2294000,
        "stockissuedduringperiodvalueemployeestockpurchaseplan": 556000,
        "adjustmentstoadditionalpaidincapitalsharebasedcompensationrequisiteserviceperiodrecognitionvalue": 1001000,
        "othercomprehensiveincomedefinedbenefitplanstax": 200000,
        "adjustmentstoadditionalpaidincapitaltaxeffectfromsharebasedcompensation": 0
    },
    {
        "date": "2011-03-30",
        "symbol": "EME",
        "period": "Q1",
        "salesrevenuenet": 1312231000,
        "costofgoodsandservicessold": 1149261000,
        "grossprofit": 162970000,
        "sellinggeneralandadministrativeexpense": 119671000,
        "restructuringcharges": 961000,
        "operatingincomeloss": 42338000,
        "interestexpense": 2746000,
        "investmentincomeinterest": 562000,
        "incomelossfromcontinuingoperationsbeforeincometaxesminorityinterestandincomelossfromequitymethodinvestments": 40154000,
        "incometaxexpensebenefit": 14778000,
        "profitloss": 782000,
        "netincomelossattributabletononcontrollinginterest": 782000,
        "netincomeloss": 24594000,
        "earningspersharebasic": 0.37,
        "earningspersharediluted": 0.36,
        "othercomprehensiveincomedefinedbenefitplanstax": 100000,
        "adjustmentstoadditionalpaidincapitaltaxeffectfromsharebasedcompensation": 800000,
        "stockholdersequityincludingportionattributabletononcontrollinginterest": -40370000,
        "othercomprehensiveincomeforeigncurrencytransactionandtranslationadjustmentnetoftaxperiodincreasedecrease": 1720000,
        "othercomprehensiveincomedefinedbenefitplansadjustmentnetoftaxperiodincreasedecrease": 321000,
        "comprehensiveincomenetoftaxincludingportionattributabletononcontrollinginterest": 27417000,
        "comprehensiveincomenetoftax": 26635000,
        "treasurystockvalueacquiredcostmethod": 1255000,
        "stockissuedduringperiodvaluesharebasedcompensation": 2356000,
        "stockissuedduringperiodvalueemployeestockpurchaseplan": 579000,
        "adjustmentstoadditionalpaidincapitalsharebasedcompensationrequisiteserviceperiodrecognitionvalue": 1504000
    },
    {
        "date": "2010-06-29",
        "symbol": "EME",
        "period": "Q2",
        "salesrevenuenet": 1275649000,
        "costofgoodsandservicessold": 1099250000,
        "grossprofit": 176399000,
        "sellinggeneralandadministrativeexpense": 120725000,
        "restructuringcharges": 797000,
        "impairmentofintangibleassetsindefinitelivedexcludinggoodwill": 19929000,
        "operatingincomeloss": 34948000,
        "interestexpense": 3053000,
        "investmentincomeinterest": 680000,
        "equitymethodinvestmentrealizedgainlossondisposal": 7900000,
        "incomelossfromcontinuingoperationsbeforeincometaxesminorityinterestandincomelossfromequitymethodinvestments": 40475000,
        "incometaxexpensebenefit": 11919000,
        "profitloss": 28556000,
        "netincomelossattributabletononcontrollinginterest": 1415000,
        "netincomeloss": 27141000,
        "earningspersharebasic": 0.41,
        "earningspersharediluted": 0.4
    }
]