[
    {
        "date": "2024-06-29",
        "symbol": "FICO",
        "period": "Q3",
        "revenuefromcontractwithcustomerexcludingassessedtax": 183785000,
        "costofrevenue": 88225000,
        "researchanddevelopmentexpense": 44217000,
        "sellinggeneralandadministrativeexpense": 124881000,
        "amortizationofintangibleassets": 275000,
        "costsandexpenses": 257598000,
        "operatingincomeloss": 190251000,
        "interestexpense": 26868000,
        "othernonoperatingincomeexpense": 3935000,
        "incomelossfromcontinuingoperationsbeforeincometaxesextraordinaryitemsnoncontrollinginterest": 167318000,
        "incometaxexpensebenefit": 41062000,
        "netincomeloss": 126256000,
        "othercomprehensiveincomelossforeigncurrencytransactionandtranslationadjustmentnetoftax": -4098000,
        "comprehensiveincomenetoftax": 122158000,
        "earningspersharebasic": 5.12,
        "earningspersharediluted": 5.05,
        "weightedaveragenumberofsharesoutstandingbasic": 24646000,
        "weightedaveragenumberofdilutedsharesoutstanding": 25015000
    },
    {
        "date": "2023-12-30",
        "symbol": "FICO",
        "period": "Q1",
        "revenuefromcontractwithcustomerexcludingassessedtax": 168668000,
        "costofrevenue": 83461000,
        "researchanddevelopmentexpense": 42635000,
        "sellinggeneralandadministrativeexpense": 104329000,
        "amortizationofintangibleassets": 275000,
        "costsandexpenses": 230700000,
        "operatingincomeloss": 151359000,
        "interestexpense": 24162000,
        "othernonoperatingincomeexpense": 3393000,
        "incomelossfromcontinuingoperationsbeforeincometaxesextraordinaryitemsnoncontrollinginterest": 130590000,
        "incometaxexpensebenefit": 9525000,
        "netincomeloss": 121065000,
        "othercomprehensiveincomelossforeigncurrencytransactionandtranslationadjustmentnetoftax": 8703000,
        "comprehensiveincomenetoftax": 129768000,
        "earningspersharebasic": 4.89,
        "earningspersharediluted": 4.8,
        "weightedaveragenumberofsharesoutstandingbasic": 24764000,
        "weightedaveragenumberofdilutedsharesoutstanding": 25219000
    },
    {
        "date": "2023-03-30",
        "symbol": "FICO",
        "period": "Q2",
        "revenuefromcontractwithcustomerexcludingassessedtax": 154584000,
        "costofrevenue": 79806000,
        "researchanddevelopmentexpense": 40266000,
        "sellinggeneralandadministrativeexpense": 100158000,
        "amortizationofintangibleassets": 275000,
        "costsandexpenses": 220505000,
        "operatingincomeloss": 159761000,
        "interestexpense": 23897000,
        "othernonoperatingincomeexpense": 1605000,
        "incomelossfromcontinuingoperationsbeforeincometaxesextraordinaryitemsnoncontrollinginterest": 137469000,
        "incometaxexpensebenefit": 35919000,
        "netincomeloss": 101550000,
        "othercomprehensiveincomelossforeigncurrencytransactionandtranslationadjustmentnetoftax": 6552000,
        "comprehensiveincomenetoftax": 108102000,
        "earningspersharebasic": 4.040000000000001,
        "earningspersharediluted": 3.99,
        "weightedaveragenumberofsharesoutstandingbasic": 35000,
        "weightedaveragenumberofdilutedsharesoutstanding": -12000,
        "gainlossonproductlineassetsale": 0
    },
    {
        "date": "2022-12-30",
        "symbol": "FICO",
        "period": "Q1",
        "revenuefromcontractwithcustomerexcludingassessedtax": 144560000,
        "costofrevenue": 76569000,
        "researchanddevelopmentexpense": 36633000,
        "sellinggeneralandadministrativeexpense": 92995000,
        "amortizationofintangibleassets": 275000,
        "costsandexpenses": 204531000,
        "operatingincomeloss": 140339000,
        "interestexpense": 22800000,
        "othernonoperatingincomeexpense": 364000,
        "incomelossfromcontinuingoperationsbeforeincometaxesextraordinaryitemsnoncontrollinginterest": 117903000,
        "incometaxexpensebenefit": 20260000,
        "netincomeloss": 97643000,
        "othercomprehensiveincomelossforeigncurrencytransactionandtranslationadjustmentnetoftax": 18381000,
        "comprehensiveincomenetoftax": 116024000,
        "earningspersharebasic": 3.9,
        "earningspersharediluted": 3.84,
        "weightedaveragenumberofsharesoutstandingbasic": 25045000,
        "weightedaveragenumberofdilutedsharesoutstanding": 25443000,
        "gainlossonproductlineassetsale": 1941000
    },
    {
        "date": "2022-06-29",
        "symbol": "FICO",
        "period": "Q3",
        "revenuefromcontractwithcustomerexcludingassessedtax": 142537000,
        "costofrevenue": 78691000,
        "researchanddevelopmentexpense": 35880000,
        "sellinggeneralandadministrativeexpense": 93248000,
        "amortizationofintangibleassets": 532000,
        "costsandexpenses": 208351000,
        "operatingincomeloss": 140615000,
        "interestexpense": 18721000,
        "othernonoperatingincomeexpense": -1000000,
        "incomelossfromcontinuingoperationsbeforeincometaxesextraordinaryitemsnoncontrollinginterest": 120894000,
        "incometaxexpensebenefit": 27394000,
        "netincomeloss": 93500000,
        "othercomprehensiveincomelossforeigncurrencytransactionandtranslationadjustmentnetoftax": -22496000,
        "comprehensiveincomenetoftax": 71004000,
        "earningspersharebasic": 3.65,
        "earningspersharediluted": 3.61,
        "weightedaveragenumberofsharesoutstandingbasic": 25634000,
        "weightedaveragenumberofdilutedsharesoutstanding": 25867000
    },
    {
        "date": "2022-03-30",
        "symbol": "FICO",
        "period": "Q2",
        "revenuefromcontractwithcustomerexcludingassessedtax": 149088000,
        "costofrevenue": 71794000,
        "researchanddevelopmentexpense": 36387000,
        "sellinggeneralandadministrativeexpense": 96414000,
        "amortizationofintangibleassets": 543000,
        "costsandexpenses": 205138000,
        "operatingincomeloss": 152057000,
        "interestexpense": 17211000,
        "othernonoperatingincomeexpense": -2361000,
        "incomelossfromcontinuingoperationsbeforeincometaxesextraordinaryitemsnoncontrollinginterest": 132485000,
        "incometaxexpensebenefit": 28102000,
        "netincomeloss": 104383000,
        "othercomprehensiveincomelossforeigncurrencytransactionandtranslationadjustmentnetoftax": -3207000,
        "comprehensiveincomenetoftax": 101176000,
        "earningspersharebasic": 3.99,
        "earningspersharediluted": 3.95,
        "weightedaveragenumberofsharesoutstandingbasic": 26145000,
        "weightedaveragenumberofdilutedsharesoutstanding": 26421000
    },
    {
        "date": "2021-12-30",
        "symbol": "FICO",
        "period": "Q1",
        "revenuefromcontractwithcustomerexcludingassessedtax": 126338000,
        "costofrevenue": 69203000,
        "researchanddevelopmentexpense": 38980000,
        "sellinggeneralandadministrativeexpense": 98048000,
        "amortizationofintangibleassets": 544000,
        "costsandexpenses": 206775000,
        "operatingincomeloss": 115586000,
        "interestexpense": 12195000,
        "othernonoperatingincomeexpense": 1429000,
        "incomelossfromcontinuingoperationsbeforeincometaxesextraordinaryitemsnoncontrollinginterest": 104820000,
        "incometaxexpensebenefit": 19861000,
        "netincomeloss": 84959000,
        "othercomprehensiveincomelossforeigncurrencytransactionandtranslationadjustmentnetoftax": -2138000,
        "comprehensiveincomenetoftax": 82821000,
        "earningspersharebasic": 3.13,
        "earningspersharediluted": 3.09,
        "weightedaveragenumberofsharesoutstandingbasic": 27167000,
        "weightedaveragenumberofdilutedsharesoutstanding": 27524000
    },
    {
        "date": "2021-06-29",
        "symbol": "FICO",
        "period": "Q3",
        "revenuefromcontractwithcustomerexcludingassessedtax": 288078000,
        "costofrevenue": 82240000,
        "researchanddevelopmentexpense": 45826000,
        "sellinggeneralandadministrativeexpense": 107729000,
        "amortizationofintangibleassets": 810000,
        "gainlossonsaleofbusiness": 92805000,
        "costsandexpenses": 143800000,
        "operatingincomeloss": 194384000,
        "interestexpense": 10018000,
        "othernonoperatingincomeexpense": 3526000,
        "incomelossfromcontinuingoperationsbeforeincometaxesminorityinterestandincomelossfromequitymethodinvestments": 187892000,
        "incometaxexpensebenefit": 36694000,
        "netincomeloss": 151198000,
        "othercomprehensiveincomelossforeigncurrencytransactionandtranslationadjustmentnetoftax": 4243000,
        "comprehensiveincomenetoftax": 155441000,
        "earningspersharebasic": 5.27,
        "earningspersharediluted": 5.18,
        "weightedaveragenumberofsharesoutstandingbasic": 28687000,
        "weightedaveragenumberofdilutedsharesoutstanding": 29195000
    },
    {
        "date": "2020-12-30",
        "symbol": "FICO",
        "period": "Q1",
        "revenuefromcontractwithcustomerexcludingassessedtax": 252150000,
        "costofrevenue": 89528000,
        "researchanddevelopmentexpense": 40651000,
        "sellinggeneralandadministrativeexpense": 93911000,
        "amortizationofintangibleassets": 937000,
        "gainlossondispositionofassets1": 7334000,
        "costsandexpenses": 217693000,
        "operatingincomeloss": 94721000,
        "interestexpense": 9641000,
        "othernonoperatingincomeexpense": 2880000,
        "incomelossfromcontinuingoperationsbeforeincometaxesminorityinterestandincomelossfromequitymethodinvestments": 87960000,
        "incometaxexpensebenefit": 1468000,
        "netincomeloss": 86492000,
        "othercomprehensiveincomelossforeigncurrencytransactionandtranslationadjustmentnetoftax": 17048000,
        "comprehensiveincomenetoftax": 103540000,
        "earningspersharebasic": 2.97,
        "earningspersharediluted": 2.9,
        "weightedaveragenumberofsharesoutstandingbasic": 29127000,
        "weightedaveragenumberofdilutedsharesoutstanding": 29789000
    },
    {
        "date": "2020-06-29",
        "symbol": "FICO",
        "period": "Q3",
        "revenuefromcontractwithcustomerexcludingassessedtax": 50988000,
        "costofrevenue": 88569000,
        "researchanddevelopmentexpense": 41411000,
        "sellinggeneralandadministrativeexpense": 99832000,
        "amortizationofintangibleassets": -704000,
        "costsandexpenses": 202815000,
        "operatingincomeloss": 110916000,
        "interestexpense": 11223000,
        "othernonoperatingincomeexpense": 4560000,
        "incomelossfromcontinuingoperationsbeforeincometaxesminorityinterestandincomelossfromequitymethodinvestments": 76208000,
        "incometaxexpensebenefit": 12132000,
        "netincomeloss": 64076000,
        "othercomprehensiveincomelossforeigncurrencytransactionandtranslationadjustmentnetoftax": 832000,
        "comprehensiveincomenetoftax": 64908000,
        "earningspersharebasic": 2.21,
        "earningspersharediluted": 2.16,
        "weightedaveragenumberofsharesoutstandingbasic": -34000,
        "weightedaveragenumberofdilutedsharesoutstanding": -110000
    },
    {
        "date": "2020-03-30",
        "symbol": "FICO",
        "period": "Q2",
        "revenuefromcontractwithcustomerexcludingassessedtax": 436543000,
        "costofrevenue": 88139000,
        "researchanddevelopmentexpense": 39439000,
        "sellinggeneralandadministrativeexpense": 103465000,
        "amortizationofintangibleassets": 2954000,
        "restructuringandacquisitionrelatedcost": 0,
        "costsandexpenses": 260290000,
        "operatingincomeloss": 47681000,
        "interestexpense": 11254000,
        "othernonoperatingincomeexpense": -2008000,
        "incomelossfromcontinuingoperationsbeforeincometaxesminorityinterestandincomelossfromequitymethodinvestments": 62464000,
        "incometaxexpensebenefit": 4176000,
        "netincomeloss": 58288000,
        "othercomprehensiveincomelossforeigncurrencytransactionandtranslationadjustmentnetoftax": -19056000,
        "comprehensiveincomenetoftax": 39232000,
        "earningspersharebasic": 2,
        "earningspersharediluted": 1.9399999999999997,
        "weightedaveragenumberofsharesoutstandingbasic": 84000,
        "weightedaveragenumberofdilutedsharesoutstanding": -93000
    },
    {
        "date": "2019-12-30",
        "symbol": "FICO",
        "period": "Q1",
        "revenuefromcontractwithcustomerexcludingassessedtax": 220374000,
        "costofrevenue": 90758000,
        "researchanddevelopmentexpense": 38943000,
        "sellinggeneralandadministrativeexpense": 112021000,
        "amortizationofintangibleassets": 1796000,
        "restructuringandacquisitionrelatedcost": 3104000,
        "costsandexpenses": 246622000,
        "operatingincomeloss": 51882000,
        "interestexpense": 9768000,
        "othernonoperatingincomeexpense": -219000,
        "incomelossfromcontinuingoperationsbeforeincometaxesminorityinterestandincomelossfromequitymethodinvestments": 41895000,
        "incometaxexpensebenefit": -13026000,
        "netincomeloss": 54921000,
        "othercomprehensiveincomelossforeigncurrencytransactionandtranslationadjustmentnetoftax": 14092000,
        "comprehensiveincomenetoftax": 69013000,
        "earningspersharebasic": 1.89,
        "earningspersharediluted": 1.82,
        "weightedaveragenumberofsharesoutstandingbasic": 29025000,
        "weightedaveragenumberofdilutedsharesoutstanding": 30169000
    },
    {
        "date": "2019-09-29",
        "symbol": "FICO",
        "period": "Q4",
        "revenuefromcontractwithcustomerexcludingassessedtax": 337446000,
        "costofrevenue": 87996000,
        "researchanddevelopmentexpense": 39396000,
        "sellinggeneralandadministrativeexpense": 105992000,
        "amortizationofintangibleassets": 1673000,
        "costsandexpenses": 235057000,
        "operatingincomeloss": 70287000,
        "interestexpense": 9957000,
        "othernonoperatingincomeexpense": 558000,
        "incomelossfromcontinuingoperationsbeforeincometaxesminorityinterestandincomelossfromequitymethodinvestments": 60888000,
        "incometaxexpensebenefit": 6304000,
        "netincomeloss": 54584000,
        "othercomprehensiveincomelossforeigncurrencytransactionandtranslationadjustmentnetoftax": -9135000,
        "comprehensiveincomenetoftax": 45449000,
        "earningspersharebasic": 1.8900000000000001,
        "weightedaveragenumberofsharesoutstandingbasic": -58022000,
        "earningspersharediluted": 1.7999999999999996,
        "weightedaveragenumberofdilutedsharesoutstanding": -60593000
    },
    {
        "date": "2019-06-29",
        "symbol": "FICO",
        "period": "Q3",
        "revenuefromcontractwithcustomerexcludingassessedtax": 226040000,
        "costofrevenue": 87215000,
        "researchanddevelopmentexpense": 36972000,
        "sellinggeneralandadministrativeexpense": 102906000,
        "amortizationofintangibleassets": 1448000,
        "costsandexpenses": 228541000,
        "operatingincomeloss": 85708000,
        "interestexpense": 10111000,
        "othernonoperatingincomeexpense": 2457000,
        "incomelossfromcontinuingoperationsbeforeincometaxesminorityinterestandincomelossfromequitymethodinvestments": 78054000,
        "incometaxexpensebenefit": 13902000,
        "netincomeloss": 64152000,
        "othercomprehensiveincomelossforeigncurrencytransactionandtranslationadjustmentnetoftax": -4189000,
        "comprehensiveincomenetoftax": 59963000,
        "earningspersharebasic": 2.21,
        "earningspersharediluted": 2.12,
        "weightedaveragenumberofsharesoutstandingbasic": 28967000,
        "weightedaveragenumberofdilutedsharesoutstanding": 30292000
    },
    {
        "date": "2019-03-30",
        "symbol": "FICO",
        "period": "Q2",
        "revenuefromcontractwithcustomerexcludingassessedtax": 211779000,
        "costofrevenue": 85568000,
        "researchanddevelopmentexpense": 37684000,
        "sellinggeneralandadministrativeexpense": 104930000,
        "amortizationofintangibleassets": 1503000,
        "costsandexpenses": 229685000,
        "operatingincomeloss": 48549000,
        "interestexpense": 10008000,
        "othernonoperatingincomeexpense": 1433000,
        "incomelossfromcontinuingoperationsbeforeincometaxesminorityinterestandincomelossfromequitymethodinvestments": 39974000,
        "incometaxexpensebenefit": 6593000,
        "netincomeloss": 33381000,
        "othercomprehensiveincomelossforeigncurrencytransactionandtranslationadjustmentnetoftax": 2925000,
        "comprehensiveincomenetoftax": 36306000,
        "earningspersharebasic": 1.15,
        "earningspersharediluted": 1.1,
        "weightedaveragenumberofsharesoutstandingbasic": 29074000,
        "weightedaveragenumberofdilutedsharesoutstanding": 30259000
    },
    {
        "date": "2018-12-30",
        "symbol": "FICO",
        "period": "Q1",
        "revenuefromcontractwithcustomerexcludingassessedtax": 85683000,
        "costofrevenue": 76066000,
        "researchanddevelopmentexpense": 35426000,
        "sellinggeneralandadministrativeexpense": 100258000,
        "amortizationofintangibleassets": 1502000,
        "costsandexpenses": 213252000,
        "operatingincomeloss": 49004000,
        "interestexpense": 9676000,
        "othernonoperatingincomeexpense": -2172000,
        "incomelossfromcontinuingoperationsbeforeincometaxesminorityinterestandincomelossfromequitymethodinvestments": 37156000,
        "incometaxexpensebenefit": -2851000,
        "netincomeloss": 40007000,
        "othercomprehensiveincomelossforeigncurrencytransactionandtranslationadjustmentnetoftax": -3265000,
        "comprehensiveincomenetoftax": 36742000,
        "earningspersharebasic": 1.38,
        "earningspersharediluted": 1.32,
        "weightedaveragenumberofsharesoutstandingbasic": 28961000,
        "weightedaveragenumberofdilutedsharesoutstanding": 30336000
    },
    {
        "date": "2018-09-29",
        "symbol": "FICO",
        "period": "Q4",
        "costofrevenue": 79431000,
        "researchanddevelopmentexpense": 34407000,
        "sellinggeneralandadministrativeexpense": 94324000,
        "amortizationofintangibleassets": 414000,
        "costsandexpenses": -164725000,
        "operatingincomeloss": 92037000,
        "interestexpense": 9512000,
        "othernonoperatingincomeexpense": 10944000,
        "incomelossfromcontinuingoperationsbeforeincometaxesminorityinterestandincomelossfromequitymethodinvestments": 71510000,
        "incometaxexpensebenefit": 21030000,
        "netincomeloss": 50480000,
        "othercomprehensiveincomelossforeigncurrencytransactionandtranslationadjustmentnetoftax": -3313000,
        "comprehensiveincomenetoftax": 47167000,
        "earningspersharebasic": 1.71,
        "weightedaveragenumberofsharesoutstandingbasic": -60060000,
        "earningspersharediluted": 1.6400000000000001,
        "weightedaveragenumberofdilutedsharesoutstanding": -62842000
    },
    {
        "date": "2018-06-29",
        "symbol": "FICO",
        "period": "Q3",
        "transactionalandmaintenancerevenue": 90716000,
        "technologyservicesrevenue": 505000,
        "licensesrevenue": 884000,
        "salesrevenuenet": 92105000,
        "costofrevenue": 78390000,
        "researchanddevelopmentexpense": 32483000,
        "sellinggeneralandadministrativeexpense": 98685000,
        "amortizationofintangibleassets": 943000,
        "costsandexpenses": 16374000,
        "operatingincomeloss": 75731000,
        "interestexpense": 8223000,
        "othernonoperatingincomeexpense": 1588000,
        "incomelossfromcontinuingoperationsbeforeincometaxesminorityinterestandincomelossfromequitymethodinvestments": 41741000,
        "incometaxexpensebenefit": 9380000,
        "netincomeloss": 32361000,
        "othercomprehensiveincomelossforeigncurrencytransactionandtranslationadjustmentnetoftax": -18796000,
        "comprehensiveincomenetoftax": 13565000,
        "earningspersharebasic": 1.09,
        "earningspersharediluted": 1.04,
        "weightedaveragenumberofsharesoutstandingbasic": 29708000,
        "weightedaveragenumberofdilutedsharesoutstanding": 31161000
    },
    {
        "date": "2018-03-30",
        "symbol": "FICO",
        "period": "Q2",
        "transactionalandmaintenancerevenue": 85644000,
        "technologyservicesrevenue": 682000,
        "licensesrevenue": 1584000,
        "salesrevenuenet": 87910000,
        "costofrevenue": 78519000,
        "researchanddevelopmentexpense": 32519000,
        "sellinggeneralandadministrativeexpense": 97057000,
        "amortizationofintangibleassets": 1069000,
        "costsandexpenses": 16411000,
        "operatingincomeloss": 71499000,
        "interestexpense": 7116000,
        "othernonoperatingincomeexpense": -161000,
        "incomelossfromcontinuingoperationsbeforeincometaxesminorityinterestandincomelossfromequitymethodinvestments": 40802000,
        "incometaxexpensebenefit": 8527000,
        "netincomeloss": 32275000,
        "othercomprehensiveincomelossforeigncurrencytransactionandtranslationadjustmentnetoftax": 9125000,
        "comprehensiveincomenetoftax": 41400000,
        "earningspersharebasic": 1.08,
        "earningspersharediluted": 1.03,
        "weightedaveragenumberofsharesoutstandingbasic": 29985000,
        "weightedaveragenumberofdilutedsharesoutstanding": 31300000
    },
    {
        "date": "2017-12-30",
        "symbol": "FICO",
        "period": "Q1",
        "transactionalandmaintenancerevenue": 174662000,
        "technologyservicesrevenue": 42626000,
        "licensesrevenue": 18033000,
        "salesrevenuenet": 235321000,
        "costofrevenue": 74359000,
        "researchanddevelopmentexpense": 28974000,
        "sellinggeneralandadministrativeexpense": 90296000,
        "amortizationofintangibleassets": 1788000,
        "costsandexpenses": 195417000,
        "operatingincomeloss": 39904000,
        "interestexpense": 6460000,
        "othernonoperatingincomeexpense": 513000,
        "incomelossfromcontinuingoperationsbeforeincometaxesminorityinterestandincomelossfromequitymethodinvestments": 33957000,
        "incometaxexpensebenefit": 6658000,
        "netincomeloss": 27299000,
        "othercomprehensiveincomelossforeigncurrencytransactionandtranslationadjustmentnetoftax": 3071000,
        "comprehensiveincomenetoftax": 30370000,
        "earningspersharebasic": 0.91,
        "earningspersharediluted": 0.86,
        "weightedaveragenumberofsharesoutstandingbasic": 30078000,
        "weightedaveragenumberofdilutedsharesoutstanding": 31561000
    },
    {
        "date": "2017-06-29",
        "symbol": "FICO",
        "period": "Q3",
        "transactionalandmaintenancerevenue": 68376000,
        "technologyservicesrevenue": 487000,
        "licensesrevenue": 651000,
        "salesrevenuenet": 69514000,
        "costofrevenue": 69793000,
        "researchanddevelopmentexpense": 27839000,
        "sellinggeneralandadministrativeexpense": 84089000,
        "amortizationofintangibleassets": 1642000,
        "restructuringandacquisitionrelatedcost": 4471000,
        "costsandexpenses": 14013000,
        "operatingincomeloss": 55501000,
        "interestexpense": 6653000,
        "othernonoperatingincomeexpense": 555000,
        "incomelossfromcontinuingoperationsbeforeincometaxesminorityinterestandincomelossfromequitymethodinvestments": 35331000,
        "incometaxexpensebenefit": 10104000,
        "netincomeloss": 25227000,
        "othercomprehensiveincomelossforeigncurrencytransactionandtranslationadjustmentnetoftax": 10395000,
        "comprehensiveincomenetoftax": 35622000,
        "earningspersharebasic": 0.82,
        "earningspersharediluted": 0.78,
        "weightedaveragenumberofsharesoutstandingbasic": 30914000,
        "weightedaveragenumberofdilutedsharesoutstanding": 32224000
    },
    {
        "date": "2017-03-30",
        "symbol": "FICO",
        "period": "Q2",
        "transactionalandmaintenancerevenue": 63628000,
        "technologyservicesrevenue": 994000,
        "licensesrevenue": 811000,
        "salesrevenuenet": 65433000,
        "costofrevenue": 72131000,
        "researchanddevelopmentexpense": 26663000,
        "sellinggeneralandadministrativeexpense": 86231000,
        "amortizationofintangibleassets": 1625000,
        "costsandexpenses": 14484000,
        "operatingincomeloss": 50949000,
        "interestexpense": 6578000,
        "othernonoperatingincomeexpense": -327000,
        "incomelossfromcontinuingoperationsbeforeincometaxesminorityinterestandincomelossfromequitymethodinvestments": 33136000,
        "incometaxexpensebenefit": 8052000,
        "netincomeloss": 25084000,
        "othercomprehensiveincomelossforeigncurrencytransactionandtranslationadjustmentnetoftax": 6089000,
        "comprehensiveincomenetoftax": 31173000,
        "earningspersharebasic": 0.81,
        "earningspersharediluted": 0.78,
        "weightedaveragenumberofsharesoutstandingbasic": 31017000,
        "weightedaveragenumberofdilutedsharesoutstanding": 32260000
    },
    {
        "date": "2016-12-30",
        "symbol": "FICO",
        "period": "Q1",
        "transactionalandmaintenancerevenue": 153660000,
        "technologyservicesrevenue": 43543000,
        "licensesrevenue": 22397000,
        "salesrevenuenet": 219600000,
        "costofrevenue": 69997000,
        "researchanddevelopmentexpense": 26142000,
        "sellinggeneralandadministrativeexpense": 85214000,
        "amortizationofintangibleassets": 3320000,
        "costsandexpenses": 184673000,
        "operatingincomeloss": 34927000,
        "interestexpense": 6172000,
        "othernonoperatingincomeexpense": -100000,
        "incomelossfromcontinuingoperationsbeforeincometaxesminorityinterestandincomelossfromequitymethodinvestments": 28655000,
        "incometaxexpensebenefit": -9246000,
        "netincomeloss": 37901000,
        "othercomprehensiveincomelossforeigncurrencytransactionandtranslationadjustmentnetoftax": -14347000,
        "comprehensiveincomenetoftax": 23554000,
        "earningspersharebasic": 1.22,
        "earningspersharediluted": 1.16,
        "weightedaveragenumberofsharesoutstandingbasic": 30989000,
        "weightedaveragenumberofdilutedsharesoutstanding": 32536000
    },
    {
        "date": "2016-06-29",
        "symbol": "FICO",
        "period": "Q3",
        "transactionalandmaintenancerevenue": 11180000,
        "technologyservicesrevenue": 6922000,
        "licensesrevenue": 17981000,
        "salesrevenuenet": 36083000,
        "costofrevenue": 66384000,
        "researchanddevelopmentexpense": 26417000,
        "sellinggeneralandadministrativeexpense": 87172000,
        "amortizationofintangibleassets": 1681000,
        "costsandexpenses": 30476000,
        "operatingincomeloss": 5607000,
        "interestexpense": 6781000,
        "othernonoperatingincomeexpense": 1752000,
        "incomelossfromcontinuingoperationsbeforeincometaxesminorityinterestandincomelossfromequitymethodinvestments": 50290000,
        "incometaxexpensebenefit": 15303000,
        "netincomeloss": 34987000,
        "othercomprehensiveincomelossforeigncurrencytransactionandtranslationadjustmentnetoftax": -14156000,
        "comprehensiveincomenetoftax": 20831000,
        "earningspersharebasic": 1.12,
        "earningspersharediluted": 1.08,
        "weightedaveragenumberofsharesoutstandingbasic": 31149000,
        "weightedaveragenumberofdilutedsharesoutstanding": 32313000
    },
    {
        "date": "2016-03-30",
        "symbol": "FICO",
        "period": "Q2",
        "transactionalandmaintenancerevenue": 10727000,
        "technologyservicesrevenue": 6511000,
        "licensesrevenue": 6407000,
        "salesrevenuenet": 23645000,
        "costofrevenue": 62298000,
        "researchanddevelopmentexpense": 24848000,
        "sellinggeneralandadministrativeexpense": 77501000,
        "amortizationofintangibleassets": 1667000,
        "costsandexpenses": 27120000,
        "operatingincomeloss": -3475000,
        "interestexpense": 6815000,
        "othernonoperatingincomeexpense": 435000,
        "incomelossfromcontinuingoperationsbeforeincometaxesminorityinterestandincomelossfromequitymethodinvestments": 32144000,
        "incometaxexpensebenefit": 9028000,
        "netincomeloss": 23116000,
        "othercomprehensiveincomelossforeigncurrencytransactionandtranslationadjustmentnetoftax": -905000,
        "comprehensiveincomenetoftax": 22211000,
        "earningspersharebasic": 0.74,
        "earningspersharediluted": 0.72,
        "weightedaveragenumberofsharesoutstandingbasic": 31268000,
        "weightedaveragenumberofdilutedsharesoutstanding": 32262000
    },
    {
        "date": "2015-12-30",
        "symbol": "FICO",
        "period": "Q1",
        "transactionalandmaintenancerevenue": 147072000,
        "technologyservicesrevenue": 34152000,
        "licensesrevenue": 18852000,
        "salesrevenuenet": 200076000,
        "costofrevenue": 62193000,
        "researchanddevelopmentexpense": 24631000,
        "sellinggeneralandadministrativeexpense": 78838000,
        "amortizationofintangibleassets": 3580000,
        "costsandexpenses": 169242000,
        "operatingincomeloss": 30834000,
        "interestexpense": 6724000,
        "othernonoperatingincomeexpense": -334000,
        "incomelossfromcontinuingoperationsbeforeincometaxesminorityinterestandincomelossfromequitymethodinvestments": 23776000,
        "incometaxexpensebenefit": 4535000,
        "netincomeloss": 19241000,
        "othercomprehensiveincomelossforeigncurrencytransactionandtranslationadjustmentnetoftax": -6119000,
        "comprehensiveincomenetoftax": 13122000,
        "earningspersharebasic": 0.62,
        "earningspersharediluted": 0.59,
        "weightedaveragenumberofsharesoutstandingbasic": 31185000,
        "weightedaveragenumberofdilutedsharesoutstanding": 32436000
    },
    {
        "date": "2015-06-29",
        "symbol": "FICO",
        "period": "Q3",
        "transactionalandmaintenancerevenue": 10709000,
        "technologyservicesrevenue": 6374000,
        "licensesrevenue": 9395000,
        "salesrevenuenet": 26478000,
        "costofrevenue": 66202000,
        "researchanddevelopmentexpense": 25610000,
        "sellinggeneralandadministrativeexpense": 74645000,
        "amortizationofintangibleassets": 1680000,
        "restructuringandacquisitionrelatedcost": 2256000,
        "costsandexpenses": 20773000,
        "operatingincomeloss": -20773000,
        "interestexpense": 7360000,
        "othernonoperatingincomeexpense": 770000,
        "incomelossfromcontinuingoperationsbeforeincometaxesminorityinterestandincomelossfromequitymethodinvestments": 30464000,
        "incometaxexpensebenefit": 10558000,
        "netincomeloss": 19906000,
        "othercomprehensiveincomelossforeigncurrencytransactionandtranslationadjustmentnetoftax": 12779000,
        "comprehensiveincomenetoftax": 32685000,
        "earningspersharebasic": 0.64,
        "earningspersharediluted": 0.62,
        "weightedaveragenumberofsharesoutstandingbasic": 31118000,
        "weightedaveragenumberofdilutedsharesoutstanding": 32363000
    },
    {
        "date": "2015-03-30",
        "symbol": "FICO",
        "period": "Q2",
        "transactionalandmaintenancerevenue": 10554000,
        "technologyservicesrevenue": 5988000,
        "licensesrevenue": 6242000,
        "salesrevenuenet": 22784000,
        "costofrevenue": 70991000,
        "researchanddevelopmentexpense": 24341000,
        "sellinggeneralandadministrativeexpense": 73863000,
        "amortizationofintangibleassets": 1614000,
        "costsandexpenses": 19753000,
        "operatingincomeloss": -19753000,
        "interestexpense": 7718000,
        "othernonoperatingincomeexpense": -648000,
        "incomelossfromcontinuingoperationsbeforeincometaxesminorityinterestandincomelossfromequitymethodinvestments": 26033000,
        "incometaxexpensebenefit": 7163000,
        "netincomeloss": 18870000,
        "othercomprehensiveincomelossforeigncurrencytransactionandtranslationadjustmentnetoftax": -19068000,
        "comprehensiveincomenetoftax": -198000,
        "earningspersharebasic": 0.6,
        "earningspersharediluted": 0.58,
        "weightedaveragenumberofsharesoutstandingbasic": 31335000,
        "weightedaveragenumberofdilutedsharesoutstanding": 32448000
    },
    {
        "date": "2014-12-30",
        "symbol": "FICO",
        "period": "Q1",
        "transactionalandmaintenancerevenue": 9922000,
        "technologyservicesrevenue": 5911000,
        "licensesrevenue": 14278000,
        "salesrevenuenet": 30111000,
        "costofrevenue": 66300000,
        "researchanddevelopmentexpense": 22637000,
        "sellinggeneralandadministrativeexpense": 72801000,
        "amortizationofintangibleassets": 2932000,
        "costsandexpenses": 164670000,
        "operatingincomeloss": 24880000,
        "interestexpense": 7205000,
        "othernonoperatingincomeexpense": 649000,
        "incomelossfromcontinuingoperationsbeforeincometaxesminorityinterestandincomelossfromequitymethodinvestments": 18324000,
        "incometaxexpensebenefit": 3917000,
        "netincomeloss": 14407000,
        "othercomprehensiveincomelossforeigncurrencytransactionandtranslationadjustmentnetoftax": -11451000,
        "comprehensiveincomenetoftax": 2956000,
        "earningspersharebasic": 0.45,
        "earningspersharediluted": 0.43,
        "weightedaveragenumberofsharesoutstandingbasic": 31936000,
        "weightedaveragenumberofdilutedsharesoutstanding": 33128000
    },
    {
        "date": "2014-06-29",
        "symbol": "FICO",
        "period": "Q3",
        "transactionalandmaintenancerevenue": 78915000,
        "technologyservicesrevenue": 31898000,
        "licensesrevenue": 7339000,
        "salesrevenuenet": 22424000,
        "costofrevenue": 62752000,
        "researchanddevelopmentexpense": 23240000,
        "sellinggeneralandadministrativeexpense": 71557000,
        "amortizationofintangibleassets": 1139000,
        "restructuringandacquisitionrelatedcost": 621000,
        "costsandexpenses": 148204000,
        "operatingincomeloss": 43443000,
        "investmentincomeinterest": 13000,
        "interestexpense": 7064000,
        "othernonoperatingincomeexpense": 931000,
        "incomelossfromcontinuingoperationsbeforeincometaxesminorityinterestandincomelossfromequitymethodinvestments": 30301000,
        "incometaxexpensebenefit": 9753000,
        "netincomeloss": 20548000,
        "othercomprehensiveincomelossforeigncurrencytransactionandtranslationadjustmentnetoftax": 5705000,
        "comprehensiveincomenetoftax": 26253000,
        "earningspersharebasic": 0.6,
        "earningspersharediluted": 0.58,
        "weightedaveragenumberofsharesoutstandingbasic": 34210000,
        "weightedaveragenumberofdilutedsharesoutstanding": 35162000
    },
    {
        "date": "2014-03-30",
        "symbol": "FICO",
        "period": "Q2",
        "transactionalandmaintenancerevenue": 76898000,
        "technologyservicesrevenue": 28373000,
        "licensesrevenue": 10339000,
        "salesrevenuenet": 115610000,
        "costofrevenue": 58183000,
        "researchanddevelopmentexpense": 19690000,
        "sellinggeneralandadministrativeexpense": 65944000,
        "amortizationofintangibleassets": 1823000,
        "restructuringandacquisitionrelatedcost": 0,
        "costsandexpenses": 134766000,
        "operatingincomeloss": 50696000,
        "investmentincomeinterest": 10000,
        "interestexpense": 7109000,
        "othernonoperatingincomeexpense": -351000,
        "incomelossfromcontinuingoperationsbeforeincometaxesminorityinterestandincomelossfromequitymethodinvestments": 31287000,
        "incometaxexpensebenefit": 10536000,
        "netincomeloss": 20751000,
        "othercomprehensiveincomelossforeigncurrencytransactionandtranslationadjustmentnetoftax": 2893000,
        "comprehensiveincomenetoftax": 23644000,
        "earningspersharebasic": 0.6000000000000001,
        "earningspersharediluted": 0.5900000000000001,
        "weightedaveragenumberofsharesoutstandingbasic": 6000,
        "weightedaveragenumberofdilutedsharesoutstanding": -150000
    },
    {
        "date": "2013-12-30",
        "symbol": "FICO",
        "period": "Q1",
        "transactionalandmaintenancerevenue": 77779000,
        "technologyservicesrevenue": 26787000,
        "licensesrevenue": 7350000,
        "salesrevenuenet": 111916000,
        "costofrevenue": 57319000,
        "researchanddevelopmentexpense": 18092000,
        "sellinggeneralandadministrativeexpense": 66989000,
        "amortizationofintangibleassets": 1799000,
        "restructuringandacquisitionrelatedcost": 3660000,
        "costsandexpenses": 135165000,
        "operatingincomeloss": 49178000,
        "investmentincomeinterest": 6000,
        "interestexpense": 7132000,
        "othernonoperatingincomeexpense": -961000,
        "incomelossfromcontinuingoperationsbeforeincometaxesminorityinterestandincomelossfromequitymethodinvestments": 27183000,
        "incometaxexpensebenefit": 10206000,
        "netincomeloss": 16977000,
        "othercomprehensiveincomelossforeigncurrencytransactionandtranslationadjustmentnetoftax": 4005000,
        "comprehensiveincomenetoftax": 20982000,
        "earningspersharebasic": 0.49,
        "earningspersharediluted": 0.47,
        "weightedaveragenumberofsharesoutstandingbasic": 34699000,
        "weightedaveragenumberofdilutedsharesoutstanding": 35820000
    },
    {
        "date": "2013-06-29",
        "symbol": "FICO",
        "period": "Q3",
        "transactionalandmaintenancerevenue": 75537000,
        "technologyservicesrevenue": 26230000,
        "licensesrevenue": 13216000,
        "salesrevenuenet": 114983000,
        "costofrevenue": 57655000,
        "researchanddevelopmentexpense": 18570000,
        "sellinggeneralandadministrativeexpense": 68665000,
        "amortizationofintangibleassets": 1739000,
        "restructuringandacquisitionrelatedcost": 197000,
        "costsandexpenses": 148564000,
        "operatingincomeloss": 35208000,
        "investmentincomeinterest": 15000,
        "interestexpense": 7432000,
        "othernonoperatingincomeexpense": 830000,
        "incomelossfromcontinuingoperationsbeforeincometaxesminorityinterestandincomelossfromequitymethodinvestments": 28621000,
        "incometaxexpensebenefit": 8999000,
        "netincomeloss": 19622000,
        "othercomprehensiveincomelossforeigncurrencytransactionandtranslationadjustmentnetoftax": -1284000,
        "comprehensiveincomenetoftax": 18338000,
        "earningspersharebasic": 0.55,
        "earningspersharediluted": 0.54,
        "weightedaveragenumberofsharesoutstandingbasic": 35499000,
        "weightedaveragenumberofdilutedsharesoutstanding": 36385000
    },
    {
        "date": "2013-03-30",
        "symbol": "FICO",
        "period": "Q2",
        "transactionalandmaintenancerevenue": 8221000,
        "technologyservicesrevenue": 5170000,
        "licensesrevenue": 4657000,
        "salesrevenuenet": 18048000,
        "costofrevenue": 58856000,
        "researchanddevelopmentexpense": 16021000,
        "sellinggeneralandadministrativeexpense": 67638000,
        "amortizationofintangibleassets": 1931000,
        "restructuringandacquisitionrelatedcost": 0,
        "costsandexpenses": 146119000,
        "operatingincomeloss": 33206000,
        "investmentincomeinterest": 9000,
        "interestexpense": 7855000,
        "othernonoperatingincomeexpense": 27000,
        "incomelossfromcontinuingoperationsbeforeincometaxesminorityinterestandincomelossfromequitymethodinvestments": 25387000,
        "incometaxexpensebenefit": 6892000,
        "netincomeloss": 18495000,
        "othercomprehensiveincomelossforeigncurrencytransactionandtranslationadjustmentnetoftax": -13030000,
        "comprehensiveincomenetoftax": 5465000,
        "earningspersharebasic": 0.5199999999999999,
        "earningspersharediluted": 0.4999999999999999,
        "weightedaveragenumberofsharesoutstandingbasic": 307000,
        "weightedaveragenumberofdilutedsharesoutstanding": 167000
    },
    {
        "date": "2012-12-30",
        "symbol": "FICO",
        "period": "Q1",
        "transactionalandmaintenancerevenue": 7836000,
        "technologyservicesrevenue": 5275000,
        "licensesrevenue": 8755000,
        "salesrevenuenet": 21866000,
        "costofrevenue": 56148000,
        "researchanddevelopmentexpense": 14552000,
        "sellinggeneralandadministrativeexpense": 69665000,
        "amortizationofintangibleassets": 1901000,
        "restructuringandacquisitionrelatedcost": 3289000,
        "costsandexpenses": 147026000,
        "operatingincomeloss": 42994000,
        "investmentincomeinterest": 21000,
        "interestexpense": 7880000,
        "othernonoperatingincomeexpense": -92000,
        "incomelossfromcontinuingoperationsbeforeincometaxesminorityinterestandincomelossfromequitymethodinvestments": 35043000,
        "incometaxexpensebenefit": 11622000,
        "netincomeloss": 23421000,
        "othercomprehensiveincomelossforeigncurrencytransactionandtranslationadjustmentnetoftax": -1391000,
        "comprehensiveincomenetoftax": 22030000,
        "earningspersharebasic": 0.67,
        "earningspersharediluted": 0.65,
        "weightedaveragenumberofsharesoutstandingbasic": 35043000,
        "weightedaveragenumberofdilutedsharesoutstanding": 36151000
    },
    {
        "date": "2012-06-29",
        "symbol": "FICO",
        "period": "Q3",
        "transactionalandmaintenancerevenue": 7585000,
        "technologyservicesrevenue": 4384000,
        "licensesrevenue": 8267000,
        "salesrevenuenet": 20236000,
        "costofrevenue": 47832000,
        "researchanddevelopmentexpense": 14890000,
        "sellinggeneralandadministrativeexpense": 59123000,
        "amortizationofintangibleassets": 1373000,
        "costsandexpenses": 123310000,
        "operatingincomeloss": 37168000,
        "investmentincomeinterest": 82000,
        "interestexpense": 7907000,
        "othernonoperatingincomeexpense": 911000,
        "incomelossfromcontinuingoperationsbeforeincometaxesminorityinterestandincomelossfromequitymethodinvestments": 30254000,
        "incometaxexpensebenefit": 9505000,
        "netincomeloss": 20749000,
        "earningspersharebasic": 0.61,
        "earningspersharediluted": 0.5899999999999999,
        "weightedaveragenumberofsharesoutstandingbasic": -559000,
        "weightedaveragenumberofdilutedsharesoutstanding": -474000,
        "sharesoutstanding": -569000,
        "stockholdersequity": -1027919000,
        "adjustmentstoadditionalpaidincapitalsharebasedcompensationrequisiteserviceperiodrecognitionvalue": 6082000,
        "stockissuedduringperiodsharesstockoptionsexercised": 252000,
        "stockissuedduringperiodvaluestockoptionsexercised": -1549000,
        "adjustmentstoadditionalpaidincapitaltaxeffectfromsharebasedcompensation": 6868000,
        "treasurystocksharesacquired": 835000,
        "treasurystockvalueacquiredcostmethod": 34007000,
        "stockissuedduringperiodvalueemployeestockpurchaseplan": 1000,
        "stockissuedduringperiodsharesrestrictedstockawardnetofforfeitures": 14000,
        "stockissuedduringperiodvaluerestrictedstockawardnetofforfeitures": -697000,
        "dividendscommonstockcash": 685000,
        "othercomprehensiveincomeunrealizedholdinggainlossonsecuritiesarisingduringperiodnetoftax": 0
    },
    {
        "date": "2012-03-30",
        "symbol": "FICO",
        "period": "Q2",
        "transactionalandmaintenancerevenue": 7684000,
        "technologyservicesrevenue": 4184000,
        "licensesrevenue": 7094000,
        "salesrevenuenet": 18962000,
        "costofrevenue": 48814000,
        "researchanddevelopmentexpense": 13986000,
        "sellinggeneralandadministrativeexpense": 57035000,
        "amortizationofintangibleassets": 793000,
        "costsandexpenses": 121325000,
        "operatingincomeloss": 38196000,
        "investmentincomeinterest": 106000,
        "interestexpense": 7984000,
        "othernonoperatingincomeexpense": -634000,
        "incomelossfromcontinuingoperationsbeforeincometaxesminorityinterestandincomelossfromequitymethodinvestments": 29684000,
        "incometaxexpensebenefit": 9672000,
        "netincomeloss": 20012000,
        "earningspersharebasic": 0.57,
        "earningspersharediluted": 0.55,
        "weightedaveragenumberofsharesoutstandingbasic": -349000,
        "weightedaveragenumberofdilutedsharesoutstanding": -166000,
        "sharesoutstanding": -1732000,
        "stockholdersequity": 1859000,
        "adjustmentstoadditionalpaidincapitalsharebasedcompensationrequisiteserviceperiodrecognitionvalue": 4627000,
        "stockissuedduringperiodsharesstockoptionsexercised": 695000,
        "stockissuedduringperiodvaluestockoptionsexercised": -2807000,
        "adjustmentstoadditionalpaidincapitaltaxeffectfromsharebasedcompensation": -1837000,
        "treasurystocksharesacquired": 2463000,
        "treasurystockvalueacquiredcostmethod": 99330000,
        "stockissuedduringperiodvalueemployeestockpurchaseplan": -4000,
        "stockissuedduringperiodsharesrestrictedstockawardnetofforfeitures": 36000,
        "stockissuedduringperiodvaluerestrictedstockawardnetofforfeitures": -1799000,
        "dividendscommonstockcash": 709000,
        "othercomprehensiveincomeunrealizedholdinggainlossonsecuritiesarisingduringperiodnetoftax": 7000,
        "othercomprehensiveincomeforeigncurrencytransactionandtranslationadjustmentnetoftaxperiodincreasedecrease": 6138000,
        "commonstockdividendspersharecashpaid": 0
    },
    {
        "date": "2011-12-30",
        "symbol": "FICO",
        "period": "Q1",
        "transactionalandmaintenancerevenue": 7714000,
        "technologyservicesrevenue": 4078000,
        "licensesrevenue": 5799000,
        "salesrevenuenet": 17591000,
        "costofrevenue": 45974000,
        "researchanddevelopmentexpense": 13049000,
        "sellinggeneralandadministrativeexpense": 57324000,
        "amortizationofintangibleassets": 1930000,
        "costsandexpenses": 118277000,
        "operatingincomeloss": 52072000,
        "investmentincomeinterest": 88000,
        "interestexpense": 7987000,
        "othernonoperatingincomeexpense": -548000,
        "incomelossfromcontinuingoperationsbeforeincometaxesminorityinterestandincomelossfromequitymethodinvestments": 43625000,
        "incometaxexpensebenefit": 13628000,
        "netincomeloss": 29997000,
        "earningspersharebasic": 0.83,
        "earningspersharediluted": 0.81,
        "weightedaveragenumberofsharesoutstandingbasic": 36034000,
        "weightedaveragenumberofdilutedsharesoutstanding": 36887000,
        "sharesoutstanding": 35993000,
        "stockholdersequity": 1094544000,
        "adjustmentstoadditionalpaidincapitalsharebasedcompensationrequisiteserviceperiodrecognitionvalue": 4757000,
        "stockissuedduringperiodsharesstockoptionsexercised": 660000,
        "stockissuedduringperiodvaluestockoptionsexercised": -2972000,
        "adjustmentstoadditionalpaidincapitaltaxeffectfromsharebasedcompensation": -1323000,
        "treasurystocksharesacquired": 1889000,
        "treasurystockvalueacquiredcostmethod": 50901000,
        "stockissuedduringperiodvalueemployeestockpurchaseplan": 5000,
        "stockissuedduringperiodsharesrestrictedstockawardnetofforfeitures": 138000,
        "stockissuedduringperiodvaluerestrictedstockawardnetofforfeitures": -6952000,
        "dividendscommonstockcash": 717000,
        "othercomprehensiveincomeunrealizedholdinggainlossonsecuritiesarisingduringperiodnetoftax": -15000,
        "othercomprehensiveincomeforeigncurrencytransactionandtranslationadjustmentnetoftaxperiodincreasedecrease": -2684000,
        "commonstockdividendspersharecashpaid": 0.02
    },
    {
        "date": "2011-06-29",
        "symbol": "FICO",
        "period": "Q3",
        "technologyservicesrevenue": -46125000,
        "licensesrevenue": -8885000,
        "salesrevenuenet": -258521000,
        "costofgoodsandservicessold": 43398000,
        "researchanddevelopmentexpense": 14290000,
        "sellinggeneralandadministrativeexpense": 53643000,
        "amortizationofintangibleassets": 1942000,
        "restructuringcharges": 0,
        "costsandexpenses": 113273000,
        "operatingincomeloss": 67363000,
        "investmentincomeinterest": 1923000,
        "interestexpense": 8023000,
        "othernonoperatingincomeexpense": 631000,
        "incomelossfromcontinuingoperationsbeforeincometaxesminorityinterestandincomelossfromequitymethodinvestments": 31937000,
        "incometaxexpensebenefit": 8748000,
        "netincomeloss": 23189000,
        "earningspersharebasic": 0.59,
        "earningspersharediluted": 0.57,
        "weightedaveragenumberofsharesoutstandingbasic": -178000,
        "weightedaveragenumberofdilutedsharesoutstanding": -102000,
        "stockholdersequity": 1071960000,
        "adjustmentstoadditionalpaidincapitalsharebasedcompensationrequisiteserviceperiodrecognitionvalue": 3557000,
        "stockissuedduringperiodsharesstockoptionsexercised": 65000,
        "stockissuedduringperiodvaluestockoptionsexercised": -832000,
        "adjustmentstoadditionalpaidincapitaltaxeffectfromsharebasedcompensation": 2194000,
        "treasurystocksharesacquired": 2505000,
        "treasurystockvalueacquiredcostmethod": 35213000,
        "stockissuedduringperiodvalueemployeestockpurchaseplan": -23000,
        "restrictedstockissuedduringperiodsharestreasurystockreissued": 16000,
        "restrictedstockissuedduringperiodvaluetreasurystockreissued": -11394000,
        "dividendscommonstockcash": 790000,
        "othercomprehensiveincomeavailableforsalesecuritiesadjustmentnetoftaxperiodincreasedecrease": -3000,
        "othercomprehensiveincomeforeigncurrencytransactionandtranslationadjustmentbeforetaxperiodincreasedecrease": -37000
    },
    {
        "date": "2011-03-30",
        "symbol": "FICO",
        "period": "Q2",
        "transactionalandmaintenance": 111431000,
        "technologyservicesrevenue": 27041000,
        "licensesrevenue": 14352000,
        "salesrevenuenet": 152824000,
        "costofgoodsandservicessold": 48506000,
        "researchanddevelopmentexpense": 16222000,
        "sellinggeneralandadministrativeexpense": 55449000,
        "amortizationofintangibleassets": 1933000,
        "restructuringcharges": 11522000,
        "costsandexpenses": 133632000,
        "operatingincomeloss": 19192000,
        "investmentincomeinterest": 57000,
        "interestexpense": 8137000,
        "othernonoperatingincomeexpense": -78000,
        "incomelossfromcontinuingoperationsbeforeincometaxesminorityinterestandincomelossfromequitymethodinvestments": 11034000,
        "incometaxexpensebenefit": 3289000,
        "netincomeloss": 7745000,
        "earningspersharebasic": 0.18999999999999995,
        "earningspersharediluted": 0.18999999999999995,
        "weightedaveragenumberofsharesoutstandingbasic": 43000,
        "weightedaveragenumberofdilutedsharesoutstanding": 89000,
        "stockholdersequity": 27059000,
        "commonstocksharesoutstanding": -238000,
        "adjustmentstoadditionalpaidincapitalsharebasedcompensationrequisiteserviceperiodrecognitionvalue": 4171000,
        "stockissuedduringperiodvaluestockoptionsexercised": -8235000,
        "stockissuedduringperiodsharesstockoptionsexercised": 357000,
        "adjustmentstoadditionalpaidincapitaltaxeffectfromsharebasedcompensation": -68000,
        "treasurystockvalueacquiredcostmethod": 17136000,
        "treasurystocksharesacquired": -629000,
        "stockissuedduringperiodvalueemployeestockpurchaseplan": 22000,
        "restrictedstockissuedduringperiodvaluetreasurystockreissued": 4470000,
        "restrictedstockissuedduringperiodsharestreasurystockreissued": 34000,
        "dividendscommonstockcash": 801000,
        "othercomprehensiveincomeavailableforsalesecuritiesadjustmentnetoftaxperiodincreasedecrease": -10000,
        "othercomprehensiveincomeforeigncurrencytransactionandtranslationadjustmentbeforetaxperiodincreasedecrease": 5967000
    },
    {
        "date": "2010-12-30",
        "symbol": "FICO",
        "period": "Q1",
        "transactionalandmaintenance": 114762000,
        "technologyservicesrevenue": 27908000,
        "licensesrevenue": 13261000,
        "salesrevenuenet": 155931000,
        "costofgoodsandservicessold": 45803000,
        "researchanddevelopmentexpense": 18061000,
        "sellinggeneralandadministrativeexpense": 59633000,
        "amortizationofintangibleassets": 1929000,
        "restructuringcharges": 869000,
        "costsandexpenses": 126295000,
        "operatingincomeloss": 29636000,
        "investmentincomeinterest": 104000,
        "interestexpense": 8241000,
        "othernonoperatingincomeexpense": -76000,
        "incomelossfromcontinuingoperationsbeforeincometaxesminorityinterestandincomelossfromequitymethodinvestments": 21423000,
        "incometaxexpensebenefit": 5414000,
        "netincomeloss": 16009000,
        "earningspersharebasic": 0.4,
        "earningspersharediluted": 0.4,
        "weightedaveragenumberofsharesoutstandingbasic": 39923000,
        "weightedaveragenumberofdilutedsharesoutstanding": 40439000,
        "stockholdersequity": 401000,
        "commonstocksharesoutstanding": 40062000,
        "adjustmentstoadditionalpaidincapitalsharebasedcompensationrequisiteserviceperiodrecognitionvalue": 4034000,
        "stockissuedduringperiodvaluestockoptionsexercised": 2746000,
        "stockissuedduringperiodsharesstockoptionsexercised": 86000,
        "adjustmentstoadditionalpaidincapitaltaxeffectfromsharebasedcompensation": 212000,
        "treasurystockvalueacquiredcostmethod": 306000,
        "treasurystocksharesacquired": -13000,
        "stockissuedduringperiodvalueemployeestockpurchaseplan": -3000,
        "restrictedstockissuedduringperiodvaluetreasurystockreissued": 1000,
        "restrictedstockissuedduringperiodsharestreasurystockreissued": 107000,
        "dividendscommonstockcash": 798000,
        "othercomprehensiveincomeavailableforsalesecuritiesadjustmentnetoftaxperiodincreasedecrease": -27000,
        "othercomprehensiveincomeforeigncurrencytransactionandtranslationadjustmentbeforetaxperiodincreasedecrease": -2224000
    }
]