[
    {
        "date": "2024-09-29",
        "symbol": "AEP",
        "period": "Q3",
        "revenuefromcontractwithcustomerincludingassessedtax": -5414200000,
        "provisionforrefundaffiliated": 8500000,
        "provisionforrefundnonaffiliated": 2200000,
        "revenues": -8054100000,
        "costofgoodsandservicessold": -2961700000,
        "costofpurchasedpowerfromaffiliate": -19800000,
        "utilitiesoperatingexpenseoperations": -1437100000,
        "utilitiesoperatingexpensemaintenance": -543100000,
        "utilitiesoperatingexpensedepreciationandamortization": -1311400000,
        "taxesexcludingincomeandexcisetaxes": -710200000,
        "operatingexpenses": -6324700000,
        "operatingincomeloss": -1729400000,
        "investmentincomeinterestanddividend": 8800000,
        "othernonoperatingincomeexpense": -25700000,
        "publicutilitiesallowanceforfundsusedduringconstructioncapitalizedcostofequity": -89100000,
        "netperiodicdefinedbenefitsexpensereversalofexpenseexcludingservicecostcomponent": 74900000,
        "interestexpense": -894700000,
        "incomelossfromcontinuingoperationsbeforeincometaxesminorityinterestandincomelossfromequitymethodinvestments": -1082600000,
        "incometaxexpensebenefit": 132600000,
        "incomelossfromequitymethodinvestments": -48600000,
        "profitloss": -800000000,
        "netincomelossattributabletononcontrollinginterest": -1300000,
        "netincomelossavailabletocommonstockholdersbasic": 959600000,
        "weightedaveragenumberofsharesoutstandingbasic": 529200000,
        "earningspersharebasic": 1.8,
        "weightedaveragenumberofdilutedsharesoutstanding": 530500000,
        "earningspersharediluted": 1.7999999999999998,
        "revenuesfromrelatedpartiesnetofprovisionsforrefund": 395900000,
        "revenuefromcontractwithcustomersnetofprovisionsforrefundincludingassessedtax": -191000000,
        "othercomprehensiveincomelossderivativesqualifyingashedgestax": -4400000,
        "othercomprehensiveincomelossderivativesqualifyingashedgesnetoftax": -16400000,
        "othercomprehensiveincomelosspensionandotherpostretirementbenefitplansadjustmentnetoftax": -500000,
        "othercomprehensiveincomelossnetoftax": -46900000,
        "comprehensiveincomenetoftaxincludingportionattributabletononcontrollinginterest": -1083500000,
        "comprehensiveincomenetoftaxattributabletononcontrollinginterest": -1300000,
        "comprehensiveincomenetoftax": -1082200000
    },
    {
        "date": "2024-06-29",
        "symbol": "AEP",
        "period": "Q2",
        "revenuefromcontractwithcustomerincludingassessedtax": 2572000000,
        "provisionforrefundaffiliated": 16600000,
        "provisionforrefundnonaffiliated": 300000,
        "revenues": 4579200000,
        "costofgoodsandservicessold": 1368500000,
        "costofpurchasedpowerfromaffiliate": 44500000,
        "utilitiesoperatingexpenseoperations": 817300000,
        "utilitiesoperatingexpensemaintenance": 351500000,
        "utilitiesoperatingexpensedepreciationandamortization": 821900000,
        "taxesexcludingincomeandexcisetaxes": 393600000,
        "operatingexpenses": 3895300000,
        "operatingincomeloss": 683900000,
        "investmentincomeinterestanddividend": 2100000,
        "othernonoperatingincomeexpense": 13100000,
        "publicutilitiesallowanceforfundsusedduringconstructioncapitalizedcostofequity": 55200000,
        "netperiodicdefinedbenefitsexpensereversalofexpenseexcludingservicecostcomponent": -37400000,
        "interestexpense": 465600000,
        "incomelossfromcontinuingoperationsbeforeincometaxesminorityinterestandincomelossfromequitymethodinvestments": 324000000,
        "incometaxexpensebenefit": 6700000,
        "incomelossfromequitymethodinvestments": 25200000,
        "profitloss": 342500000,
        "netincomelossattributabletononcontrollinginterest": 2200000,
        "netincomelossavailabletocommonstockholdersbasic": 340300000,
        "weightedaveragenumberofsharesoutstandingbasic": 527725426,
        "earningspersharebasic": 0.6399999999999999,
        "weightedaveragenumberofdilutedsharesoutstanding": 528868693,
        "earningspersharediluted": 0.6400000000000001,
        "revenuesfromrelatedpartiesnetofprovisionsforrefund": 377800000,
        "revenuefromcontractwithcustomersnetofprovisionsforrefundincludingassessedtax": 97000000,
        "othercomprehensiveincomelossderivativesqualifyingashedgestax": 5900000,
        "othercomprehensiveincomelosspensionandotherpostretirementbenefitplanstax": 0,
        "othercomprehensiveincomelossderivativesqualifyingashedgesnetoftax": 22400000,
        "othercomprehensiveincomelosspensionandotherpostretirementbenefitplansadjustmentnetoftax": 100000,
        "othercomprehensiveincomelossnetoftax": 22300000,
        "comprehensiveincomenetoftaxincludingportionattributabletononcontrollinginterest": 364800000,
        "comprehensiveincomenetoftaxattributabletononcontrollinginterest": 2200000,
        "comprehensiveincomenetoftax": 362600000
    },
    {
        "date": "2024-03-30",
        "symbol": "AEP",
        "period": "Q1",
        "revenuefromcontractwithcustomerincludingassessedtax": 2901200000,
        "provisionforrefundaffiliated": 6000000,
        "provisionforrefundnonaffiliated": 1400000,
        "revenues": 5025700000,
        "costofgoodsandservicessold": 1575800000,
        "costofpurchasedpowerfromaffiliate": 61500000,
        "utilitiesoperatingexpenseoperations": 762300000,
        "utilitiesoperatingexpensemaintenance": 317500000,
        "utilitiesoperatingexpensedepreciationandamortization": 787100000,
        "taxesexcludingincomeandexcisetaxes": 410400000,
        "operatingexpenses": 3853100000,
        "operatingincomeloss": 1172600000,
        "investmentincomeinterestanddividend": 500000,
        "othernonoperatingincomeexpense": 13600000,
        "publicutilitiesallowanceforfundsusedduringconstructioncapitalizedcostofequity": 43600000,
        "netperiodicdefinedbenefitsexpensereversalofexpenseexcludingservicecostcomponent": -45100000,
        "interestexpense": 435600000,
        "incomelossfromcontinuingoperationsbeforeincometaxesminorityinterestandincomelossfromequitymethodinvestments": 839300000,
        "incometaxexpensebenefit": -141900000,
        "incomelossfromequitymethodinvestments": 24500000,
        "profitloss": 1005700000,
        "netincomelossattributabletononcontrollinginterest": 2600000,
        "netincomelossavailabletocommonstockholdersbasic": 1003100000,
        "weightedaveragenumberofsharesoutstandingbasic": 526552036,
        "earningspersharebasic": 1.91,
        "weightedaveragenumberofdilutedsharesoutstanding": 527596395,
        "earningspersharediluted": 1.9,
        "commonstockdividendspersharedeclared": 0.88,
        "revenuesfromrelatedpartiesnetofprovisionsforrefund": 383400000,
        "revenuefromcontractwithcustomersnetofprovisionsforrefundincludingassessedtax": 97000000,
        "othercomprehensiveincomelossderivativesqualifyingashedgestax": -1600000,
        "othercomprehensiveincomelosspensionandotherpostretirementbenefitplanstax": -200000,
        "othercomprehensiveincomelossderivativesqualifyingashedgesnetoftax": -6200000,
        "othercomprehensiveincomelosspensionandotherpostretirementbenefitplansadjustmentnetoftax": 600000,
        "othercomprehensiveincomelossnetoftax": -6800000,
        "comprehensiveincomenetoftaxincludingportionattributabletononcontrollinginterest": 998900000,
        "comprehensiveincomenetoftaxattributabletononcontrollinginterest": 2600000,
        "comprehensiveincomenetoftax": 996300000
    },
    {
        "date": "2022-06-29",
        "symbol": "AEP",
        "period": "Q2",
        "revenuefromcontractwithcustomerincludingassessedtax": 2595000000,
        "revenuefromrelatedparties": 800000,
        "provisionforrefundaffiliated": 46800000,
        "provisionforrefundnonaffiliated": 8300000,
        "relatedpartytransactionotherrevenuesfromtransactionswithrelatedparty": 16700000,
        "revenues": 4639700000,
        "costofgoodsandservicessold": 1564400000,
        "costofpurchasedpowerfromaffiliate": 59600000,
        "utilitiesoperatingexpenseoperations": 619800000,
        "utilitiesoperatingexpensemaintenance": 326500000,
        "assetimpairmentcharges": 68800000,
        "gainlossondispositionofassets1": -116300000,
        "utilitiesoperatingexpensedepreciationandamortization": 802600000,
        "taxesexcludingincomeandexcisetaxes": 369500000,
        "operatingexpenses": 3635300000,
        "operatingincomeloss": 1004400000,
        "investmentincomeinterestanddividend": 1300000,
        "carryingcostsincome": 100000,
        "othernonoperatingincomeexpense": -12700000,
        "publicutilitiesallowanceforfundsusedduringconstructioncapitalizedcostofequity": 28600000,
        "netperiodicdefinedbenefitsexpensereversalofexpenseexcludingservicecostcomponent": -47100000,
        "interestexpense": 327600000,
        "incomelossfromcontinuingoperationsbeforeincometaxesminorityinterestandincomelossfromequitymethodinvestments": 739800000,
        "incometaxexpensebenefit": 54000000,
        "incomelossfromequitymethodinvestments": -165000000,
        "profitloss": 520800000,
        "netincomelossattributabletononcontrollinginterest": -3700000,
        "netincomelossavailabletocommonstockholdersbasic": 524500000,
        "weightedaveragenumberofsharesoutstandingbasic": 513623431,
        "earningspersharebasic": 1.02,
        "weightedaveragenumberofdilutedsharesoutstanding": 515162210,
        "earningspersharediluted": 1.02,
        "commonstockdividendspersharedeclared": 0.78,
        "othercomprehensiveincomelossderivativesqualifyingashedgestax": 35200000,
        "othercomprehensiveincomelosspensionandotherpostretirementbenefitplanstax": -3100000,
        "revenuesfromrelatedpartiesnetofprovisionsforrefund": 287100000,
        "revenuefromcontractwithcustomersnetofprovisionsforrefundincludingassessedtax": 77300000,
        "othercomprehensiveincomelossderivativesqualifyingashedgesnetoftax": 132400000,
        "othercomprehensiveincomelosspensionandotherpostretirementbenefitplansadjustmentnetoftax": 11600000,
        "othercomprehensiveincomelossnetoftax": 120800000,
        "comprehensiveincomenetoftaxincludingportionattributabletononcontrollinginterest": 641600000,
        "comprehensiveincomenetoftaxattributabletononcontrollinginterest": -3700000,
        "comprehensiveincomenetoftax": 645300000
    },
    {
        "date": "2021-09-29",
        "symbol": "AEP",
        "period": "Q3",
        "revenuefromcontractwithcustomerincludingassessedtax": 2716800000,
        "revenuefromrelatedparties": 900000,
        "relatedpartytransactionotherrevenuesfromtransactionswithrelatedparty": 14700000,
        "revenues": 4623000000,
        "costofgoodsandservicessold": 1441400000,
        "costofpurchasedpowerfromaffiliate": 63300000,
        "utilitiesoperatingexpenseoperations": 735300000,
        "utilitiesoperatingexpensemaintenance": 277800000,
        "utilitiesoperatingexpensedepreciationandamortization": 700300000,
        "taxesexcludingincomeandexcisetaxes": 360800000,
        "operatingexpenses": 3515600000,
        "operatingincomeloss": 1107400000,
        "investmentincomeinterestanddividend": 200000,
        "carryingcostsincome": 100000,
        "othernonoperatingincomeexpense": -20600000,
        "publicutilitiesallowanceforfundsusedduringconstructioncapitalizedcostofequity": 37000000,
        "netperiodicdefinedbenefitsexpensereversalofexpenseexcludingservicecostcomponent": -29600000,
        "interestexpense": 303700000,
        "incomelossfromcontinuingoperationsbeforeincometaxesminorityinterestandincomelossfromequitymethodinvestments": 849700000,
        "incometaxexpensebenefit": 69800000,
        "incomelossfromequitymethodinvestments": 17000000,
        "profitloss": 796900000,
        "netincomelossattributabletononcontrollinginterest": 900000,
        "netincomelossavailabletocommonstockholdersbasic": 796000000,
        "weightedaveragenumberofsharesoutstandingbasic": 501233680,
        "earningspersharebasic": 1.59,
        "weightedaveragenumberofdilutedsharesoutstanding": 502606836,
        "earningspersharediluted": 1.58,
        "commonstockdividendspersharedeclared": 0.74,
        "othercomprehensiveincomelossderivativesqualifyingashedgesnetoftax": 179700000,
        "othercomprehensiveincomelosspensionandotherpostretirementbenefitplansadjustmentnetoftax": 2000000,
        "othercomprehensiveincomelossnetoftax": 177700000,
        "comprehensiveincomenetoftaxincludingportionattributabletononcontrollinginterest": 974600000,
        "comprehensiveincomenetoftaxattributabletononcontrollinginterest": 900000,
        "comprehensiveincomenetoftax": 973700000,
        "othercomprehensiveincomelossderivativesqualifyingashedgestax": 47800000,
        "othercomprehensiveincomelosspensionandotherpostretirementbenefitplanstax": -500000
    },
    {
        "date": "2021-06-29",
        "symbol": "AEP",
        "period": "Q2",
        "revenuefromcontractwithcustomerincludingassessedtax": 2224600000,
        "revenuefromrelatedparties": 1000000,
        "relatedpartytransactionotherrevenuesfromtransactionswithrelatedparty": 12200000,
        "revenues": 3826500000,
        "costofgoodsandservicessold": 1124000000,
        "costofpurchasedpowerfromaffiliate": 57800000,
        "utilitiesoperatingexpenseoperations": 566900000,
        "utilitiesoperatingexpensemaintenance": 264300000,
        "utilitiesoperatingexpensedepreciationandamortization": 707300000,
        "taxesexcludingincomeandexcisetaxes": 354100000,
        "operatingexpenses": 3016600000,
        "operatingincomeloss": 809900000,
        "investmentincomeinterestanddividend": 200000,
        "carryingcostsincome": 500000,
        "othernonoperatingincomeexpense": 33100000,
        "publicutilitiesallowanceforfundsusedduringconstructioncapitalizedcostofequity": 33500000,
        "netperiodicdefinedbenefitsexpensereversalofexpenseexcludingservicecostcomponent": -29700000,
        "interestexpense": 301600000,
        "incomelossfromcontinuingoperationsbeforeincometaxesminorityinterestandincomelossfromequitymethodinvestments": 604600000,
        "incometaxexpensebenefit": 61200000,
        "incomelossfromequitymethodinvestments": 30400000,
        "profitloss": 573800000,
        "netincomelossattributabletononcontrollinginterest": -4400000,
        "netincomelossavailabletocommonstockholdersbasic": 578200000,
        "weightedaveragenumberofsharesoutstandingbasic": 499916640,
        "earningspersharebasic": 1.16,
        "weightedaveragenumberofdilutedsharesoutstanding": 500983778,
        "earningspersharediluted": 1.15,
        "commonstockdividendspersharedeclared": 0.74,
        "othercomprehensiveincomelossderivativesqualifyingashedgesnetoftax": 129900000,
        "othercomprehensiveincomelosspensionandotherpostretirementbenefitplansadjustmentnetoftax": 2100000,
        "othercomprehensiveincomelossnetoftax": 127800000,
        "comprehensiveincomenetoftaxincludingportionattributabletononcontrollinginterest": 701600000,
        "comprehensiveincomenetoftaxattributabletononcontrollinginterest": -4400000,
        "comprehensiveincomenetoftax": 706000000,
        "othercomprehensiveincomelossderivativesqualifyingashedgestax": 34500000,
        "othercomprehensiveincomelosspensionandotherpostretirementbenefitplanstax": -600000
    },
    {
        "date": "2021-03-30",
        "symbol": "AEP",
        "period": "Q1",
        "revenuefromcontractwithcustomerincludingassessedtax": 2504500000,
        "revenuefromrelatedparties": 1000000,
        "relatedpartytransactionotherrevenuesfromtransactionswithrelatedparty": 14300000,
        "revenues": 4281100000,
        "costofgoodsandservicessold": 1560700000,
        "costofpurchasedpowerfromaffiliate": 51600000,
        "utilitiesoperatingexpenseoperations": 592400000,
        "utilitiesoperatingexpensemaintenance": 274900000,
        "utilitiesoperatingexpensedepreciationandamortization": 696300000,
        "taxesexcludingincomeandexcisetaxes": 346500000,
        "operatingexpenses": 3470800000,
        "operatingincomeloss": 810300000,
        "investmentincomeinterestanddividend": 200000,
        "carryingcostsincome": 500000,
        "othernonoperatingincomeexpense": 21700000,
        "publicutilitiesallowanceforfundsusedduringconstructioncapitalizedcostofequity": 33400000,
        "netperiodicdefinedbenefitsexpensereversalofexpenseexcludingservicecostcomponent": -29600000,
        "interestexpense": 290200000,
        "incomelossfromcontinuingoperationsbeforeincometaxesminorityinterestandincomelossfromequitymethodinvestments": 604800000,
        "incometaxexpensebenefit": 54500000,
        "incomelossfromequitymethodinvestments": 28500000,
        "profitloss": 578800000,
        "netincomelossattributabletononcontrollinginterest": 3800000,
        "netincomelossavailabletocommonstockholdersbasic": 575000000,
        "weightedaveragenumberofsharesoutstandingbasic": 497058635,
        "earningspersharebasic": 1.16,
        "weightedaveragenumberofdilutedsharesoutstanding": 498164219,
        "earningspersharediluted": 1.15,
        "commonstockdividendspersharedeclared": 0.74,
        "othercomprehensiveincomelossderivativesqualifyingashedgesnetoftax": 56300000,
        "othercomprehensiveincomelosspensionandotherpostretirementbenefitplansadjustmentnetoftax": 2000000,
        "othercomprehensiveincomelossnetoftax": 54300000,
        "comprehensiveincomenetoftaxincludingportionattributabletononcontrollinginterest": 633100000,
        "comprehensiveincomenetoftaxattributabletononcontrollinginterest": 3800000,
        "comprehensiveincomenetoftax": 629300000,
        "othercomprehensiveincomelossderivativesqualifyingashedgestax": 15000000,
        "othercomprehensiveincomelosspensionandotherpostretirementbenefitplanstax": -500000
    },
    {
        "date": "2020-09-29",
        "symbol": "AEP",
        "period": "Q3",
        "revenuefromcontractwithcustomerincludingassessedtax": 2400100000,
        "revenuefromrelatedparties": 41400000,
        "relatedpartytransactionotherrevenuesfromtransactionswithrelatedparty": 14100000,
        "revenues": 4066400000,
        "costofgoodsandservicessold": 459300000,
        "costofpurchasedpowerfromaffiliate": 55900000,
        "utilitiesoperatingexpenseoperations": 702900000,
        "utilitiesoperatingexpensemaintenance": 237600000,
        "utilitiesoperatingexpensedepreciationandamortization": 644600000,
        "taxesexcludingincomeandexcisetaxes": 337700000,
        "operatingexpenses": 3123200000,
        "operatingincomeloss": 943200000,
        "investmentincomeinterestanddividend": 500000,
        "carryingcostsincome": 300000,
        "othernonoperatingincomeexpense": 5500000,
        "publicutilitiesallowanceforfundsusedduringconstructioncapitalizedcostofequity": 45200000,
        "netperiodicdefinedbenefitsexpensereversalofexpenseexcludingservicecostcomponent": -29700000,
        "interestexpense": 291300000,
        "incomelossfromcontinuingoperationsbeforeincometaxesminorityinterestandincomelossfromequitymethodinvestments": 732300000,
        "incometaxexpensebenefit": -1200000,
        "incomelossfromequitymethodinvestments": 14700000,
        "profitloss": 748200000,
        "netincomelossattributabletononcontrollinginterest": -400000,
        "netincomelossavailabletocommonstockholdersbasic": 748600000,
        "weightedaveragenumberofsharesoutstandingbasic": 496177968,
        "earningspersharebasic": 1.51,
        "weightedaveragenumberofdilutedsharesoutstanding": 497458523,
        "earningspersharediluted": 1.5,
        "commonstockdividendspersharedeclared": 0.7,
        "provisionforrefund": 2400000,
        "othercomprehensiveincomelossderivativesqualifyingashedgesnetoftax": 39300000,
        "othercomprehensiveincomelosspensionandotherpostretirementbenefitplansadjustmentnetoftax": 1800000,
        "othercomprehensiveincomelossnetoftax": 37500000,
        "comprehensiveincomenetoftaxincludingportionattributabletononcontrollinginterest": 785700000,
        "comprehensiveincomenetoftaxattributabletononcontrollinginterest": -400000,
        "comprehensiveincomenetoftax": 786100000,
        "othercomprehensiveincomelossderivativesqualifyingashedgestax": 10500000,
        "othercomprehensiveincomelosspensionandotherpostretirementbenefitplanstax": -500000
    },
    {
        "date": "2020-06-29",
        "symbol": "AEP",
        "period": "Q2",
        "revenuefromcontractwithcustomerincludingassessedtax": 2062300000,
        "revenuefromrelatedparties": 16900000,
        "relatedpartytransactionotherrevenuesfromtransactionswithrelatedparty": 15800000,
        "revenues": 3494000000,
        "costofgoodsandservicessold": 360300000,
        "costofpurchasedpowerfromaffiliate": 43700000,
        "utilitiesoperatingexpenseoperations": 566000000,
        "utilitiesoperatingexpensemaintenance": 243400000,
        "utilitiesoperatingexpensedepreciationandamortization": 679500000,
        "taxesexcludingincomeandexcisetaxes": 317500000,
        "operatingexpenses": 2771300000,
        "operatingincomeloss": 722700000,
        "investmentincomeinterestanddividend": 100000,
        "carryingcostsincome": 600000,
        "othernonoperatingincomeexpense": 14300000,
        "publicutilitiesallowanceforfundsusedduringconstructioncapitalizedcostofequity": 35100000,
        "netperiodicdefinedbenefitsexpensereversalofexpenseexcludingservicecostcomponent": -29800000,
        "interestexpense": 294000000,
        "incomelossfromcontinuingoperationsbeforeincometaxesminorityinterestandincomelossfromequitymethodinvestments": 507900000,
        "incometaxexpensebenefit": 12600000,
        "incomelossfromequitymethodinvestments": 19200000,
        "profitloss": 514500000,
        "netincomelossattributabletononcontrollinginterest": -6300000,
        "netincomelossavailabletocommonstockholdersbasic": 520800000,
        "weightedaveragenumberofsharesoutstandingbasic": 495655053,
        "earningspersharebasic": 1.05,
        "weightedaveragenumberofdilutedsharesoutstanding": 497337980,
        "earningspersharediluted": 1.05,
        "commonstockdividendspersharedeclared": 0.7,
        "provisionforrefund": -4400000,
        "othercomprehensiveincomelossderivativesqualifyingashedgesnetoftax": 45300000,
        "othercomprehensiveincomelosspensionandotherpostretirementbenefitplansadjustmentnetoftax": 1700000,
        "othercomprehensiveincomelossnetoftax": 43600000,
        "comprehensiveincomenetoftaxincludingportionattributabletononcontrollinginterest": 558100000,
        "comprehensiveincomenetoftaxattributabletononcontrollinginterest": -6300000,
        "comprehensiveincomenetoftax": 564400000,
        "othercomprehensiveincomelossderivativesqualifyingashedgestax": 12000000,
        "othercomprehensiveincomelosspensionandotherpostretirementbenefitplanstax": -400000
    },
    {
        "date": "2020-03-30",
        "symbol": "AEP",
        "period": "Q1",
        "revenuefromcontractwithcustomerincludingassessedtax": 2193000000,
        "profitloss": 499300000,
        "othercomprehensiveincomelossderivativesqualifyingashedgesnetoftax": -67000000,
        "othercomprehensiveincomelosspensionandotherpostretirementbenefitplansadjustmentnetoftax": 1800000,
        "othercomprehensiveincomelossnetoftax": -68800000,
        "comprehensiveincomenetoftaxincludingportionattributabletononcontrollinginterest": 430500000,
        "comprehensiveincomenetoftaxattributabletononcontrollinginterest": 4100000,
        "comprehensiveincomenetoftax": 426400000,
        "othercomprehensiveincomelossderivativesqualifyingashedgestax": -17800000,
        "othercomprehensiveincomelosspensionandotherpostretirementbenefitplanstax": -500000,
        "revenuefromrelatedparties": 31100000,
        "provisionforrefund": 30000000,
        "relatedpartytransactionotherrevenuesfromtransactionswithrelatedparty": 12500000,
        "revenues": 3747500000,
        "costofgoodsandservicessold": 355300000,
        "costofpurchasedpowerfromaffiliate": 36200000,
        "utilitiesoperatingexpenseoperations": 602100000,
        "utilitiesoperatingexpensemaintenance": 249500000,
        "utilitiesoperatingexpensedepreciationandamortization": 672200000,
        "taxesexcludingincomeandexcisetaxes": 321100000,
        "operatingexpenses": 2995900000,
        "operatingincomeloss": 751600000,
        "investmentincomeinterestanddividend": 600000,
        "carryingcostsincome": 400000,
        "othernonoperatingincomeexpense": -4400000,
        "publicutilitiesallowanceforfundsusedduringconstructioncapitalizedcostofequity": 31400000,
        "netperiodicdefinedbenefitsexpensereversalofexpenseexcludingservicecostcomponent": -29700000,
        "interestexpense": 292100000,
        "incomelossfromcontinuingoperationsbeforeincometaxesminorityinterestandincomelossfromequitymethodinvestments": 516200000,
        "incometaxexpensebenefit": 46500000,
        "incomelossfromequitymethodinvestments": 29600000,
        "netincomelossattributabletononcontrollinginterest": 4100000,
        "netincomelossavailabletocommonstockholdersbasic": 495200000,
        "weightedaveragenumberofsharesoutstandingbasic": 494596869,
        "earningspersharebasic": 1,
        "weightedaveragenumberofdilutedsharesoutstanding": 496608918,
        "earningspersharediluted": 1,
        "commonstockdividendspersharedeclared": 0.7
    },
    {
        "date": "2019-09-29",
        "symbol": "AEP",
        "period": "Q3",
        "revenuefromcontractwithcustomerincludingassessedtax": 2598900000,
        "profitloss": 733900000,
        "othercomprehensiveincomelossderivativesqualifyingashedgesnetoftax": 44200000,
        "othercomprehensiveincomelosspensionandotherpostretirementbenefitplansadjustmentnetoftax": 1400000,
        "othercomprehensiveincomelossnetoftax": 42800000,
        "comprehensiveincomenetoftaxincludingportionattributabletononcontrollinginterest": 776700000,
        "comprehensiveincomenetoftaxattributabletononcontrollinginterest": 400000,
        "comprehensiveincomenetoftax": 776300000,
        "othercomprehensiveincomelossderivativesqualifyingashedgestax": 11800000,
        "othercomprehensiveincomelosspensionandotherpostretirementbenefitplanstax": -400000,
        "revenuefromrelatedparties": 42700000,
        "provisionforrefund": -100000,
        "relatedpartytransactionotherrevenuesfromtransactionswithrelatedparty": 16200000,
        "revenues": 4315000000,
        "costofgoodsandservicessold": 631200000,
        "costofpurchasedpowerfromaffiliate": 61000000,
        "amortizationofgenerationdeferrals": 8800000,
        "utilitiesoperatingexpenseoperations": 708300000,
        "utilitiesoperatingexpensemaintenance": 267700000,
        "utilitiesoperatingexpensedepreciationandamortization": 645200000,
        "taxesexcludingincomeandexcisetaxes": 320500000,
        "operatingexpenses": 3356800000,
        "operatingincomeloss": 958200000,
        "investmentincomeinterestanddividend": 400000,
        "carryingcostsincome": 300000,
        "othernonoperatingincomeexpense": 3200000,
        "publicutilitiesallowanceforfundsusedduringconstructioncapitalizedcostofequity": 43000000,
        "netperiodicdefinedbenefitsexpensereversalofexpenseexcludingservicecostcomponent": -30000000,
        "interestexpense": 275100000,
        "incomelossfromcontinuingoperationsbeforeincometaxesminorityinterestandincomelossfromequitymethodinvestments": 759300000,
        "incometaxexpensebenefit": 40600000,
        "incomelossfromequitymethodinvestments": 15200000,
        "netincomelossattributabletononcontrollinginterest": 400000,
        "netincomelossavailabletocommonstockholdersbasic": 733500000,
        "weightedaveragenumberofsharesoutstandingbasic": 493839034,
        "earningspersharebasic": 1.49,
        "weightedaveragenumberofdilutedsharesoutstanding": 495461509,
        "earningspersharediluted": 1.48,
        "commonstockdividendspersharedeclared": 0.67
    },
    {
        "date": "2019-06-29",
        "symbol": "AEP",
        "period": "Q2",
        "profitloss": 459100000,
        "othercomprehensiveincomelossderivativesqualifyingashedgesnetoftax": -78600000,
        "othercomprehensiveincomelosspensionandotherpostretirementbenefitplansadjustmentnetoftax": 1400000,
        "othercomprehensiveincomelossnetoftax": -80000000,
        "comprehensiveincomenetoftaxincludingportionattributabletononcontrollinginterest": 379100000,
        "comprehensiveincomenetoftaxattributabletononcontrollinginterest": -2200000,
        "comprehensiveincomenetoftax": 381300000,
        "othercomprehensiveincomelossderivativesqualifyingashedgestax": -20900000,
        "othercomprehensiveincomelosspensionandotherpostretirementbenefitplanstax": 300000,
        "revenuefromcontractwithcustomerincludingassessedtax": 2116400000,
        "revenuefromrelatedparties": 42200000,
        "provisionforrefund": -25200000,
        "relatedpartytransactionotherrevenuesfromtransactionswithrelatedparty": 20900000,
        "revenues": 3573600000,
        "costofgoodsandservicessold": 480900000,
        "costofpurchasedpowerfromaffiliate": 51300000,
        "amortizationofgenerationdeferrals": 24100000,
        "utilitiesoperatingexpenseoperations": 607400000,
        "utilitiesoperatingexpensemaintenance": 348700000,
        "utilitiesoperatingexpensedepreciationandamortization": 622600000,
        "taxesexcludingincomeandexcisetaxes": 302300000,
        "operatingexpenses": 3022600000,
        "operatingincomeloss": 551000000,
        "investmentincomeinterestanddividend": 600000,
        "carryingcostsincome": 200000,
        "othernonoperatingincomeexpense": 6600000,
        "publicutilitiesallowanceforfundsusedduringconstructioncapitalizedcostofequity": 50400000,
        "netperiodicdefinedbenefitsexpensereversalofexpenseexcludingservicecostcomponent": -30000000,
        "interestexpense": 250700000,
        "incomelossfromcontinuingoperationsbeforeincometaxesminorityinterestandincomelossfromequitymethodinvestments": 387300000,
        "incometaxexpensebenefit": -54400000,
        "incomelossfromequitymethodinvestments": 17400000,
        "netincomelossattributabletononcontrollinginterest": -2200000,
        "netincomelossavailabletocommonstockholdersbasic": 461300000,
        "weightedaveragenumberofsharesoutstandingbasic": 493584347,
        "earningspersharebasic": 0.93,
        "weightedaveragenumberofdilutedsharesoutstanding": 495382966,
        "earningspersharediluted": 0.93,
        "commonstockdividendspersharedeclared": 0.67
    },
    {
        "date": "2019-03-30",
        "symbol": "AEP",
        "period": "Q1",
        "profitloss": 574100000,
        "othercomprehensiveincomelossderivativesqualifyingashedgesnetoftax": -28900000,
        "othercomprehensiveincomelosspensionandotherpostretirementbenefitplansadjustmentnetoftax": 1400000,
        "othercomprehensiveincomelossnetoftax": -30300000,
        "comprehensiveincomenetoftaxincludingportionattributabletononcontrollinginterest": 543800000,
        "comprehensiveincomenetoftaxattributabletononcontrollinginterest": 1300000,
        "comprehensiveincomenetoftax": 542500000,
        "othercomprehensiveincomelossderivativesqualifyingashedgestax": -7700000,
        "othercomprehensiveincomelosspensionandotherpostretirementbenefitplanstax": 400000,
        "revenuefromcontractwithcustomerincludingassessedtax": 2372300000,
        "revenuefromrelatedparties": 40200000,
        "relatedpartytransactionotherrevenuesfromtransactionswithrelatedparty": 13300000,
        "revenues": 4056800000,
        "costofgoodsandservicessold": 550400000,
        "costofpurchasedpowerfromaffiliate": 59800000,
        "amortizationofgenerationdeferrals": 32400000,
        "utilitiesoperatingexpenseoperations": 666000000,
        "utilitiesoperatingexpensemaintenance": 274500000,
        "utilitiesoperatingexpensedepreciationandamortization": 605800000,
        "taxesexcludingincomeandexcisetaxes": 309900000,
        "operatingexpenses": 3268400000,
        "operatingincomeloss": 788400000,
        "investmentincomeinterestanddividend": 400000,
        "carryingcostsincome": -700000,
        "othernonoperatingincomeexpense": 8600000,
        "publicutilitiesallowanceforfundsusedduringconstructioncapitalizedcostofequity": 28900000,
        "netperiodicdefinedbenefitsexpensereversalofexpenseexcludingservicecostcomponent": -30000000,
        "interestexpense": 255800000,
        "incomelossfromcontinuingoperationsbeforeincometaxesminorityinterestandincomelossfromequitymethodinvestments": 600100000,
        "incometaxexpensebenefit": 44500000,
        "incomelossfromequitymethodinvestments": 18500000,
        "netincomelossattributabletononcontrollinginterest": 1300000,
        "netincomelossavailabletocommonstockholdersbasic": 572800000,
        "weightedaveragenumberofsharesoutstandingbasic": 493309076,
        "earningspersharebasic": 1.16,
        "weightedaveragenumberofdilutedsharesoutstanding": 494484144,
        "earningspersharediluted": 1.16,
        "commonstockdividendspersharedeclared": 0.67
    },
    {
        "date": "2018-09-29",
        "symbol": "AEP",
        "period": "Q3",
        "profitloss": 9600000,
        "othercomprehensiveincomelossderivativesqualifyingashedgesnetoftax": 2700000,
        "othercomprehensiveincomelosspensionandotherpostretirementbenefitplansadjustmentnetoftax": 300000,
        "othercomprehensiveincomelossnetoftax": -1400000,
        "comprehensiveincomenetoftaxincludingportionattributabletononcontrollinginterest": 92000000,
        "comprehensiveincomenetoftaxattributabletononcontrollinginterest": 1400000,
        "comprehensiveincomenetoftax": 90600000,
        "othercomprehensiveincomelossderivativesqualifyingashedgestax": 800000,
        "othercomprehensiveincomelosspensionandotherpostretirementbenefitplanstax": 100000,
        "revenuefromcontractwithcustomerincludingassessedtax": 2289400000,
        "revenuefromrelatedparties": 20100000,
        "relatedpartytransactionotherrevenuesfromtransactionswithrelatedparty": 17100000,
        "revenues": 23700000,
        "costofgoodsandservicessold": -5800000,
        "costofpurchasedpowerfromaffiliate": 39300000,
        "amortizationofgenerationdeferrals": 56900000,
        "utilitiesoperatingexpenseoperations": 99100000,
        "utilitiesoperatingexpensemaintenance": 33600000,
        "utilitiesoperatingexpensedepreciationandamortization": 59900000,
        "taxesexcludingincomeandexcisetaxes": 26900000,
        "operatingexpenses": 408200000,
        "operatingincomeloss": 127100000,
        "investmentincomenet": 5400000,
        "investmentincomeinterestanddividend": 1100000,
        "carryingcostsincome": 200000,
        "publicutilitiesallowanceforfundsusedduringconstructioncapitalizedcostofequity": 600000,
        "othernonoperatingincomeexpense": -200000,
        "netperiodicdefinedbenefitsexpensereversalofexpenseexcludingservicecostcomponent": -2300000,
        "interestexpense": 400000,
        "incomelossfromcontinuingoperationsbeforeincometaxesminorityinterestandincomelossfromequitymethodinvestments": 98400000,
        "incometaxexpensebenefit": 400000,
        "incomelossfromequitymethodinvestments": 800000,
        "netincomelossattributabletononcontrollinginterest": 1400000,
        "netincomelossavailabletocommonstockholdersbasic": 88200000,
        "weightedaveragenumberofsharesoutstandingbasic": 493000000,
        "incomelossfromcontinuingoperationsperbasicshare": 1.17,
        "earningspersharebasic": 1.17,
        "weightedaveragenumberofdilutedsharesoutstanding": 493940543,
        "incomelossfromcontinuingoperationsperdilutedshare": 1.17,
        "earningspersharediluted": 1.17,
        "commonstockdividendspersharedeclared": 0.62
    },
    {
        "date": "2018-06-29",
        "symbol": "AEP",
        "period": "Q2",
        "profitloss": -2300000,
        "othercomprehensiveincomelossderivativesqualifyingashedgesnetoftax": 500000,
        "othercomprehensiveincomelosspensionandotherpostretirementbenefitplansadjustmentnetoftax": 400000,
        "othercomprehensiveincomelossnetoftax": -1200000,
        "comprehensiveincomenetoftaxincludingportionattributabletononcontrollinginterest": 38800000,
        "comprehensiveincomenetoftaxattributabletononcontrollinginterest": 1100000,
        "comprehensiveincomenetoftax": 37700000,
        "othercomprehensiveincomelossderivativesqualifyingashedgestax": 100000,
        "othercomprehensiveincomelosspensionandotherpostretirementbenefitplanstax": 100000,
        "electricaltransmissionrevenue": 103500000,
        "electricutilityrevenue": 2340700000,
        "electricaltransmissionanddistributionrevenue": 1127900000,
        "electricalgenerationrevenue": 435300000,
        "revenuefromrelatedparties": 18000000,
        "relatedpartytransactionotherrevenuesfromtransactionswithrelatedparty": 27200000,
        "othersalesrevenuenet": 5800000,
        "revenues": 23800000,
        "electricproductionexpense": 114500000,
        "costofpurchasedpower": -4700000,
        "costofpurchasedpowerfromaffiliate": 27900000,
        "amortizationofgenerationdeferrals": 56400000,
        "utilitiesoperatingexpenseoperations": 98000000,
        "utilitiesoperatingexpensemaintenance": 37600000,
        "utilitiesoperatingexpensedepreciationandamortization": 58600000,
        "taxesexcludingincomeandexcisetaxes": 24500000,
        "operatingexpenses": 386600000,
        "operatingincomeloss": 70500000,
        "investmentincomenet": 3800000,
        "investmentincomeinterestanddividend": 600000,
        "carryingcostsincome": 600000,
        "publicutilitiesallowanceforfundsusedduringconstructioncapitalizedcostofequity": 900000,
        "othernonoperatingincomeexpense": -100000,
        "nonservicecostcomponentsofnetperiodicbenefitcost": -2300000,
        "interestexpense": 200000,
        "incomelossfromcontinuingoperationsbeforeincometaxesminorityinterestandincomelossfromequitymethodinvestments": 43400000,
        "incometaxexpensebenefit": 300000,
        "incomelossfromequitymethodinvestments": 700000,
        "netincomelossattributabletononcontrollinginterest": 1100000,
        "netincomelossavailabletocommonstockholdersbasic": 37600000,
        "weightedaveragenumberofsharesoutstandingbasic": 492700000,
        "incomelossfromcontinuingoperationsperbasicshare": 1.07,
        "earningspersharebasic": 1.07,
        "weightedaveragenumberofdilutedsharesoutstanding": 493500000,
        "incomelossfromcontinuingoperationsperdilutedshare": 1.07,
        "earningspersharediluted": 1.07,
        "commonstockdividendspersharedeclared": 0.62
    },
    {
        "date": "2017-06-29",
        "symbol": "AEP",
        "period": "Q2",
        "profitloss": -11800000,
        "othercomprehensiveincomelossderivativesqualifyingashedgesnetoftax": 200000,
        "othercomprehensiveincomelossavailableforsalesecuritiesadjustmentnetoftax": 600000,
        "othercomprehensiveincomelosspensionandotherpostretirementbenefitplansadjustmentnetoftax": 100000,
        "othercomprehensiveincomelossnetoftax": 600000,
        "comprehensiveincomenetoftaxincludingportionattributabletononcontrollinginterest": 25200000,
        "comprehensiveincomenetoftaxattributabletononcontrollinginterest": 600000,
        "comprehensiveincomenetoftax": 24600000,
        "othercomprehensiveincomelossderivativesqualifyingashedgestax": 200000,
        "othercomprehensiveincomelossavailableforsalesecuritiestax": 400000,
        "othercomprehensiveincomelosspensionandotherpostretirementbenefitplanstax": 100000,
        "electricaltransmissionrevenue": 44000000,
        "electricutilityrevenue": 416000000,
        "electricaltransmissionanddistributionrevenue": 653400000,
        "electricalgenerationrevenue": 386500000,
        "revenuefromrelatedparties": 8100000,
        "relatedpartytransactionotherrevenuesfromtransactionswithrelatedparty": 12400000,
        "othersalesrevenuenet": 600000,
        "revenues": 28900000,
        "electricproductionexpense": 111400000,
        "costofpurchasedpower": 8300000,
        "costofpurchasedpowerfromaffiliate": 24700000,
        "amortizationofgenerationdeferrals": 53300000,
        "utilitiesoperatingexpenseoperations": 73900000,
        "utilitiesoperatingexpensemaintenance": 41700000,
        "otherassetimpairmentcharges": 1900000,
        "gainonsaleofmerchantgenerationassets": -100000,
        "utilitiesoperatingexpensedepreciationandamortization": 52100000,
        "taxesexcludingincomeandexcisetaxes": 24300000,
        "operatingexpenses": 349700000,
        "operatingincomeloss": 75000000,
        "investmentincomenet": 2300000,
        "investmentincomeinterestanddividend": 400000,
        "carryingcostsincome": 600000,
        "publicutilitiesallowanceforfundsusedduringconstructioncapitalizedcostofequity": 800000,
        "interestexpense": 300000,
        "incomelossfromcontinuingoperationsbeforeincometaxesminorityinterestandincomelossfromequitymethodinvestments": 44500000,
        "incometaxexpensebenefit": -100000,
        "incomelossfromequitymethodinvestments": -6200000,
        "incomelossfromcontinuingoperationsincludingportionattributabletononcontrollinginterest": -11800000,
        "netincomelossattributabletononcontrollinginterest": 600000,
        "netincomelossavailabletocommonstockholdersbasic": 24500000,
        "weightedaveragenumberofsharesoutstandingbasic": 491790752,
        "incomelossfromcontinuingoperationsperbasicshare": 0.76,
        "earningspersharebasic": 0.76,
        "weightedaveragenumberofdilutedsharesoutstanding": 492600000,
        "incomelossfromcontinuingoperationsperdilutedshare": 0.76,
        "earningspersharediluted": 0.76,
        "commonstockdividendspersharedeclared": 0.59
    },
    {
        "date": "2016-06-29",
        "symbol": "AEP",
        "period": "Q2",
        "profitloss": 23800000,
        "othercomprehensiveincomelossderivativesqualifyingashedgesnetoftax": 400000,
        "othercomprehensiveincomelossavailableforsalesecuritiesadjustmentnetoftax": 600000,
        "othercomprehensiveincomelosspensionandotherpostretirementbenefitplansadjustmentnetoftax": 200000,
        "othercomprehensiveincomelossnetoftax": 600000,
        "comprehensiveincomenetoftaxincludingportionattributabletononcontrollinginterest": 44500000,
        "comprehensiveincomenetoftaxattributabletononcontrollinginterest": 1100000,
        "comprehensiveincomenetoftax": 43400000,
        "othercomprehensiveincomelossderivativesqualifyingashedgestax": 300000,
        "othercomprehensiveincomelossavailableforsalesecuritiestax": 400000,
        "othercomprehensiveincomelosspensionandotherpostretirementbenefitplanstax": 100000,
        "electricutilityrevenue": 418200000,
        "electricaltransmissionanddistributionrevenue": 728100000,
        "electricalgenerationrevenue": 655300000,
        "revenuefromrelatedparties": 8300000,
        "relatedpartytransactionotherrevenuesfromtransactionswithrelatedparty": 15400000,
        "othersalesrevenuenet": -6700000,
        "revenues": -204500000,
        "electricproductionexpense": 122600000,
        "costofpurchasedpower": 3200000,
        "costofpurchasedpowerfromaffiliate": 400000,
        "amortizationofgenerationdeferrals": 51800000,
        "utilitiesoperatingexpenseoperations": 77000000,
        "utilitiesoperatingexpensemaintenance": 37100000,
        "utilitiesoperatingexpensedepreciationandamortization": 49400000,
        "taxesexcludingincomeandexcisetaxes": 21500000,
        "operatingexpenses": 341100000,
        "operatingincomeloss": 85900000,
        "investmentincomenet": 2400000,
        "investmentincomeinterestanddividend": 100000,
        "carryingcostsincome": 1200000,
        "publicutilitiesallowanceforfundsusedduringconstructioncapitalizedcostofequity": 2000000,
        "interestexpense": 600000,
        "incomelossfromcontinuingoperationsbeforeincometaxesminorityinterestandincomelossfromequitymethodinvestments": 56400000,
        "incometaxexpensebenefit": -100000,
        "incomelossfromequitymethodinvestments": 1200000,
        "incomelossfromcontinuingoperationsincludingportionattributabletononcontrollinginterest": 26300000,
        "incomelossfromdiscontinuedoperationsnetoftax": -2500000,
        "netincomelossattributabletononcontrollinginterest": 1100000,
        "netincomelossavailabletocommonstockholdersbasic": 43200000,
        "weightedaveragenumberofsharesoutstandingbasic": 491459541,
        "incomelossfromcontinuingoperationsperbasicshare": 1.03,
        "discontinuedoperationincomelossfromdiscontinuedoperationnetoftaxperbasicshare": -0.01,
        "earningspersharebasic": 1.02,
        "weightedaveragenumberofdilutedsharesoutstanding": 491641400,
        "incomelossfromcontinuingoperationsperdilutedshare": 1.03,
        "discontinuedoperationincomelossfromdiscontinuedoperationnetoftaxperdilutedshare": -0.01,
        "earningspersharediluted": 1.02,
        "commonstockdividendspersharedeclared": 0.56
    },
    {
        "date": "2015-09-29",
        "symbol": "AEP",
        "period": "Q3",
        "profitloss": -9000000,
        "othercomprehensiveincomelossderivativesqualifyingashedgesnetoftax": 432000,
        "othercomprehensiveincomelossavailableforsalesecuritiesadjustmentnetoftax": -1000000,
        "othercomprehensiveincomelosspensionandotherpostretirementbenefitplansadjustmentnetoftax": 240000,
        "othercomprehensiveincomelossnetoftax": -1000000,
        "comprehensiveincomenetoftaxincludingportionattributabletononcontrollinginterest": 82318000,
        "comprehensiveincomenetoftaxattributabletononcontrollinginterest": 1013000,
        "comprehensiveincomenetoftax": 81305000,
        "othercomprehensiveincomelossderivativesqualifyingashedgestax": 232000,
        "othercomprehensiveincomelossavailableforsalesecuritiestax": -1000000,
        "othercomprehensiveincomelosspensionandotherpostretirementbenefitplanstax": 129000,
        "electricutilityrevenue": 525922000,
        "electricaltransmissionanddistributionrevenue": 775905000,
        "electricalgenerationrevenue": 802000000,
        "revenuefromrelatedparties": 5959000,
        "relatedpartytransactionotherrevenuesfromtransactionswithrelatedparty": 21672000,
        "othersalesrevenuenet": -19000000,
        "revenues": -175000000,
        "electricproductionexpense": 179995000,
        "costofpurchasedpower": 14000000,
        "costofpurchasedpowerfromaffiliate": 45834000,
        "amortizationofgenerationdeferrals": 55466000,
        "utilitiesoperatingexpenseoperations": 81391000,
        "utilitiesoperatingexpensemaintenance": 34425000,
        "utilitiesoperatingexpensedepreciationandamortization": 48862000,
        "taxesexcludingincomeandexcisetaxes": 23014000,
        "operatingexpenses": 391284000,
        "operatingincomeloss": 141215000,
        "investmentincomenet": 2000000,
        "investmentincomeinterestanddividend": 69000,
        "carryingcostsincome": -1576000,
        "publicutilitiesallowanceforfundsusedduringconstructioncapitalizedcostofequity": 7053000,
        "interestexpense": 665000,
        "incomelossfromcontinuingoperationsbeforeincometaxesminorityinterestandincomelossfromequitymethodinvestments": 119074000,
        "incometaxexpensebenefit": 2000000,
        "incomelossfromequitymethodinvestments": 410000,
        "incomelossfromcontinuingoperationsincludingportionattributabletononcontrollinginterest": -9000000,
        "incomelossfromdiscontinuedoperationsnetoftax": 8000000,
        "netincomelossattributabletononcontrollinginterest": 1013000,
        "netincomelossavailabletocommonstockholdersbasic": 81113000,
        "weightedaveragenumberofsharesoutstandingbasic": 490648929,
        "incomelossfromcontinuingoperationsperbasicshare": 1.04,
        "discontinuedoperationincomelossfromdiscontinuedoperationnetoftaxperbasicshare": 0.02,
        "earningspersharebasic": 1.06,
        "weightedaveragenumberofdilutedsharesoutstanding": 490800335,
        "incomelossfromcontinuingoperationsperdilutedshare": 1.04,
        "discontinuedoperationincomelossfromdiscontinuedoperationnetoftaxperdilutedshare": 0.02,
        "earningspersharediluted": 1.06,
        "commonstockdividendspersharedeclared": 0.53
    },
    {
        "date": "2015-06-29",
        "symbol": "AEP",
        "period": "Q2",
        "profitloss": -3000000,
        "othercomprehensiveincomelossderivativesqualifyingashedgesnetoftax": 567000,
        "othercomprehensiveincomelossavailableforsalesecuritiesadjustmentnetoftax": -1000000,
        "othercomprehensiveincomelosspensionandotherpostretirementbenefitplansadjustmentnetoftax": 239000,
        "othercomprehensiveincomelossnetoftax": -1000000,
        "comprehensiveincomenetoftaxincludingportionattributabletononcontrollinginterest": 59754000,
        "comprehensiveincomenetoftaxattributabletononcontrollinginterest": 956000,
        "comprehensiveincomenetoftax": 58798000,
        "othercomprehensiveincomelossderivativesqualifyingashedgestax": 306000,
        "othercomprehensiveincomelosspensionandotherpostretirementbenefitplanstax": 129000,
        "electricutilityrevenue": 433187000,
        "electricaltransmissionanddistributionrevenue": 670250000,
        "electricalgenerationrevenue": 628000000,
        "revenuefromrelatedparties": 4486000,
        "relatedpartytransactionotherrevenuesfromtransactionswithrelatedparty": 21931000,
        "othersalesrevenuenet": -4000000,
        "revenues": -354000000,
        "electricproductionexpense": 125365000,
        "costofpurchasedpower": 7000000,
        "costofpurchasedpowerfromaffiliate": 146207000,
        "amortizationofgenerationdeferrals": 35301000,
        "utilitiesoperatingexpenseoperations": 67899000,
        "utilitiesoperatingexpensemaintenance": 38237000,
        "utilitiesoperatingexpensedepreciationandamortization": 47964000,
        "taxesexcludingincomeandexcisetaxes": 21316000,
        "operatingexpenses": 327969000,
        "operatingincomeloss": 110068000,
        "investmentincomenet": 3000000,
        "investmentincomeinterestanddividend": 1184000,
        "carryingcostsincome": 5153000,
        "publicutilitiesallowanceforfundsusedduringconstructioncapitalizedcostofequity": 5882000,
        "interestexpense": 872000,
        "incomelossfromcontinuingoperationsbeforeincometaxesminorityinterestandincomelossfromequitymethodinvestments": 85189000,
        "incometaxexpensebenefit": -1000000,
        "incomelossfromequitymethodinvestments": 1124000,
        "netincomelossattributabletononcontrollinginterest": 956000,
        "netincomelossavailabletocommonstockholdersbasic": 58470000,
        "weightedaveragenumberofsharesoutstandingbasic": 490207482,
        "earningspersharebasic": 0.88,
        "weightedaveragenumberofdilutedsharesoutstanding": 490484450,
        "earningspersharediluted": 0.88,
        "commonstockdividendspersharedeclared": 0.53
    },
    {
        "date": "2014-06-29",
        "symbol": "AEP",
        "period": "Q2",
        "profitloss": 32823000,
        "othercomprehensiveincomelossderivativesqualifyingashedgesnetoftax": 567000,
        "othercomprehensiveincomelosspensionandotherpostretirementbenefitplansadjustmentnetoftax": 235000,
        "othercomprehensiveincomelossnetoftax": -28000,
        "comprehensiveincomenetoftaxincludingportionattributabletononcontrollinginterest": 33155000,
        "comprehensiveincomenetoftaxattributabletononcontrollinginterest": 1126000,
        "comprehensiveincomenetoftax": 32029000,
        "othercomprehensiveincomelossderivativesqualifyingashedgestax": 306000,
        "othercomprehensiveincomelosspensionandotherpostretirementbenefitplanstax": 127000,
        "electricutilityrevenue": 444652000,
        "electricaltransmissionanddistributionrevenue": 739962000,
        "electricalgenerationrevenue": 573000000,
        "revenuefromrelatedparties": 3947000,
        "relatedpartytransactionotherrevenuesfromtransactionswithrelatedparty": 25262000,
        "othersalesrevenuenet": 684000,
        "revenues": 449283000,
        "electricproductionexpense": 161116000,
        "costofpurchasedpower": -95000,
        "costofpurchasedpowerfromaffiliate": 0,
        "amortizationofgenerationdeferrals": 24977000,
        "utilitiesoperatingexpenseoperations": 6000,
        "utilitiesoperatingexpensemaintenance": 3000,
        "utilitiesoperatingexpensedepreciationandamortization": -3000,
        "taxesexcludingincomeandexcisetaxes": 20289000,
        "operatingexpenses": 370496000,
        "operatingincomeloss": 78787000,
        "investmentincomenet": 3000000,
        "investmentincomeinterestanddividend": -3182000,
        "carryingcostsincome": 6874000,
        "publicutilitiesallowanceforfundsusedduringconstructioncapitalizedcostofequity": 2197000,
        "interestexpense": 390000,
        "incomelossfromcontinuingoperationsbeforeincometaxesminorityinterestandincomelossfromequitymethodinvestments": 49452000,
        "incometaxexpensebenefit": 66000,
        "incomelossfromequitymethodinvestments": 416000,
        "netincomelossattributabletononcontrollinginterest": 1126000,
        "netincomeloss": 31697000,
        "netincomelossavailabletocommonstockholdersbasic": 31697000,
        "weightedaveragenumberofsharesoutstandingbasic": 213416,
        "earningspersharebasic": 0.8,
        "weightedaveragenumberofdilutedsharesoutstanding": 134702,
        "earningspersharediluted": 0.8,
        "commonstockdividendspersharedeclared": 0.5
    },
    {
        "date": "2014-03-30",
        "symbol": "AEP",
        "period": "Q1",
        "electricutilityrevenue": 426627000,
        "electricaltransmissionanddistributionrevenue": 846906000,
        "electricalgenerationrevenue": 821000000,
        "revenuefromrelatedparties": 13598000,
        "relatedpartytransactionotherrevenuesfromtransactionswithrelatedparty": 24727000,
        "othersalesrevenuenet": 365000,
        "revenues": 440590000,
        "electricproductionexpense": 145587000,
        "costofpurchasedpower": -717000,
        "costofpurchasedpowerfromaffiliate": 3766000,
        "utilitiesoperatingexpenseoperations": -13000,
        "utilitiesoperatingexpensemaintenance": -10000,
        "otherassetimpairmentcharges": 33000000,
        "utilitiesoperatingexpensedepreciationandamortization": -3000,
        "amortizationofgenerationdeferrals": 31186000,
        "taxesexcludingincomeandexcisetaxes": 20737000,
        "operatingexpenses": 375864000,
        "operatingincomeloss": 64726000,
        "investmentincomenet": 1000000,
        "investmentincomeinterestanddividend": 3274000,
        "carryingcostsincome": 7114000,
        "publicutilitiesallowanceforfundsusedduringconstructioncapitalizedcostofequity": 2081000,
        "othernonoperatingincomeexpense": 1967000,
        "interestexpense": 872000,
        "incomelossfromcontinuingoperationsbeforeincometaxesminorityinterestandincomelossfromequitymethodinvestments": 34817000,
        "incometaxexpensebenefit": 126000,
        "incomelossfromequitymethodinvestments": 310000,
        "profitloss": 22962000,
        "netincomelossattributabletononcontrollinginterest": 1102000,
        "netincomeloss": 21860000,
        "netincomelossavailabletocommonstockholdersbasic": 21860000,
        "weightedaveragenumberofsharesoutstandingbasic": 487867089,
        "earningspersharebasic": 1.15,
        "weightedaveragenumberofdilutedsharesoutstanding": 488271167,
        "earningspersharediluted": 1.15,
        "commonstockdividendspersharedeclared": 0.5,
        "othercomprehensiveincomelossderivativesqualifyingashedgesnetoftax": 502000,
        "othercomprehensiveincomelosspensionandotherpostretirementbenefitplansadjustmentnetoftax": 234000,
        "othercomprehensiveincomelossnetoftax": -66000,
        "comprehensiveincomenetoftaxincludingportionattributabletononcontrollinginterest": 23230000,
        "comprehensiveincomenetoftaxattributabletononcontrollinginterest": 1102000,
        "comprehensiveincomenetoftax": 22128000,
        "othercomprehensiveincomelossderivativesqualifyingashedgestax": 270000,
        "othercomprehensiveincomelosspensionandotherpostretirementbenefitplanstax": 126000
    },
    {
        "date": "2013-03-30",
        "symbol": "AEP",
        "period": "Q1",
        "electricutilityrevenue": 381277000,
        "revenuefromrelatedparties": 12709000,
        "relatedpartytransactionotherrevenuesfromtransactionswithrelatedparty": 7840000,
        "othersalesrevenuenet": 331000,
        "revenues": 394317000,
        "electricproductionexpense": 151358000,
        "costofpurchasedpower": 39760000,
        "costofpurchasedpowerfromaffiliate": 1017000,
        "utilitiesoperatingexpenseoperations": 59448000,
        "utilitiesoperatingexpensemaintenance": 27791000,
        "otherassetimpairmentcharges": 62000000,
        "utilitiesoperatingexpensedepreciationandamortization": 44882000,
        "taxesexcludingincomeandexcisetaxes": 19422000,
        "operatingexpenses": 343678000,
        "operatingincomeloss": 50639000,
        "investmentincomenet": 3000000,
        "investmentincomeinterestanddividend": 30000,
        "carryingcostsincome": 207000,
        "publicutilitiesallowanceforfundsusedduringconstructioncapitalizedcostofequity": 1024000,
        "interestexpense": 33990000,
        "incomelossfromcontinuingoperationsbeforeincometaxesminorityinterestandincomelossfromequitymethodinvestments": 17703000,
        "incometaxexpensebenefit": 6796000,
        "incomelossfromequitymethodinvestments": 641000,
        "profitloss": 11548000,
        "netincomelossattributabletononcontrollinginterest": 1090000,
        "netincomeloss": 10458000,
        "netincomelossavailabletocommonstockholdersbasic": 10458000,
        "weightedaveragenumberofsharesoutstandingbasic": 485823668,
        "earningspersharebasic": 0.75,
        "weightedaveragenumberofdilutedsharesoutstanding": 486344036,
        "earningspersharediluted": 0.75,
        "commonstockdividendspersharedeclared": 0.47,
        "othercomprehensiveincomelossderivativesqualifyingashedgesnetoftax": 596000,
        "othercomprehensiveincomelossavailableforsalesecuritiesadjustmentnetoftax": 1000000,
        "othercomprehensiveincomelosspensionandotherpostretirementbenefitplansadjustmentnetoftax": 63000,
        "othercomprehensiveincomelossnetoftax": 29000,
        "comprehensiveincomenetoftaxincludingportionattributabletononcontrollinginterest": 12081000,
        "comprehensiveincomenetoftaxattributabletononcontrollinginterest": 1090000,
        "comprehensiveincomenetoftax": 10991000,
        "comprehensiveincomeafterpreferredstocknetoftax": 394000000,
        "othercomprehensiveincomelossderivativesqualifyingashedgestax": 321000,
        "othercomprehensiveincomelossavailableforsalesecuritiestax": 1000000,
        "othercomprehensiveincomelosspensionandotherpostretirementbenefitplanstax": 34000
    },
    {
        "date": "2012-03-30",
        "symbol": "AEP",
        "period": "Q1",
        "electricutilityrevenue": 339703000,
        "revenuefromrelatedparties": 8957000,
        "relatedpartytransactionotherrevenuesfromtransactionswithrelatedparty": 9111000,
        "othersalesrevenuenet": 326000,
        "revenues": 348986000,
        "electricproductionexpense": 128234000,
        "costofpurchasedpower": 35467000,
        "costofpurchasedpowerfromaffiliate": 6255000,
        "utilitiesoperatingexpenseoperations": 51593000,
        "utilitiesoperatingexpensemaintenance": 21262000,
        "otherassetimpairmentcharges": 49000000,
        "utilitiesoperatingexpensedepreciationandamortization": 34021000,
        "taxesexcludingincomeandexcisetaxes": 16786000,
        "operatingexpenses": 293618000,
        "operatingincomeloss": 55368000,
        "investmentincomenet": 2000000,
        "investmentincomeinterestanddividend": 935000,
        "carryingcostsincome": 613000,
        "publicutilitiesallowanceforfundsusedduringconstructioncapitalizedcostofequity": 13774000,
        "othernonoperatingincomeexpense": 14894000,
        "interestexpense": 22002000,
        "incomelossfromcontinuingoperationsbeforeincometaxesminorityinterestandincomelossfromequitymethodinvestments": 48260000,
        "incometaxexpensebenefit": 12472000,
        "incomelossfromequitymethodinvestments": 607000,
        "profitloss": 1083000,
        "netincomelossattributabletononcontrollinginterest": 1083000,
        "netincomeloss": 35312000,
        "netincomelossavailabletocommonstockholdersbasic": 35312000,
        "weightedaveragenumberofsharesoutstandingbasic": 483828101,
        "earningspersharebasic": 0.8,
        "weightedaveragenumberofdilutedsharesoutstanding": 484248868,
        "earningspersharediluted": 0.8,
        "commonstockdividendspersharedeclared": 0.47,
        "othercomprehensiveincomederivativesqualifyingashedgesnetoftaxperiodincreasedecrease": -1775000,
        "othercomprehensiveincomeavailableforsalesecuritiesadjustmentnetoftaxperiodincreasedecrease": 2000000,
        "othercomprehensiveincomelosspensionandotherpostretirementbenefitplansadjustmentnetoftax": 165000,
        "othercomprehensiveincomelossbeforetaxperiodincreasedecrease": -1610000,
        "comprehensiveincomenetoftaxincludingportionattributabletononcontrollinginterest": 34785000,
        "comprehensiveincomenetoftaxattributabletononcontrollinginterest": 1083000,
        "comprehensiveincomenetoftax": 33702000,
        "comprehensiveincomeafterpreferredstocknetoftax": 387000000,
        "othercomprehensiveincomederivativesqualifyingashedgestaxeffectperiodincreasedecrease": 956000,
        "othercomprehensiveincomeavailableforsalesecuritiestax": 1000000,
        "othercomprehensiveincomelosspensionandotherpostretirementbenefitplansadjustmenttax": 89000
    },
    {
        "date": "2011-03-30",
        "symbol": "AEP",
        "period": "Q1",
        "othercomprehensiveincomederivativesqualifyingashedgestaxeffectperiodincreasedecrease": 1000000,
        "othercomprehensiveincomeamortizationofdefinedbenefitplannetpriorservicecostrecognizedinnetperiodicpensioncosttax": 3000000,
        "stockholdersequityincludingportionattributabletononcontrollinginterest": 13779000000,
        "commonstocksharesissued": 502009606,
        "stockissuedduringperiodvaluenewissues": 6000000,
        "stockissuedduringperiodsharesnewissues": 1000000,
        "dividendscommonstock": 223000000,
        "preferredstockdividends": 1000000,
        "stockholdersequityother": -13000000,
        "subtotalcommonshareholdersequity": 13416000000,
        "othercomprehensiveincomederivativesqualifyingashedgesnetoftaxperiodincreasedecrease": 1000000,
        "othercomprehensiveincomeavailableforsalesecuritiesadjustmentnetoftaxperiodincreasedecrease": 1000000,
        "othercomprehensiveincomeamortizationofdefinedbenefitplannetpriorservicecostrecognizedinnetperiodicpensioncostnetoftax": 6000000,
        "netincomelossattributabletononcontrollinginterest": 1000000,
        "netincomeloss": 354000000,
        "profitloss": -31000000,
        "comprehensiveincomenetoftaxincludingportionattributabletononcontrollinginterest": 363000000,
        "weightedaveragenumberofsharesoutstandingbasic": 481144270,
        "earningspersharebasic": 0.73,
        "weightedaveragenumberofdilutedsharesoutstanding": 481365806,
        "earningspersharediluted": 0.73,
        "commonstockdividendspersharedeclared": 0.46,
        "electricutilityrevenue": 3497000000,
        "othersalesrevenuenet": 233000000,
        "revenues": -34000000,
        "electricproductionexpense": 1056000000,
        "costofpurchasedpower": 275000000,
        "utilitiesoperatingexpenseoperations": 686000000,
        "utilitiesoperatingexpensemaintenance": 265000000,
        "depreciationandamortization": 403000000,
        "taxesexcludingincomeandexcisetaxes": 213000000,
        "operatingexpenses": 2898000000,
        "operatingincomeloss": 832000000,
        "investmentincomenet": 2000000,
        "carryingcostsincome": 15000000,
        "allowanceforequityfundsusedduringconstruction": 20000000,
        "interestexpense": 242000000,
        "incomelossfromcontinuingoperationsbeforeincometaxesminorityinterestandincomelossfromequitymethodinvestments": 627000000,
        "incometaxexpensebenefit": 278000000,
        "incomelossfromequitymethodinvestments": 6000000,
        "netincomelossavailabletocommonstockholdersbasic": 353000000
    },
    {
        "date": "2010-03-30",
        "symbol": "AEP",
        "period": "Q1",
        "stockholdersequityincludingportionattributabletononcontrollinginterest": -364000000,
        "commonstocksharesissued": 499000000,
        "stockissuedduringperiodvaluenewissues": 26000000,
        "stockissuedduringperiodsharesnewissues": 1000000,
        "dividendscommonstock": 197000000,
        "preferredstockdividends": 1000000,
        "stockholdersequityother": 2000000,
        "subtotalcommonshareholdersequity": 12968000000,
        "othercomprehensiveincomederivativesqualifyingashedgesnetoftaxperiodincreasedecrease": 4000000,
        "othercomprehensiveincomeavailableforsalesecuritiesadjustmentnetoftaxperiodincreasedecrease": 1000000,
        "othercomprehensiveincomeamortizationofdefinedbenefitplannetpriorservicecostrecognizedinnetperiodicpensioncostnetoftax": 5000000,
        "profitloss": 1000000,
        "comprehensiveincomenetoftaxincludingportionattributabletononcontrollinginterest": 356000000,
        "electricutilityrevenue": 3406000000,
        "othersalesrevenuenet": 163000000,
        "revenues": 3569000000,
        "electricproductionexpense": 1014000000,
        "costofpurchasedpower": 238000000,
        "utilitiesoperatingexpenseoperations": 673000000,
        "utilitiesoperatingexpensemaintenance": 271000000,
        "depreciationandamortization": 408000000,
        "taxesexcludingincomeandexcisetaxes": 207000000,
        "operatingexpenses": 2811000000,
        "operatingincomeloss": 758000000,
        "investmentincomenet": 3000000,
        "carryingcostsincome": 14000000,
        "allowanceforfundsusedduringconstructionadditions": 24000000,
        "interestexpense": 250000000,
        "incomelossfromcontinuingoperationsbeforeincometaxesminorityinterestandincomelossfromequitymethodinvestments": 549000000,
        "incometaxexpensebenefit": 207000000,
        "incomelossfromequitymethodinvestments": 4000000,
        "netincomelossattributabletononcontrollinginterest": 1000000,
        "netincomeloss": 345000000,
        "netincomelossavailabletocommonstockholdersbasic": 344000000,
        "weightedaveragenumberofsharesoutstandingbasic": 478429535,
        "earningspersharebasic": 0.72,
        "weightedaveragenumberofdilutedsharesoutstanding": 478844632,
        "earningspersharediluted": 0.72,
        "commonstockdividendspersharecashpaid": 0.41
    }
]