[
    {
        "date": "2024-06-29",
        "symbol": "PM",
        "period": "Q2",
        "revenuefromcontractwithcustomerexcludingassessedtax": 9468000000,
        "costofgoodsandservicessold": 3345000000,
        "grossprofit": 6123000000,
        "marketingadministrationandresearchcosts": 2679000000,
        "operatingincomeloss": 3444000000,
        "interestincomeexpensenonoperatingnet": -329000000,
        "netperiodicdefinedbenefitsexpensereversalofexpenseexcludingservicecostcomponent": 14000000,
        "incomelossfromcontinuingoperationsbeforeincometaxesminorityinterestandincomelossfromequitymethodinvestments": 3101000000,
        "incometaxexpensebenefit": 734000000,
        "incomelossfromequitymethodinvestments": 161000000,
        "profitloss": 2528000000,
        "netincomelossattributabletononcontrollinginterest": 122000000,
        "netincomeloss": 2406000000,
        "earningspersharebasic": 1.54,
        "earningspersharediluted": 1.54,
        "exciseandsalestaxes": 12923000000,
        "othercomprehensiveincomeforeigncurrencytransactionandtranslationgainlossarisingduringperiodnetoftax": -123000000,
        "othercomprehensiveincomelossforeigncurrencytransactionandtranslationreclassificationadjustmentfromaocirealizeduponsaleorliquidationnetoftax": -113000000,
        "othercomprehensiveincomelossreclassificationadjustmentfromaocipensionandotherpostretirementbenefitplansnetoftax": 33000000,
        "othercomprehensiveincomelosscashflowhedgegainlossbeforereclassificationaftertax": 108000000,
        "othercomprehensiveincomelosscashflowhedgegainlossreclassificationaftertax": 48000000,
        "othercomprehensiveincomelossnetoftax": 83000000,
        "comprehensiveincomenetoftaxincludingportionattributabletononcontrollinginterest": 2611000000,
        "comprehensiveincomenetoftaxattributabletononcontrollinginterest": 70000000,
        "comprehensiveincomenetoftax": 2541000000,
        "othercomprehensiveincomeforeigncurrencytranslationgainlossarisingduringperiodtax": 28000000,
        "othercomprehensiveincomelossreclassificationadjustmentfromaocipensionandotherpostretirementbenefitplanstax": 9000000,
        "othercomprehensiveincomelosscashflowhedgegainlossbeforereclassificationtax": 16000000,
        "othercomprehensiveincomelosscashflowhedgegainlossreclassificationtax": 7000000
    },
    {
        "date": "2023-12-30",
        "symbol": "PM",
        "period": "Q4",
        "revenuefromcontractwithcustomerexcludingassessedtax": 9047000000,
        "costofgoodsandservicessold": 3462000000,
        "grossprofit": 5585000000,
        "marketingadministrationandresearchcosts": 2031000000,
        "operatingincomeloss": 2889000000,
        "interestincomeexpensenet": -273000000,
        "netperiodicdefinedbenefitsexpensereversalofexpenseexcludingservicecostcomponent": 9000000,
        "incomelossfromcontinuingoperationsbeforeincometaxesminorityinterestandincomelossfromequitymethodinvestments": 2607000000,
        "incometaxexpensebenefit": 320000000,
        "profitloss": 2313000000,
        "netincomelossattributabletononcontrollinginterest": 117000000,
        "netincomeloss": 2196000000,
        "earningspersharebasic": 1.4100000000000004,
        "earningspersharediluted": 1.4100000000000004,
        "othercomprehensiveincomeforeigncurrencytransactionandtranslationgainlossarisingduringperiodnetoftax": -974000000,
        "othercomprehensiveincomelossreclassificationadjustmentfromaocipensionandotherpostretirementbenefitplansnetoftax": 28000000,
        "othercomprehensiveincomelosscashflowhedgegainlossbeforereclassificationaftertax": -109000000,
        "othercomprehensiveincomelosscashflowhedgegainlossreclassificationaftertax": 65000000,
        "othercomprehensiveincomelossnetoftax": -1973000000,
        "comprehensiveincomenetoftaxincludingportionattributabletononcontrollinginterest": 340000000,
        "comprehensiveincomenetoftaxattributabletononcontrollinginterest": 142000000,
        "comprehensiveincomenetoftax": 198000000,
        "othercomprehensiveincomeforeigncurrencytranslationgainlossarisingduringperiodtax": -168000000,
        "othercomprehensiveincomelossreclassificationadjustmentfromaocipensionandotherpostretirementbenefitplanstax": 8000000,
        "othercomprehensiveincomelosscashflowhedgegainlossbeforereclassificationtax": -26000000,
        "othercomprehensiveincomelosscashflowhedgegainlossreclassificationtax": 2000000,
        "exciseandsalestaxes": 12264000000
    },
    {
        "date": "2023-09-29",
        "symbol": "PM",
        "period": "Q3",
        "revenuefromcontractwithcustomerexcludingassessedtax": 9141000000,
        "costofgoodsandservicessold": 3165000000,
        "grossprofit": 5976000000,
        "marketingadministrationandresearchcosts": 2606000000,
        "operatingincomeloss": 3370000000,
        "interestincomeexpensenet": -261000000,
        "netperiodicdefinedbenefitsexpensereversalofexpenseexcludingservicecostcomponent": 8000000,
        "incomelossfromcontinuingoperationsbeforeincometaxesminorityinterestandincomelossfromequitymethodinvestments": 3101000000,
        "incometaxexpensebenefit": 1031000000,
        "profitloss": 2171000000,
        "netincomelossattributabletononcontrollinginterest": 117000000,
        "netincomeloss": 2054000000,
        "earningspersharebasic": 1.3199999999999996,
        "earningspersharediluted": 1.3199999999999996,
        "othercomprehensiveincomeforeigncurrencytransactionandtranslationgainlossarisingduringperiodnetoftax": 158000000,
        "othercomprehensiveincomelossreclassificationadjustmentfromaocipensionandotherpostretirementbenefitplansnetoftax": 18000000,
        "othercomprehensiveincomelosscashflowhedgegainlossbeforereclassificationaftertax": 58000000,
        "othercomprehensiveincomelosscashflowhedgegainlossreclassificationaftertax": 51000000,
        "othercomprehensiveincomelossnetoftax": 185000000,
        "comprehensiveincomenetoftaxincludingportionattributabletononcontrollinginterest": 2356000000,
        "comprehensiveincomenetoftaxattributabletononcontrollinginterest": 74000000,
        "comprehensiveincomenetoftax": 2282000000,
        "othercomprehensiveincomeforeigncurrencytranslationgainlossarisingduringperiodtax": 95000000,
        "othercomprehensiveincomelossreclassificationadjustmentfromaocipensionandotherpostretirementbenefitplanstax": 6000000,
        "othercomprehensiveincomelosscashflowhedgegainlossbeforereclassificationtax": 8000000,
        "othercomprehensiveincomelosscashflowhedgegainlossreclassificationtax": 8000000,
        "exciseandsalestaxes": 13092000000
    },
    {
        "date": "2023-06-29",
        "symbol": "PM",
        "period": "Q2",
        "revenuefromcontractwithcustomerexcludingassessedtax": 8967000000,
        "costofgoodsandservicessold": 3228000000,
        "grossprofit": 5739000000,
        "marketingadministrationandresearchcosts": 3173000000,
        "operatingincomeloss": 2566000000,
        "interestincomeexpensenet": -297000000,
        "netperiodicdefinedbenefitsexpensereversalofexpenseexcludingservicecostcomponent": 6000000,
        "incomelossfromcontinuingoperationsbeforeincometaxesminorityinterestandincomelossfromequitymethodinvestments": 2263000000,
        "incometaxexpensebenefit": 560000000,
        "incomelossfromequitymethodinvestmentsandequitysecuritiesfvni": -21000000,
        "profitloss": 1682000000,
        "netincomelossattributabletononcontrollinginterest": 114000000,
        "netincomeloss": 1568000000,
        "earningspersharebasic": 1.01,
        "earningspersharediluted": 1.01,
        "othercomprehensiveincomeforeigncurrencytransactionandtranslationgainlossarisingduringperiodnetoftax": -572000000,
        "othercomprehensiveincomelossforeigncurrencytransactionandtranslationreclassificationadjustmentfromaocirealizeduponsaleorliquidationnetoftax": -2000000,
        "othercomprehensiveincomelosspensionandotherpostretirementbenefitplansadjustmentbeforereclassificationadjustmentsnetoftax": 2000000,
        "othercomprehensiveincomelossreclassificationadjustmentfromaocipensionandotherpostretirementbenefitplansnetoftax": 16000000,
        "othercomprehensiveincomelosscashflowhedgegainlossbeforereclassificationaftertax": 187000000,
        "othercomprehensiveincomelosscashflowhedgegainlossreclassificationaftertax": 75000000,
        "othercomprehensiveincomelossnetoftax": -444000000,
        "comprehensiveincomenetoftaxincludingportionattributabletononcontrollinginterest": 1238000000,
        "comprehensiveincomenetoftaxattributabletononcontrollinginterest": 101000000,
        "comprehensiveincomenetoftax": 1137000000,
        "othercomprehensiveincomeforeigncurrencytranslationgainlossarisingduringperiodtax": -31000000,
        "othercomprehensiveincomelosspensionandotherpostretirementbenefitplansbeforereclassificationadjustmentstax": 1000000,
        "othercomprehensiveincomelossreclassificationadjustmentfromaocipensionandotherpostretirementbenefitplanstax": 7000000,
        "othercomprehensiveincomelosscashflowhedgegainlossbeforereclassificationtax": 32000000,
        "othercomprehensiveincomelosscashflowhedgegainlossreclassificationtax": 16000000,
        "exciseandsalestaxes": 12749000000,
        "goodwillandintangibleassetimpairment": 680000000,
        "amountofpretaxchargerelatedtoallegedunderpaymentofexcisetaxes": 204000000
    },
    {
        "date": "2023-03-30",
        "symbol": "PM",
        "period": "Q1",
        "revenuefromcontractwithcustomerincludingassessedtax": 19318000000,
        "exciseandsalestaxes": 11299000000,
        "revenuefromcontractwithcustomerexcludingassessedtax": 8019000000,
        "costofgoodsandservicessold": 3038000000,
        "grossprofit": 4981000000,
        "marketingadministrationandresearchcosts": 2250000000,
        "operatingincomeloss": 2731000000,
        "interestincomeexpensenet": -230000000,
        "netperiodicdefinedbenefitsexpensereversalofexpenseexcludingservicecostcomponent": 22000000,
        "incomelossfromcontinuingoperationsbeforeincometaxesminorityinterestandincomelossfromequitymethodinvestments": 2479000000,
        "incometaxexpensebenefit": 428000000,
        "incomelossfromequitymethodinvestmentsandequitysecuritiesfvni": 51000000,
        "profitloss": 2102000000,
        "netincomelossattributabletononcontrollinginterest": 107000000,
        "netincomeloss": 1995000000,
        "earningspersharebasic": 1.28,
        "earningspersharediluted": 1.28,
        "othercomprehensiveincomeforeigncurrencytransactionandtranslationgainlossarisingduringperiodnetoftax": -255000000,
        "othercomprehensiveincomelosspensionandotherpostretirementbenefitplansadjustmentbeforereclassificationadjustmentsnetoftax": -2000000,
        "othercomprehensiveincomelossreclassificationadjustmentfromaocipensionandotherpostretirementbenefitplansnetoftax": 25000000,
        "othercomprehensiveincomelosscashflowhedgegainlossbeforereclassificationaftertax": 59000000,
        "othercomprehensiveincomelosscashflowhedgegainlossreclassificationaftertax": 29000000,
        "othercomprehensiveincomelossnetoftax": -198000000,
        "comprehensiveincomenetoftaxincludingportionattributabletononcontrollinginterest": 1904000000,
        "comprehensiveincomenetoftaxattributabletononcontrollinginterest": -36000000,
        "comprehensiveincomenetoftax": 1940000000,
        "othercomprehensiveincomeforeigncurrencytranslationgainlossarisingduringperiodtax": -52000000,
        "othercomprehensiveincomelosspensionandotherpostretirementbenefitplansbeforereclassificationadjustmentstax": -1000000,
        "othercomprehensiveincomelossreclassificationadjustmentfromaocipensionandotherpostretirementbenefitplanstax": 7000000,
        "othercomprehensiveincomelosscashflowhedgegainlossbeforereclassificationtax": 16000000,
        "othercomprehensiveincomelosscashflowhedgegainlossreclassificationtax": 6000000,
        "revenuefromrelatedpartiesincludingassessedtax": 1845000000,
        "revenuefromrelatedparties": 873000000
    },
    {
        "date": "2022-12-30",
        "symbol": "PM",
        "period": "Q4",
        "revenuefromcontractwithcustomerincludingassessedtax": 20031000000,
        "exciseandsalestaxes": 11879000000,
        "revenuefromcontractwithcustomerexcludingassessedtax": 5315000000,
        "costofgoodsandservicessold": 3211000000,
        "grossprofit": 4941000000,
        "marketingadministrationandresearchcosts": 2091000000,
        "operatingincomeloss": 6043000000,
        "interestincomeexpensenet": -170000000,
        "netperiodicdefinedbenefitsexpensereversalofexpenseexcludingservicecostcomponent": 4000000,
        "incomelossfromcontinuingoperationsbeforeincometaxesminorityinterestandincomelossfromequitymethodinvestments": 2746000000,
        "incometaxexpensebenefit": -2038000000,
        "incomelossfromequitymethodinvestmentsandequitysecuritiesfvni": 157000000,
        "profitloss": 97000000,
        "netincomelossattributabletononcontrollinginterest": 97000000,
        "netincomeloss": 2397000000,
        "earningspersharebasic": 1.5400000000000005,
        "earningspersharediluted": 1.54,
        "othercomprehensiveincomeforeigncurrencytransactionandtranslationgainlossarisingduringperiodnetoftax": -916000000,
        "othercomprehensiveincomelossreclassificationadjustmentfromaocipensionandotherpostretirementbenefitplansnetoftax": -98000000,
        "othercomprehensiveincomelosscashflowhedgegainlossbeforereclassificationaftertax": -42000000,
        "othercomprehensiveincomelosscashflowhedgegainlossreclassificationaftertax": 113000000,
        "othercomprehensiveincomelossnetoftax": 33000000,
        "comprehensiveincomenetoftaxincludingportionattributabletononcontrollinginterest": 2256000000,
        "comprehensiveincomenetoftaxattributabletononcontrollinginterest": 130000000,
        "comprehensiveincomenetoftax": 2126000000,
        "othercomprehensiveincomeforeigncurrencytranslationgainlossarisingduringperiodtax": -171000000,
        "othercomprehensiveincomelossreclassificationadjustmentfromaocipensionandotherpostretirementbenefitplanstax": -17000000,
        "othercomprehensiveincomelosscashflowhedgegainlossbeforereclassificationtax": -7000000,
        "othercomprehensiveincomelosscashflowhedgegainlossreclassificationtax": 17000000
    },
    {
        "date": "2022-09-29",
        "symbol": "PM",
        "period": "Q3",
        "revenuefromcontractwithcustomerincludingassessedtax": 20888000000,
        "exciseandsalestaxes": 12856000000,
        "revenuefromcontractwithcustomerexcludingassessedtax": 8032000000,
        "costofgoodsandservicessold": 2935000000,
        "grossprofit": 5097000000,
        "marketingadministrationandresearchcosts": 2129000000,
        "operatingincomeloss": 2968000000,
        "interestincomeexpensenet": -138000000,
        "netperiodicdefinedbenefitsexpensereversalofexpenseexcludingservicecostcomponent": 7000000,
        "incomelossfromcontinuingoperationsbeforeincometaxesminorityinterestandincomelossfromequitymethodinvestments": 2823000000,
        "incometaxexpensebenefit": 622000000,
        "incomelossfromequitymethodinvestmentsandequitysecuritiesfvni": 21000000,
        "profitloss": 2222000000,
        "netincomelossattributabletononcontrollinginterest": 135000000,
        "netincomeloss": 2087000000,
        "earningspersharebasic": 1.34,
        "earningspersharediluted": 1.34,
        "othercomprehensiveincomeforeigncurrencytransactionandtranslationgainlossarisingduringperiodnetoftax": -571000000,
        "othercomprehensiveincomelosspensionandotherpostretirementbenefitplansadjustmentbeforereclassificationadjustmentsnetoftax": -27000000,
        "othercomprehensiveincomelossreclassificationadjustmentfromaocipensionandotherpostretirementbenefitplansnetoftax": 54000000,
        "othercomprehensiveincomelosscashflowhedgegainlossbeforereclassificationaftertax": 222000000,
        "othercomprehensiveincomelosscashflowhedgegainlossreclassificationaftertax": 51000000,
        "othercomprehensiveincomelossnetoftax": -319000000,
        "comprehensiveincomenetoftaxincludingportionattributabletononcontrollinginterest": 1903000000,
        "comprehensiveincomenetoftaxattributabletononcontrollinginterest": 61000000,
        "comprehensiveincomenetoftax": 1842000000,
        "othercomprehensiveincomeforeigncurrencytranslationgainlossarisingduringperiodtax": 158000000,
        "othercomprehensiveincomelosspensionandotherpostretirementbenefitplansbeforereclassificationadjustmentstax": -7000000,
        "othercomprehensiveincomelossreclassificationadjustmentfromaocipensionandotherpostretirementbenefitplanstax": 15000000,
        "othercomprehensiveincomelosscashflowhedgegainlossbeforereclassificationtax": 52000000,
        "othercomprehensiveincomelosscashflowhedgegainlossreclassificationtax": 9000000
    },
    {
        "date": "2022-06-29",
        "symbol": "PM",
        "period": "Q2",
        "revenuefromcontractwithcustomerincludingassessedtax": 20409000000,
        "exciseandsalestaxes": 12577000000,
        "revenuefromcontractwithcustomerexcludingassessedtax": 7832000000,
        "costofgoodsandservicessold": 2648000000,
        "grossprofit": 5184000000,
        "marketingadministrationandresearchcosts": 2092000000,
        "amortizationofintangibleassets": 36000000,
        "operatingincomeloss": 3056000000,
        "interestincomeexpensenet": -126000000,
        "netperiodicdefinedbenefitsexpensereversalofexpenseexcludingservicecostcomponent": 5000000,
        "incomelossfromcontinuingoperationsbeforeincometaxesminorityinterestandincomelossfromequitymethodinvestments": 2925000000,
        "incometaxexpensebenefit": 594000000,
        "incomelossfromequitymethodinvestmentsandequitysecuritiesfvni": 15000000,
        "profitloss": 2346000000,
        "netincomelossattributabletononcontrollinginterest": 113000000,
        "netincomeloss": 2233000000,
        "earningspersharebasic": 1.44,
        "earningspersharediluted": 1.43,
        "othercomprehensiveincomeforeigncurrencytransactionandtranslationgainlossarisingduringperiodnetoftax": 413000000,
        "othercomprehensiveincomelosspensionandotherpostretirementbenefitplansadjustmentbeforereclassificationadjustmentsnetoftax": -36000000,
        "othercomprehensiveincomelossreclassificationadjustmentfromaocipensionandotherpostretirementbenefitplansnetoftax": 55000000,
        "othercomprehensiveincomelosscashflowhedgegainlossbeforereclassificationaftertax": 191000000,
        "othercomprehensiveincomelosscashflowhedgegainlossreclassificationaftertax": 46000000,
        "othercomprehensiveincomelossnetoftax": 649000000,
        "comprehensiveincomenetoftaxincludingportionattributabletononcontrollinginterest": 2995000000,
        "comprehensiveincomenetoftaxattributabletononcontrollinginterest": 45000000,
        "comprehensiveincomenetoftax": 2950000000,
        "othercomprehensiveincomeforeigncurrencytranslationgainlossarisingduringperiodtax": 151000000,
        "othercomprehensiveincomelosspensionandotherpostretirementbenefitplansbeforereclassificationadjustmentstax": 36000000,
        "othercomprehensiveincomelossreclassificationadjustmentfromaocipensionandotherpostretirementbenefitplanstax": 9000000,
        "othercomprehensiveincomelosscashflowhedgegainlossbeforereclassificationtax": 34000000,
        "othercomprehensiveincomelosscashflowhedgegainlossreclassificationtax": 7000000
    },
    {
        "date": "2022-03-30",
        "symbol": "PM",
        "period": "Q1",
        "revenuefromcontractwithcustomerincludingassessedtax": 19341000000,
        "exciseandsalestaxes": 11595000000,
        "revenuefromcontractwithcustomerexcludingassessedtax": 7746000000,
        "costofgoodsandservicessold": 2608000000,
        "grossprofit": 5138000000,
        "marketingadministrationandresearchcosts": 1802000000,
        "amortizationofintangibleassets": 38000000,
        "operatingincomeloss": 3298000000,
        "interestincomeexpensenet": -154000000,
        "netperiodicdefinedbenefitsexpensereversalofexpenseexcludingservicecostcomponent": 4000000,
        "incomelossfromcontinuingoperationsbeforeincometaxesminorityinterestandincomelossfromequitymethodinvestments": 3140000000,
        "incometaxexpensebenefit": 619000000,
        "incomelossfromequitymethodinvestmentsandequitysecuritiesfvni": -56000000,
        "profitloss": 2465000000,
        "netincomelossattributabletononcontrollinginterest": 134000000,
        "netincomeloss": 2331000000,
        "earningspersharebasic": 1.5,
        "earningspersharediluted": 1.5,
        "othercomprehensiveincomeforeigncurrencytransactionandtranslationgainlossarisingduringperiodnetoftax": -194000000,
        "othercomprehensiveincomelossreclassificationadjustmentfromaocipensionandotherpostretirementbenefitplansnetoftax": 55000000,
        "othercomprehensiveincomelosscashflowhedgegainlossbeforereclassificationaftertax": 110000000,
        "othercomprehensiveincomelosscashflowhedgegainlossreclassificationaftertax": 9000000,
        "othercomprehensiveincomelossnetoftax": -38000000,
        "comprehensiveincomenetoftaxincludingportionattributabletononcontrollinginterest": 2427000000,
        "comprehensiveincomenetoftaxattributabletononcontrollinginterest": 279000000,
        "comprehensiveincomenetoftax": 2148000000,
        "othercomprehensiveincomeforeigncurrencytranslationgainlossarisingduringperiodtax": 31000000,
        "othercomprehensiveincomelossreclassificationadjustmentfromaocipensionandotherpostretirementbenefitplanstax": 13000000,
        "othercomprehensiveincomelosscashflowhedgegainlossbeforereclassificationtax": 20000000,
        "othercomprehensiveincomelosscashflowhedgegainlossreclassificationtax": 2000000
    },
    {
        "date": "2021-12-30",
        "symbol": "PM",
        "period": "Q4",
        "revenuefromcontractwithcustomerincludingassessedtax": 20830000000,
        "exciseandsalestaxes": 12726000000,
        "revenuefromcontractwithcustomerexcludingassessedtax": 8104000000,
        "costofgoodsandservicessold": 2807000000,
        "grossprofit": 5297000000,
        "marketingadministrationandresearchcosts": 2309000000,
        "amortizationofintangibleassets": 41000000,
        "operatingincomeloss": 2947000000,
        "interestincomeexpensenet": -146000000,
        "netperiodicdefinedbenefitsexpensereversalofexpenseexcludingservicecostcomponent": 33000000,
        "incomelossfromcontinuingoperationsbeforeincometaxesminorityinterestandincomelossfromequitymethodinvestments": 2768000000,
        "incometaxexpensebenefit": 593000000,
        "incomelossfromequitymethodinvestmentsandequitysecuritiesfvni": 54000000,
        "profitloss": 2229000000,
        "netincomelossattributabletononcontrollinginterest": 136000000,
        "netincomeloss": 2093000000,
        "earningspersharebasic": 1.3400000000000005,
        "earningspersharediluted": 1.3400000000000005,
        "othercomprehensiveincomeforeigncurrencytransactionandtranslationgainlossarisingduringperiodnetoftax": -187000000,
        "othercomprehensiveincomelossreclassificationadjustmentfromaocipensionandotherpostretirementbenefitplansnetoftax": 82000000,
        "othercomprehensiveincomelosscashflowhedgegainlossbeforereclassificationaftertax": 39000000,
        "othercomprehensiveincomelosscashflowhedgegainlossreclassificationaftertax": 31000000,
        "othercomprehensiveincomelossnetoftax": 931000000,
        "comprehensiveincomenetoftaxincludingportionattributabletononcontrollinginterest": 3160000000,
        "comprehensiveincomenetoftaxattributabletononcontrollinginterest": 124000000,
        "comprehensiveincomenetoftax": 3036000000,
        "othercomprehensiveincomeforeigncurrencytranslationgainlossarisingduringperiodtax": 24000000,
        "othercomprehensiveincomelossreclassificationadjustmentfromaocipensionandotherpostretirementbenefitplanstax": 18000000,
        "othercomprehensiveincomelosscashflowhedgegainlossbeforereclassificationtax": 5000000
    },
    {
        "date": "2021-09-29",
        "symbol": "PM",
        "period": "Q3",
        "revenuefromcontractwithcustomerincludingassessedtax": 21617000000,
        "exciseandsalestaxes": 13495000000,
        "revenuefromcontractwithcustomerexcludingassessedtax": 8122000000,
        "costofgoodsandservicessold": 2596000000,
        "grossprofit": 5526000000,
        "marketingadministrationandresearchcosts": 2053000000,
        "amortizationofintangibleassets": 18000000,
        "operatingincomeloss": 3455000000,
        "interestincomeexpensenet": -154000000,
        "netperiodicdefinedbenefitsexpensereversalofexpenseexcludingservicecostcomponent": 27000000,
        "incomelossfromcontinuingoperationsbeforeincometaxesminorityinterestandincomelossfromequitymethodinvestments": 3274000000,
        "incometaxexpensebenefit": 735000000,
        "incomelossfromequitymethodinvestmentsandequitysecuritiesfvni": 49000000,
        "profitloss": 2588000000,
        "netincomelossattributabletononcontrollinginterest": 162000000,
        "netincomeloss": 2426000000,
        "earningspersharebasic": 1.55,
        "earningspersharediluted": 1.55,
        "othercomprehensiveincomeforeigncurrencytransactionandtranslationgainlossarisingduringperiodnetoftax": 18000000,
        "othercomprehensiveincomelosspensionandotherpostretirementbenefitplansadjustmentbeforereclassificationadjustmentsnetoftax": -7000000,
        "othercomprehensiveincomelossreclassificationadjustmentfromaocipensionandotherpostretirementbenefitplansnetoftax": 79000000,
        "othercomprehensiveincomelosscashflowhedgegainlossbeforereclassificationaftertax": 8000000,
        "othercomprehensiveincomelosscashflowhedgegainlossreclassificationaftertax": 6000000,
        "othercomprehensiveincomelossnetoftax": 106000000,
        "comprehensiveincomenetoftaxincludingportionattributabletononcontrollinginterest": 2694000000,
        "comprehensiveincomenetoftaxattributabletononcontrollinginterest": 123000000,
        "comprehensiveincomenetoftax": 2571000000,
        "othercomprehensiveincomeforeigncurrencytranslationgainlossarisingduringperiodtax": 9000000,
        "othercomprehensiveincomelosspensionandotherpostretirementbenefitplansbeforereclassificationadjustmentstax": -2000000,
        "othercomprehensiveincomelossreclassificationadjustmentfromaocipensionandotherpostretirementbenefitplanstax": 18000000,
        "othercomprehensiveincomelosscashflowhedgegainlossbeforereclassificationtax": 3000000,
        "othercomprehensiveincomelosscashflowhedgegainlossreclassificationtax": 3000000
    },
    {
        "date": "2021-06-29",
        "symbol": "PM",
        "period": "Q2",
        "revenuefromcontractwithcustomerincludingassessedtax": 20421000000,
        "exciseandsalestaxes": 12827000000,
        "revenuefromcontractwithcustomerexcludingassessedtax": 7594000000,
        "costofgoodsandservicessold": 2353000000,
        "grossprofit": 5241000000,
        "marketingadministrationandresearchcosts": 2093000000,
        "amortizationofintangibleassets": 19000000,
        "operatingincomeloss": 3129000000,
        "interestincomeexpensenet": -161000000,
        "netperiodicdefinedbenefitsexpensereversalofexpenseexcludingservicecostcomponent": 27000000,
        "incomelossfromcontinuingoperationsbeforeincometaxesminorityinterestandincomelossfromequitymethodinvestments": 2941000000,
        "incometaxexpensebenefit": 646000000,
        "incomelossfromequitymethodinvestmentsandequitysecuritiesfvni": 3000000,
        "profitloss": 2298000000,
        "netincomelossattributabletononcontrollinginterest": 126000000,
        "netincomeloss": 2172000000,
        "earningspersharebasic": 1.39,
        "earningspersharediluted": 1.39,
        "othercomprehensiveincomeforeigncurrencytransactionandtranslationgainlossarisingduringperiodnetoftax": 4000000,
        "othercomprehensiveincomelosspensionandotherpostretirementbenefitplansadjustmentbeforereclassificationadjustmentsnetoftax": -20000000,
        "othercomprehensiveincomelossreclassificationadjustmentfromaocipensionandotherpostretirementbenefitplansnetoftax": 81000000,
        "othercomprehensiveincomelosscashflowhedgegainlossbeforereclassificationaftertax": 1000000,
        "othercomprehensiveincomelosscashflowhedgegainlossreclassificationaftertax": 19000000,
        "othercomprehensiveincomelossnetoftax": 87000000,
        "comprehensiveincomenetoftaxincludingportionattributabletononcontrollinginterest": 2385000000,
        "comprehensiveincomenetoftaxattributabletononcontrollinginterest": 132000000,
        "comprehensiveincomenetoftax": 2253000000,
        "othercomprehensiveincomeforeigncurrencytranslationgainlossarisingduringperiodtax": -60000000,
        "othercomprehensiveincomelosspensionandotherpostretirementbenefitplansbeforereclassificationadjustmentstax": -5000000,
        "othercomprehensiveincomelossreclassificationadjustmentfromaocipensionandotherpostretirementbenefitplanstax": 18000000,
        "othercomprehensiveincomelosscashflowhedgegainlossbeforereclassificationtax": -2000000
    },
    {
        "date": "2021-03-30",
        "symbol": "PM",
        "period": "Q1",
        "revenuefromcontractwithcustomerincludingassessedtax": 19355000000,
        "exciseandsalestaxes": 11770000000,
        "revenuefromcontractwithcustomerexcludingassessedtax": 7585000000,
        "costofgoodsandservicessold": 2274000000,
        "grossprofit": 5311000000,
        "marketingadministrationandresearchcosts": 1849000000,
        "amortizationofintangibleassets": 18000000,
        "operatingincomeloss": 3444000000,
        "interestincomeexpensenet": -167000000,
        "netperiodicdefinedbenefitsexpensereversalofexpenseexcludingservicecostcomponent": 28000000,
        "incomelossfromcontinuingoperationsbeforeincometaxesminorityinterestandincomelossfromequitymethodinvestments": 3249000000,
        "incometaxexpensebenefit": 697000000,
        "incomelossfromequitymethodinvestmentsandequitysecuritiesfvni": 43000000,
        "profitloss": 2595000000,
        "netincomelossattributabletononcontrollinginterest": 177000000,
        "netincomeloss": 2418000000,
        "earningspersharebasic": 1.55,
        "earningspersharediluted": 1.55,
        "othercomprehensiveincomeforeigncurrencytransactionandtranslationgainlossarisingduringperiodnetoftax": 223000000,
        "othercomprehensiveincomelossreclassificationadjustmentfromaocipensionandotherpostretirementbenefitplansnetoftax": 81000000,
        "othercomprehensiveincomelosscashflowhedgegainlossbeforereclassificationaftertax": 76000000,
        "othercomprehensiveincomelosscashflowhedgegainlossreclassificationaftertax": -21000000,
        "othercomprehensiveincomelossnetoftax": 401000000,
        "comprehensiveincomenetoftaxincludingportionattributabletononcontrollinginterest": 2996000000,
        "comprehensiveincomenetoftaxattributabletononcontrollinginterest": 143000000,
        "comprehensiveincomenetoftax": 2853000000,
        "othercomprehensiveincomeforeigncurrencytranslationgainlossarisingduringperiodtax": 85000000,
        "othercomprehensiveincomelossreclassificationadjustmentfromaocipensionandotherpostretirementbenefitplanstax": 18000000,
        "othercomprehensiveincomelosscashflowhedgegainlossbeforereclassificationtax": 14000000
    },
    {
        "date": "2020-12-30",
        "symbol": "PM",
        "period": "Q4",
        "revenuefromcontractwithcustomerincludingassessedtax": 19531000000,
        "exciseandsalestaxes": 12087000000,
        "revenuefromcontractwithcustomerexcludingassessedtax": 7444000000,
        "costofgoodsandservicessold": 2572000000,
        "grossprofit": 4872000000,
        "marketingadministrationandresearchcosts": 1949000000,
        "amortizationofintangibleassets": 18000000,
        "operatingincomeloss": 2905000000,
        "interestincomeexpensenet": -164000000,
        "netperiodicdefinedbenefitsexpensereversalofexpenseexcludingservicecostcomponent": 29000000,
        "incomelossfromcontinuingoperationsbeforeincometaxesminorityinterestandincomelossfromequitymethodinvestments": 2712000000,
        "incometaxexpensebenefit": 613000000,
        "incomelossfromequitymethodinvestmentsandequitysecuritiesfvni": 20000000,
        "profitloss": 2119000000,
        "netincomelossattributabletononcontrollinginterest": 143000000,
        "netincomeloss": 1976000000,
        "earningspersharebasic": 1.2600000000000002,
        "earningspersharediluted": 1.2600000000000002,
        "othercomprehensiveincomeforeigncurrencytransactionandtranslationgainlossarisingduringperiodnetoftax": 108000000,
        "othercomprehensiveincomelossreclassificationadjustmentfromaocipensionandotherpostretirementbenefitplansnetoftax": 76000000,
        "othercomprehensiveincomelosscashflowhedgegainlossbeforereclassificationaftertax": -31000000,
        "othercomprehensiveincomelosscashflowhedgegainlossreclassificationaftertax": 3000000,
        "othercomprehensiveincomelossnetoftax": -576000000,
        "comprehensiveincomenetoftaxincludingportionattributabletononcontrollinginterest": 1543000000,
        "comprehensiveincomenetoftaxattributabletononcontrollinginterest": 181000000,
        "comprehensiveincomenetoftax": 1362000000,
        "othercomprehensiveincomeforeigncurrencytranslationgainlossarisingduringperiodtax": -56000000,
        "othercomprehensiveincomelossreclassificationadjustmentfromaocipensionandotherpostretirementbenefitplanstax": 18000000,
        "othercomprehensiveincomelosscashflowhedgegainlossbeforereclassificationtax": -5000000
    },
    {
        "date": "2020-09-29",
        "symbol": "PM",
        "period": "Q3",
        "revenuefromcontractwithcustomerincludingassessedtax": 20444000000,
        "exciseandsalestaxes": 12998000000,
        "revenuefromcontractwithcustomerexcludingassessedtax": 7446000000,
        "costofgoodsandservicessold": 2416000000,
        "grossprofit": 5030000000,
        "marketingadministrationandresearchcosts": 1769000000,
        "amortizationofintangibleassets": 18000000,
        "operatingincomeloss": 3243000000,
        "interestincomeexpensenet": -163000000,
        "netperiodicdefinedbenefitsexpensereversalofexpenseexcludingservicecostcomponent": 23000000,
        "incomelossfromcontinuingoperationsbeforeincometaxesminorityinterestandincomelossfromequitymethodinvestments": 3057000000,
        "incometaxexpensebenefit": 640000000,
        "incomelossfromequitymethodinvestmentsandequitysecuritiesfvni": 20000000,
        "profitloss": 2437000000,
        "netincomelossattributabletononcontrollinginterest": 130000000,
        "netincomeloss": 2307000000,
        "earningspersharebasic": 1.48,
        "earningspersharediluted": 1.48,
        "othercomprehensiveincomeforeigncurrencytransactionandtranslationgainlossarisingduringperiodnetoftax": -588000000,
        "othercomprehensiveincomelossreclassificationadjustmentfromaocipensionandotherpostretirementbenefitplansnetoftax": 74000000,
        "othercomprehensiveincomelosscashflowhedgegainlossbeforereclassificationaftertax": -31000000,
        "othercomprehensiveincomelosscashflowhedgegainlossreclassificationaftertax": 2000000,
        "othercomprehensiveincomelossnetoftax": -547000000,
        "comprehensiveincomenetoftaxincludingportionattributabletononcontrollinginterest": 1890000000,
        "comprehensiveincomenetoftaxattributabletononcontrollinginterest": 141000000,
        "comprehensiveincomenetoftax": 1749000000,
        "othercomprehensiveincomeforeigncurrencytranslationgainlossarisingduringperiodtax": -78000000,
        "othercomprehensiveincomelossreclassificationadjustmentfromaocipensionandotherpostretirementbenefitplanstax": 15000000,
        "othercomprehensiveincomelosscashflowhedgegainlossbeforereclassificationtax": -7000000,
        "othercomprehensiveincomelosscashflowhedgegainlossreclassificationtax": -1000000
    },
    {
        "date": "2020-06-29",
        "symbol": "PM",
        "period": "Q2",
        "profitloss": 2049000000,
        "othercomprehensiveincomeforeigncurrencytransactionandtranslationgainlossarisingduringperiodnetoftax": 797000000,
        "othercomprehensiveincomelossreclassificationadjustmentfromaocipensionandotherpostretirementbenefitplansnetoftax": 75000000,
        "othercomprehensiveincomelosscashflowhedgegainlossbeforereclassificationaftertax": -32000000,
        "othercomprehensiveincomelosscashflowhedgegainlossreclassificationaftertax": 6000000,
        "othercomprehensiveincomelossnetoftax": 834000000,
        "comprehensiveincomenetoftaxincludingportionattributabletononcontrollinginterest": 2883000000,
        "comprehensiveincomenetoftaxattributabletononcontrollinginterest": 171000000,
        "comprehensiveincomenetoftax": 2712000000,
        "othercomprehensiveincomeforeigncurrencytranslationgainlossarisingduringperiodtax": -56000000,
        "othercomprehensiveincomelossreclassificationadjustmentfromaocipensionandotherpostretirementbenefitplanstax": 17000000,
        "othercomprehensiveincomelosscashflowhedgegainlossbeforereclassificationtax": -6000000,
        "othercomprehensiveincomelosscashflowhedgegainlossreclassificationtax": 1000000,
        "revenuefromcontractwithcustomerincludingassessedtax": 17819000000,
        "exciseandsalestaxes": 11168000000,
        "revenuefromcontractwithcustomerexcludingassessedtax": 6651000000,
        "costofgoodsandservicessold": 2179000000,
        "grossprofit": 4472000000,
        "marketingadministrationandresearchcosts": 1722000000,
        "amortizationofintangibleassets": 19000000,
        "operatingincomeloss": 2731000000,
        "interestincomeexpensenet": -162000000,
        "netperiodicdefinedbenefitsexpensereversalofexpenseexcludingservicecostcomponent": 22000000,
        "incomelossfromcontinuingoperationsbeforeincometaxesminorityinterestandincomelossfromequitymethodinvestments": 2547000000,
        "incometaxexpensebenefit": 528000000,
        "incomelossfromequitymethodinvestmentsandequitysecuritiesfvni": 30000000,
        "netincomelossattributabletononcontrollinginterest": 102000000,
        "netincomeloss": 1947000000,
        "earningspersharebasic": 1.25,
        "earningspersharediluted": 1.25
    },
    {
        "date": "2020-03-30",
        "symbol": "PM",
        "period": "Q1",
        "profitloss": 1987000000,
        "othercomprehensiveincomeforeigncurrencytransactionandtranslationgainlossarisingduringperiodnetoftax": -1582000000,
        "othercomprehensiveincomelossreclassificationadjustmentfromaocipensionandotherpostretirementbenefitplansnetoftax": 74000000,
        "othercomprehensiveincomelosscashflowhedgegainlossbeforereclassificationaftertax": 26000000,
        "othercomprehensiveincomelosscashflowhedgegainlossreclassificationaftertax": 9000000,
        "othercomprehensiveincomelossnetoftax": -1491000000,
        "comprehensiveincomenetoftaxincludingportionattributabletononcontrollinginterest": 496000000,
        "comprehensiveincomenetoftaxattributabletononcontrollinginterest": 81000000,
        "comprehensiveincomenetoftax": 415000000,
        "othercomprehensiveincomeforeigncurrencytranslationgainlossarisingduringperiodtax": 96000000,
        "othercomprehensiveincomelossreclassificationadjustmentfromaocipensionandotherpostretirementbenefitplanstax": 17000000,
        "othercomprehensiveincomelosscashflowhedgegainlossbeforereclassificationtax": 5000000,
        "othercomprehensiveincomelosscashflowhedgegainlossreclassificationtax": 1000000,
        "revenuefromcontractwithcustomerincludingassessedtax": 18253000000,
        "exciseandsalestaxes": 11100000000,
        "revenuefromcontractwithcustomerexcludingassessedtax": 7153000000,
        "costofgoodsandservicessold": 2402000000,
        "grossprofit": 4751000000,
        "marketingadministrationandresearchcosts": 1944000000,
        "amortizationofintangibleassets": 18000000,
        "operatingincomeloss": 2789000000,
        "interestincomeexpensenet": -129000000,
        "netperiodicdefinedbenefitsexpensereversalofexpenseexcludingservicecostcomponent": 23000000,
        "incomelossfromcontinuingoperationsbeforeincometaxesminorityinterestandincomelossfromequitymethodinvestments": 2637000000,
        "incometaxexpensebenefit": 596000000,
        "incomelossfromequitymethodinvestmentsandequitysecuritiesfvni": -54000000,
        "netincomelossattributabletononcontrollinginterest": 161000000,
        "netincomeloss": 1826000000,
        "earningspersharebasic": 1.17,
        "earningspersharediluted": 1.17
    },
    {
        "date": "2019-12-30",
        "symbol": "PM",
        "period": "Q4",
        "profitloss": 1782000000,
        "othercomprehensiveincomeforeigncurrencytransactionandtranslationgainlossarisingduringperiodnetoftax": 142000000,
        "othercomprehensiveincomelossreclassificationadjustmentfromaocipensionandotherpostretirementbenefitplansnetoftax": 63000000,
        "othercomprehensiveincomelosscashflowhedgegainlossbeforereclassificationaftertax": 16000000,
        "othercomprehensiveincomelosscashflowhedgegainlossreclassificationaftertax": 2000000,
        "othercomprehensiveincomelossnetoftax": -368000000,
        "comprehensiveincomenetoftaxincludingportionattributabletononcontrollinginterest": 1414000000,
        "comprehensiveincomenetoftaxattributabletononcontrollinginterest": 195000000,
        "comprehensiveincomenetoftax": 1219000000,
        "othercomprehensiveincomeforeigncurrencytranslationgainlossarisingduringperiodtax": -69000000,
        "othercomprehensiveincomelossreclassificationadjustmentfromaocipensionandotherpostretirementbenefitplanstax": -28000000,
        "othercomprehensiveincomelosscashflowhedgegainlossbeforereclassificationtax": 3000000,
        "revenuefromcontractwithcustomerincludingassessedtax": 19849000000,
        "exciseandsalestaxes": 12136000000,
        "revenuefromcontractwithcustomerexcludingassessedtax": 7713000000,
        "costofgoodsandservicessold": 2778000000,
        "grossprofit": 4935000000,
        "marketingadministrationandresearchcosts": 2413000000,
        "amortizationofintangibleassets": 16000000,
        "operatingincomeloss": 2506000000,
        "interestincomeexpensenet": -136000000,
        "netperiodicdefinedbenefitsexpensereversalofexpenseexcludingservicecostcomponent": 28000000,
        "incomelossfromcontinuingoperationsbeforeincometaxesminorityinterestandincomelossfromequitymethodinvestments": 2342000000,
        "incometaxexpensebenefit": 623000000,
        "incomelossfromequitymethodinvestmentsandequitysecuritiesfvni": 63000000,
        "netincomelossattributabletononcontrollinginterest": 166000000,
        "netincomeloss": 1616000000,
        "earningspersharebasic": 1.0400000000000005,
        "earningspersharediluted": 1.0400000000000005
    },
    {
        "date": "2019-09-29",
        "symbol": "PM",
        "period": "Q3",
        "profitloss": 2046000000,
        "othercomprehensiveincomeforeigncurrencytransactionandtranslationgainlossarisingduringperiodnetoftax": 12000000,
        "othercomprehensiveincomelossreclassificationadjustmentfromaocipensionandotherpostretirementbenefitplansnetoftax": 61000000,
        "othercomprehensiveincomelosscashflowhedgegainlossbeforereclassificationaftertax": -14000000,
        "othercomprehensiveincomelosscashflowhedgegainlossreclassificationaftertax": -13000000,
        "othercomprehensiveincomelossnetoftax": 70000000,
        "comprehensiveincomenetoftaxincludingportionattributabletononcontrollinginterest": 2116000000,
        "comprehensiveincomenetoftaxattributabletononcontrollinginterest": 135000000,
        "comprehensiveincomenetoftax": 1981000000,
        "othercomprehensiveincomeforeigncurrencytranslationgainlossarisingduringperiodtax": 163000000,
        "othercomprehensiveincomelossreclassificationadjustmentfromaocipensionandotherpostretirementbenefitplanstax": 13000000,
        "othercomprehensiveincomelosscashflowhedgegainlossbeforereclassificationtax": -2000000,
        "othercomprehensiveincomelosscashflowhedgegainlossreclassificationtax": 0,
        "revenuefromcontractwithcustomerincludingassessedtax": 20380000000,
        "exciseandsalestaxes": 12738000000,
        "revenuefromcontractwithcustomerexcludingassessedtax": 7642000000,
        "costofgoodsandservicessold": 2605000000,
        "grossprofit": 5037000000,
        "marketingadministrationandresearchcosts": 2234000000,
        "amortizationofintangibleassets": 15000000,
        "operatingincomeloss": 2788000000,
        "interestincomeexpensenet": -132000000,
        "netperiodicdefinedbenefitsexpensereversalofexpenseexcludingservicecostcomponent": 20000000,
        "incomelossfromcontinuingoperationsbeforeincometaxesminorityinterestandincomelossfromequitymethodinvestments": 2636000000,
        "incometaxexpensebenefit": 635000000,
        "incomelossfromequitymethodinvestmentsandequitysecuritiesfvni": 45000000,
        "netincomelossattributabletononcontrollinginterest": 150000000,
        "netincomeloss": 1896000000,
        "earningspersharebasic": 1.21,
        "earningspersharediluted": 1.21
    },
    {
        "date": "2019-06-29",
        "symbol": "PM",
        "period": "Q2",
        "profitloss": 2546000000,
        "othercomprehensiveincomeforeigncurrencytransactionandtranslationgainlossarisingduringperiodnetoftax": 60000000,
        "othercomprehensiveincomelossforeigncurrencytransactionandtranslationreclassificationadjustmentfromaocirealizeduponsaleorliquidationnetoftax": 0,
        "othercomprehensiveincomelossreclassificationadjustmentfromaocipensionandotherpostretirementbenefitplansnetoftax": 56000000,
        "othercomprehensiveincomelosscashflowhedgegainlossbeforereclassificationaftertax": -19000000,
        "othercomprehensiveincomelosscashflowhedgegainlossreclassificationaftertax": 21000000,
        "othercomprehensiveincomelossnetoftax": 216000000,
        "comprehensiveincomenetoftaxincludingportionattributabletononcontrollinginterest": 2652000000,
        "comprehensiveincomenetoftaxattributabletononcontrollinginterest": 147000000,
        "comprehensiveincomenetoftax": 2505000000,
        "othercomprehensiveincomeforeigncurrencytranslationgainlossarisingduringperiodtax": -61000000,
        "othercomprehensiveincomelossreclassificationadjustmentfromaocipensionandotherpostretirementbenefitplanstax": 26000000,
        "othercomprehensiveincomelosscashflowhedgegainlossbeforereclassificationtax": -2000000,
        "othercomprehensiveincomelosscashflowhedgegainlossreclassificationtax": 2000000,
        "revenuefromcontractwithcustomerincludingassessedtax": 19987000000,
        "exciseandsalestaxes": 12288000000,
        "revenuefromcontractwithcustomerexcludingassessedtax": 7699000000,
        "costofgoodsandservicessold": 2665000000,
        "grossprofit": 5034000000,
        "marketingadministrationandresearchcosts": 1831000000,
        "amortizationofintangibleassets": 16000000,
        "operatingincomeloss": 3187000000,
        "interestincomeexpensenet": -150000000,
        "netperiodicdefinedbenefitsexpensereversalofexpenseexcludingservicecostcomponent": 20000000,
        "incomelossfromcontinuingoperationsbeforeincometaxesminorityinterestandincomelossfromequitymethodinvestments": 3017000000,
        "incometaxexpensebenefit": 611000000,
        "incomelossfromequitymethodinvestmentsandequitysecuritiesfvni": 30000000,
        "netincomelossattributabletononcontrollinginterest": 117000000,
        "netincomeloss": 2319000000,
        "earningspersharebasic": 1.4899999999999998,
        "earningspersharediluted": 1.4899999999999998
    },
    {
        "date": "2019-03-30",
        "symbol": "PM",
        "period": "Q1",
        "profitloss": 1354000000,
        "othercomprehensiveincomeforeigncurrencytransactionandtranslationgainlossarisingduringperiodnetoftax": 291000000,
        "othercomprehensiveincomelossforeigncurrencytransactionandtranslationreclassificationadjustmentfromaocirealizeduponsaleorliquidationnetoftax": -502000000,
        "othercomprehensiveincomelossreclassificationadjustmentfromaocipensionandotherpostretirementbenefitplansnetoftax": 63000000,
        "othercomprehensiveincomelosscashflowhedgegainlossbeforereclassificationaftertax": -1000000,
        "othercomprehensiveincomelosscashflowhedgegainlossreclassificationaftertax": 4000000,
        "othercomprehensiveincomelossnetoftax": 873000000,
        "comprehensiveincomenetoftaxincludingportionattributabletononcontrollinginterest": 2337000000,
        "comprehensiveincomenetoftaxattributabletononcontrollinginterest": 109000000,
        "comprehensiveincomenetoftax": 2228000000,
        "othercomprehensiveincomeforeigncurrencytranslationgainlossarisingduringperiodtax": 128000000,
        "othercomprehensiveincomelossreclassificationadjustmentfromaocipensionandotherpostretirementbenefitplanstax": 4000000,
        "othercomprehensiveincomelosscashflowhedgegainlossbeforereclassificationtax": -1000000,
        "othercomprehensiveincomelosscashflowhedgegainlossreclassificationtax": 1000000,
        "revenuefromcontractwithcustomerincludingassessedtax": 17705000000,
        "exciseandsalestaxes": 10954000000,
        "revenuefromcontractwithcustomerexcludingassessedtax": 6751000000,
        "costofgoodsandservicessold": 2465000000,
        "grossprofit": 4286000000,
        "marketingadministrationandresearchcosts": 2217000000,
        "amortizationofintangibleassets": 19000000,
        "operatingincomeloss": 2050000000,
        "interestincomeexpensenet": -152000000,
        "netperiodicdefinedbenefitsexpensereversalofexpenseexcludingservicecostcomponent": 21000000,
        "incomelossfromcontinuingoperationsbeforeincometaxesminorityinterestandincomelossfromequitymethodinvestments": 1877000000,
        "incometaxexpensebenefit": 424000000,
        "incomelossfromequitymethodinvestmentsandequitysecuritiesfvni": 11000000,
        "netincomelossattributabletononcontrollinginterest": 110000000,
        "netincomeloss": 1354000000,
        "earningspersharebasic": 0.87,
        "earningspersharediluted": 0.87
    },
    {
        "date": "2018-09-29",
        "symbol": "PM",
        "period": "Q3",
        "profitloss": 2341000000,
        "othercomprehensiveincomeforeigncurrencytransactionandtranslationgainlossarisingduringperiodnetoftax": -192000000,
        "othercomprehensiveincomelossreclassificationadjustmentfromaocipensionandotherpostretirementbenefitplansnetoftax": 50000000,
        "othercomprehensiveincomelosscashflowhedgegainlossbeforereclassificationaftertax": 40000000,
        "othercomprehensiveincomelosscashflowhedgegainlossreclassificationaftertax": 15000000,
        "othercomprehensiveincomelossnetoftax": -319000000,
        "comprehensiveincomenetoftaxincludingportionattributabletononcontrollinginterest": 2022000000,
        "comprehensiveincomenetoftaxattributabletononcontrollinginterest": 66000000,
        "comprehensiveincomenetoftax": 1956000000,
        "othercomprehensiveincomeforeigncurrencytranslationgainlossarisingduringperiodtax": -87000000,
        "othercomprehensiveincomelossreclassificationadjustmentfromaocipensionandotherpostretirementbenefitplanstax": 9000000,
        "othercomprehensiveincomelosscashflowhedgegainlossbeforereclassificationtax": 5000000,
        "othercomprehensiveincomelosscashflowhedgegainlossreclassificationtax": 2000000,
        "revenuefromcontractwithcustomerincludingassessedtax": 20439000000,
        "exciseandsalestaxes": 12935000000,
        "revenuefromcontractwithcustomerexcludingassessedtax": 823000000,
        "costofgoodsandservicessold": 2618000000,
        "grossprofit": 4886000000,
        "marketingadministrationandresearchcosts": 1710000000,
        "amortizationofintangibleassets": 20000000,
        "operatingincomeloss": 1179000000,
        "interestincomeexpensenet": -145000000,
        "netperiodicdefinedbenefitsexpensereversalofexpenseexcludingservicecostcomponent": 3000000,
        "incomelossfromcontinuingoperationsbeforeincometaxesminorityinterestandincomelossfromequitymethodinvestments": 3004000000,
        "incometaxexpensebenefit": 691000000,
        "incomelossfromequitymethodinvestmentsandequitysecuritiesfvni": 28000000,
        "netincomelossattributabletononcontrollinginterest": 94000000,
        "netincomeloss": 2247000000,
        "earningspersharebasic": 1.44,
        "earningspersharediluted": 1.44,
        "commonstockdividendspersharedeclared": 1.14
    },
    {
        "date": "2018-06-29",
        "symbol": "PM",
        "period": "Q2",
        "profitloss": 2295000000,
        "othercomprehensiveincomeforeigncurrencytransactionandtranslationgainlossarisingduringperiodnetoftax": 1060000000,
        "othercomprehensiveincomelossreclassificationadjustmentfromaocipensionandotherpostretirementbenefitplansnetoftax": 50000000,
        "othercomprehensiveincomeunrealizedgainlossonderivativesarisingduringperiodnetoftax": 53000000,
        "othercomprehensiveincomelossreclassificationadjustmentfromaocionderivativesnetoftax": -4000000,
        "othercomprehensiveincomelossnetoftax": -67000000,
        "comprehensiveincomenetoftaxincludingportionattributabletononcontrollinginterest": 2228000000,
        "comprehensiveincomenetoftaxattributabletononcontrollinginterest": 55000000,
        "comprehensiveincomenetoftax": 2173000000,
        "othercomprehensiveincomeforeigncurrencytranslationgainlossarisingduringperiodtax": 219000000,
        "othercomprehensiveincomelossreclassificationadjustmentfromaocipensionandotherpostretirementbenefitplanstax": 10000000,
        "othercomprehensiveincomeunrealizedgainlossonderivativesarisingduringperiodtax": 9000000,
        "othercomprehensiveincomelossreclassificationadjustmentfromaocionderivativestax": 1000000,
        "revenuefromcontractwithcustomerincludingassessedtax": 21100000000,
        "exciseandsalestaxes": 13374000000,
        "revenuefromcontractwithcustomerexcludingassessedtax": 1020000000,
        "costofgoodssold": 2744000000,
        "grossprofit": 4982000000,
        "marketingadministrationandresearchcosts": 1868000000,
        "amortizationofintangibleassets": 21000000,
        "operatingincomeloss": 1177000000,
        "interestincomeexpensenet": -168000000,
        "netperiodicdefinedbenefitsexpensereversalofexpenseexcludingservicecostcomponent": 3000000,
        "incomelossfromcontinuingoperationsbeforeincometaxesminorityinterestandincomelossfromequitymethodinvestments": 2919000000,
        "incometaxexpensebenefit": 644000000,
        "incomelossfromequitymethodinvestmentsandequitysecuritiesfvni": 20000000,
        "netincomelossattributabletononcontrollinginterest": 97000000,
        "netincomeloss": 2198000000,
        "earningspersharebasic": 1.41,
        "earningspersharediluted": 1.41,
        "commonstockdividendspersharedeclared": 1.14
    },
    {
        "date": "2018-03-30",
        "symbol": "PM",
        "period": "Q1",
        "profitloss": 1556000000,
        "othercomprehensiveincomeforeigncurrencytransactionandtranslationgainlossarisingduringperiodnetoftax": -757000000,
        "othercomprehensiveincomelossreclassificationadjustmentfromaocipensionandotherpostretirementbenefitplansnetoftax": 50000000,
        "othercomprehensiveincomeunrealizedgainlossonderivativesarisingduringperiodnetoftax": -64000000,
        "othercomprehensiveincomelossreclassificationadjustmentfromaocionderivativesnetoftax": -2000000,
        "othercomprehensiveincomelossnetoftax": -39000000,
        "comprehensiveincomenetoftaxincludingportionattributabletononcontrollinginterest": 1264000000,
        "comprehensiveincomenetoftaxattributabletononcontrollinginterest": 56000000,
        "comprehensiveincomenetoftax": 1208000000,
        "othercomprehensiveincomeforeigncurrencytranslationgainlossarisingduringperiodtax": -192000000,
        "othercomprehensiveincomelossreclassificationadjustmentfromaocipensionandotherpostretirementbenefitplanstax": 11000000,
        "othercomprehensiveincomeunrealizedgainlossonderivativesarisingduringperiodtax": -10000000,
        "othercomprehensiveincomelossreclassificationadjustmentfromaocionderivativestax": -1000000,
        "revenuefromcontractwithcustomerincludingassessedtax": 18426000000,
        "exciseandsalestaxes": 11530000000,
        "revenuefromcontractwithcustomerexcludingassessedtax": 1081000000,
        "costofgoodssold": 2615000000,
        "grossprofit": 4281000000,
        "marketingadministrationandresearchcosts": 1833000000,
        "amortizationofintangibleassets": 22000000,
        "operatingincomeloss": 429000000,
        "interestincomeexpensenet": -227000000,
        "netperiodicdefinedbenefitsexpensereversalofexpenseexcludingservicecostcomponent": 6000000,
        "incomelossfromcontinuingoperationsbeforeincometaxesminorityinterestandincomelossfromequitymethodinvestments": 2193000000,
        "incometaxexpensebenefit": 559000000,
        "incomelossfromequitymethodinvestmentsandequitysecuritiesfvni": 13000000,
        "netincomelossattributabletononcontrollinginterest": 91000000,
        "netincomeloss": 1556000000,
        "earningspersharebasic": 1,
        "earningspersharediluted": 1,
        "commonstockdividendspersharedeclared": 1.07
    },
    {
        "date": "2017-12-30",
        "symbol": "PM",
        "period": "Q4",
        "profitloss": 694000000,
        "othercomprehensiveincomeforeigncurrencytransactionandtranslationgainlossarisingduringperiodnetoftax": -221000000,
        "othercomprehensiveincomelossreclassificationadjustmentfromaocipensionandotherpostretirementbenefitplansnetoftax": 10000000,
        "othercomprehensiveincomeunrealizedgainlossonderivativesarisingduringperiodnetoftax": 4000000,
        "othercomprehensiveincomelossreclassificationadjustmentfromaocionderivativesnetoftax": 15000000,
        "othercomprehensiveincomelossnetoftax": 1035000000,
        "comprehensiveincomenetoftaxincludingportionattributabletononcontrollinginterest": 1069000000,
        "comprehensiveincomenetoftaxattributabletononcontrollinginterest": 113000000,
        "comprehensiveincomenetoftax": 956000000,
        "othercomprehensiveincomeforeigncurrencytranslationgainlossarisingduringperiodtax": 170000000,
        "othercomprehensiveincomelossreclassificationadjustmentfromaocipensionandotherpostretirementbenefitplanstax": -21000000,
        "othercomprehensiveincomeunrealizedgainlossonderivativesarisingduringperiodtax": -1000000,
        "othercomprehensiveincomelossreclassificationadjustmentfromaocionderivativestax": 1000000,
        "salesrevenuenet": 7424000000,
        "costofgoodssold": 3001000000,
        "exciseandsalestaxes": 13291000000,
        "grossprofit": 5293000000,
        "marketingadministrationandresearchcosts": -4771000000,
        "amortizationofintangibleassets": 23000000,
        "operatingincomeloss": 3318000000,
        "interestincomeexpensenet": -259000000,
        "incomelossfromcontinuingoperationsbeforeincometaxesminorityinterestandincomelossfromequitymethodinvestments": 3059000000,
        "incometaxexpensebenefit": 2265000000,
        "incomelossfromequitymethodinvestments": 2000000,
        "netincomelossattributabletononcontrollinginterest": 102000000,
        "netincomeloss": 694000000,
        "earningspersharebasic": 0.44999999999999996,
        "earningspersharediluted": 0.44999999999999996
    },
    {
        "date": "2017-09-29",
        "symbol": "PM",
        "period": "Q3",
        "profitloss": 1909000000,
        "othercomprehensiveincomeforeigncurrencytransactionandtranslationgainlossarisingduringperiodnetoftax": -1076000000,
        "othercomprehensiveincomelossreclassificationadjustmentfromaocipensionandotherpostretirementbenefitplansnetoftax": 55000000,
        "othercomprehensiveincomeunrealizedgainlossonderivativesarisingduringperiodnetoftax": 5000000,
        "othercomprehensiveincomelossreclassificationadjustmentfromaocionderivativesnetoftax": -6000000,
        "othercomprehensiveincomelossnetoftax": -203000000,
        "comprehensiveincomenetoftaxincludingportionattributabletononcontrollinginterest": 2310000000,
        "comprehensiveincomenetoftaxattributabletononcontrollinginterest": 67000000,
        "comprehensiveincomenetoftax": 2243000000,
        "othercomprehensiveincomeforeigncurrencytranslationgainlossarisingduringperiodtax": -244000000,
        "othercomprehensiveincomelossreclassificationadjustmentfromaocipensionandotherpostretirementbenefitplanstax": 50000000,
        "othercomprehensiveincomeunrealizedgainlossonderivativesarisingduringperiodtax": 1000000,
        "othercomprehensiveincomelossreclassificationadjustmentfromaocionderivativestax": 2000000,
        "salesrevenuenet": -3321000000,
        "costofgoodssold": 2735000000,
        "exciseandsalestaxes": 13165000000,
        "grossprofit": 4738000000,
        "marketingadministrationandresearchcosts": 1649000000,
        "amortizationofintangibleassets": 21000000,
        "operatingincomeloss": 3068000000,
        "interestincomeexpensenet": -223000000,
        "incomelossfromcontinuingoperationsbeforeincometaxesminorityinterestandincomelossfromequitymethodinvestments": 2845000000,
        "incometaxexpensebenefit": 812000000,
        "incomelossfromequitymethodinvestments": 12000000,
        "netincomelossattributabletononcontrollinginterest": 75000000,
        "netincomeloss": 1970000000,
        "earningspersharebasic": 1.27,
        "earningspersharediluted": 1.27,
        "commonstockdividendspersharedeclared": 1.0699999999999998
    },
    {
        "date": "2017-06-29",
        "symbol": "PM",
        "period": "Q2",
        "profitloss": 1842000000,
        "othercomprehensiveincomeforeigncurrencytransactionandtranslationgainlossarisingduringperiodnetoftax": -731000000,
        "othercomprehensiveincomelossreclassificationadjustmentfromaocipensionandotherpostretirementbenefitplansnetoftax": 55000000,
        "othercomprehensiveincomeunrealizedgainlossonderivativesarisingduringperiodnetoftax": 22000000,
        "othercomprehensiveincomelossreclassificationadjustmentfromaocionderivativesnetoftax": 7000000,
        "othercomprehensiveincomelossnetoftax": 197000000,
        "comprehensiveincomenetoftaxincludingportionattributabletononcontrollinginterest": 2039000000,
        "comprehensiveincomenetoftaxattributabletononcontrollinginterest": 63000000,
        "comprehensiveincomenetoftax": 1976000000,
        "othercomprehensiveincomeforeigncurrencytranslationgainlossarisingduringperiodtax": -390000000,
        "othercomprehensiveincomelossreclassificationadjustmentfromaocipensionandotherpostretirementbenefitplanstax": -10000000,
        "othercomprehensiveincomeunrealizedgainlossonderivativesarisingduringperiodtax": 3000000,
        "othercomprehensiveincomelossreclassificationadjustmentfromaocionderivativestax": 1000000,
        "salesrevenuenet": 6921000000,
        "costofgoodssold": 2519000000,
        "exciseandsalestaxes": 12402000000,
        "grossprofit": 4398000000,
        "marketingadministrationandresearchcosts": 1655000000,
        "amortizationofintangibleassets": 22000000,
        "operatingincomeloss": 2721000000,
        "interestincomeexpensenet": -213000000,
        "incomelossfromcontinuingoperationsbeforeincometaxesminorityinterestandincomelossfromequitymethodinvestments": 2508000000,
        "incometaxexpensebenefit": 689000000,
        "incomelossfromequitymethodinvestments": 23000000,
        "netincomelossattributabletononcontrollinginterest": 61000000,
        "netincomeloss": 1781000000,
        "earningspersharebasic": 1.14,
        "earningspersharediluted": 1.14,
        "commonstockdividendspersharedeclared": 1.04
    },
    {
        "date": "2017-03-30",
        "symbol": "PM",
        "period": "Q1",
        "profitloss": 1590000000,
        "othercomprehensiveincomeforeigncurrencytransactionandtranslationgainlossarisingduringperiodnetoftax": 303000000,
        "othercomprehensiveincomelossreclassificationadjustmentfromaocipensionandotherpostretirementbenefitplansnetoftax": 56000000,
        "othercomprehensiveincomeunrealizedgainlossonderivativesarisingduringperiodnetoftax": -75000000,
        "othercomprehensiveincomelossreclassificationadjustmentfromaocionderivativesnetoftax": -5000000,
        "othercomprehensiveincomelossnetoftax": -5000000,
        "comprehensiveincomenetoftaxincludingportionattributabletononcontrollinginterest": 1947000000,
        "comprehensiveincomenetoftaxattributabletononcontrollinginterest": 63000000,
        "comprehensiveincomenetoftax": 1884000000,
        "othercomprehensiveincomeforeigncurrencytranslationgainlossarisingduringperiodtax": -156000000,
        "othercomprehensiveincomelossreclassificationadjustmentfromaocipensionandotherpostretirementbenefitplanstax": -9000000,
        "othercomprehensiveincomeunrealizedgainlossonderivativesarisingduringperiodtax": -11000000,
        "othercomprehensiveincomelossreclassificationadjustmentfromaocionderivativestax": -2000000,
        "salesrevenuenet": 16556000000,
        "costofgoodssold": 2177000000,
        "exciseandsalestaxes": 10492000000,
        "grossprofit": 3887000000,
        "marketingadministrationandresearchcosts": 1469000000,
        "amortizationofintangibleassets": 22000000,
        "operatingincomeloss": 2396000000,
        "interestincomeexpensenet": -219000000,
        "incomelossfromcontinuingoperationsbeforeincometaxesminorityinterestandincomelossfromequitymethodinvestments": 2177000000,
        "incometaxexpensebenefit": 541000000,
        "incomelossfromequitymethodinvestments": 22000000,
        "netincomelossattributabletononcontrollinginterest": 68000000,
        "netincomeloss": 1590000000,
        "earningspersharebasic": 1.02,
        "earningspersharediluted": 1.02,
        "commonstockdividendspersharedeclared": 1.04
    },
    {
        "date": "2016-12-30",
        "symbol": "PM",
        "period": "Q4",
        "profitloss": 1711000000,
        "othercomprehensiveincomeforeigncurrencytransactionandtranslationgainlossarisingduringperiodnetoftax": 662000000,
        "othercomprehensiveincomelossnetoftax": -70000000,
        "comprehensiveincomenetoftaxincludingportionattributabletononcontrollinginterest": 1035000000,
        "comprehensiveincomenetoftaxattributabletononcontrollinginterest": -6000000,
        "comprehensiveincomenetoftax": 1041000000,
        "othercomprehensiveincomeforeigncurrencytranslationgainlossarisingduringperiodtax": 232000000,
        "othercomprehensiveincomelossreclassificationadjustmentfromaocipensionandotherpostretirementbenefitplanstax": 1000000,
        "othercomprehensiveincomeunrealizedgainlossonderivativesarisingduringperiodtax": 35000000,
        "othercomprehensiveincomelossreclassificationadjustmentfromaocionderivativestax": -3000000,
        "salesrevenuenet": 6465000000,
        "costofgoodssold": 2499000000,
        "exciseandsalestaxes": 12218000000,
        "grossprofit": 4472000000,
        "marketingadministrationandresearchcosts": -4568000000,
        "amortizationofintangibleassets": 18000000,
        "operatingincomeloss": 2612000000,
        "interestincomeexpensenet": -201000000,
        "incomelossfromcontinuingoperationsbeforeincometaxesminorityinterestandincomelossfromequitymethodinvestments": 2411000000,
        "incometaxexpensebenefit": 658000000,
        "incomelossfromequitymethodinvestments": 22000000,
        "netincomelossattributabletononcontrollinginterest": 64000000,
        "netincomeloss": 1711000000,
        "earningspersharebasic": 1.1000000000000005,
        "earningspersharediluted": 1.1000000000000005
    },
    {
        "date": "2016-09-29",
        "symbol": "PM",
        "period": "Q3",
        "profitloss": 1938000000,
        "othercomprehensiveincomeforeigncurrencytransactionandtranslationgainlossarisingduringperiodnetoftax": -153000000,
        "othercomprehensiveincomelossnetoftax": -1000000,
        "comprehensiveincomenetoftaxincludingportionattributabletononcontrollinginterest": 2093000000,
        "comprehensiveincomenetoftaxattributabletononcontrollinginterest": 89000000,
        "comprehensiveincomenetoftax": 2004000000,
        "othercomprehensiveincomeforeigncurrencytranslationgainlossarisingduringperiodtax": -84000000,
        "othercomprehensiveincomelossreclassificationadjustmentfromaocipensionandotherpostretirementbenefitplanstax": -10000000,
        "othercomprehensiveincomeunrealizedgainlossonderivativesarisingduringperiodtax": -1000000,
        "othercomprehensiveincomelossreclassificationadjustmentfromaocionderivativestax": 3000000,
        "salesrevenuenet": 7387000000,
        "costofgoodssold": 2432000000,
        "exciseandsalestaxes": 12953000000,
        "grossprofit": 4550000000,
        "marketingadministrationandresearchcosts": 1554000000,
        "amortizationofintangibleassets": 19000000,
        "operatingincomeloss": 2977000000,
        "interestincomeexpensenet": -220000000,
        "incomelossfromcontinuingoperationsbeforeincometaxesminorityinterestandincomelossfromequitymethodinvestments": 2757000000,
        "incometaxexpensebenefit": 764000000,
        "incomelossfromequitymethodinvestments": 35000000,
        "netincomelossattributabletononcontrollinginterest": 90000000,
        "netincomeloss": 1938000000,
        "earningspersharebasic": 1.25,
        "earningspersharediluted": 1.25,
        "commonstockdividendspersharedeclared": 1.04
    },
    {
        "date": "2016-06-29",
        "symbol": "PM",
        "period": "Q2",
        "profitloss": 1788000000,
        "othercomprehensiveincomeforeigncurrencytransactionandtranslationgainlossarisingduringperiodnetoftax": -617000000,
        "othercomprehensiveincomelosspensionandotherpostretirementbenefitplansadjustmentbeforereclassificationadjustmentsnetoftax": 0,
        "othercomprehensiveincomelossnetoftax": -5000000,
        "comprehensiveincomenetoftaxincludingportionattributabletononcontrollinginterest": 1796000000,
        "comprehensiveincomenetoftaxattributabletononcontrollinginterest": 49000000,
        "comprehensiveincomenetoftax": 1747000000,
        "othercomprehensiveincomeforeigncurrencytranslationgainlossarisingduringperiodtax": 115000000,
        "othercomprehensiveincomenetlossesandpriorservicecoststaxeffect": 0,
        "othercomprehensiveincomelossreclassificationadjustmentfromaocipensionandotherpostretirementbenefitplanstax": -25000000,
        "othercomprehensiveincomeunrealizedgainlossonderivativesarisingduringperiodtax": -13000000,
        "othercomprehensiveincomelossreclassificationadjustmentfromaocionderivativestax": 4000000,
        "salesrevenuenet": -3511000000,
        "costofgoodssold": 2364000000,
        "exciseandsalestaxes": 12392000000,
        "grossprofit": 4285000000,
        "marketingadministrationandresearchcosts": 1513000000,
        "amortizationofintangibleassets": 19000000,
        "operatingincomeloss": 2753000000,
        "interestincomeexpensenet": -223000000,
        "incomelossfromcontinuingoperationsbeforeincometaxesminorityinterestandincomelossfromequitymethodinvestments": 2530000000,
        "incometaxexpensebenefit": 716000000,
        "incomelossfromequitymethodinvestments": 28000000,
        "netincomelossattributabletononcontrollinginterest": 54000000,
        "netincomeloss": 1788000000,
        "earningspersharebasic": 1.15,
        "earningspersharediluted": 1.15,
        "commonstockdividendspersharedeclared": 1.02
    },
    {
        "date": "2016-03-30",
        "symbol": "PM",
        "period": "Q1",
        "profitloss": 1530000000,
        "othercomprehensiveincomeforeigncurrencytransactionandtranslationgainlossarisingduringperiodnetoftax": 538000000,
        "othercomprehensiveincomelosspensionandotherpostretirementbenefitplansadjustmentbeforereclassificationadjustmentsnetoftax": 10000000,
        "othercomprehensiveincomelosspensionandotherpostretirementbenefitplansadjustmentnetoftax": -55000000,
        "derivativeinstrumentsgainlossrecognizedinothercomprehensiveincomeeffectiveportionnet": -276000000,
        "derivativeinstrumentsgainlossreclassifiedfromaccumulatedociintoincomeeffectiveportionnet": 6000000,
        "othercomprehensiveincomelossnetoftax": 26000000,
        "comprehensiveincomenetoftaxincludingportionattributabletononcontrollinginterest": 2119000000,
        "comprehensiveincomenetoftaxattributabletononcontrollinginterest": 101000000,
        "comprehensiveincomenetoftax": 2018000000,
        "othercomprehensiveincomeforeigncurrencytranslationgainlossarisingduringperiodtax": -162000000,
        "othercomprehensiveincomenetlossesandpriorservicecoststaxeffect": 3000000,
        "othercomprehensiveincomelossreclassificationadjustmentfromaocipensionandotherpostretirementbenefitplanstax": 8000000,
        "othercomprehensiveincomeunrealizedgainlossonderivativesarisingduringperiodtax": -17000000,
        "othercomprehensiveincomelossreclassificationadjustmentfromaocionderivativestax": -1000000,
        "salesrevenuenet": 16788000000,
        "costofgoodssold": 2096000000,
        "exciseandsalestaxes": 10705000000,
        "grossprofit": 3987000000,
        "marketingadministrationandresearchcosts": 1496000000,
        "amortizationofintangibleassets": 18000000,
        "operatingincomeloss": 2473000000,
        "interestincomeexpensenet": -247000000,
        "incomelossfromcontinuingoperationsbeforeincometaxesminorityinterestandincomelossfromequitymethodinvestments": 2226000000,
        "incometaxexpensebenefit": 630000000,
        "incomelossfromequitymethodinvestments": 9000000,
        "netincomelossattributabletononcontrollinginterest": 75000000,
        "netincomeloss": 1530000000,
        "earningspersharebasic": 0.98,
        "earningspersharediluted": 0.98,
        "commonstockdividendspersharedeclared": 1.02
    },
    {
        "date": "2015-12-30",
        "symbol": "PM",
        "period": "Q4",
        "profitloss": 3093000000,
        "othercomprehensiveincomeforeigncurrencytransactionandtranslationgainlossarisingduringperiodnetoftax": 2355000000,
        "derivativeinstrumentsgainlossrecognizedinothercomprehensiveincomeeffectiveportionnet": 8000000,
        "derivativeinstrumentsgainlossreclassifiedfromaccumulatedociintoincomeeffectiveportionnet": 77000000,
        "comprehensiveincomenetoftaxincludingportionattributabletononcontrollinginterest": 825000000,
        "comprehensiveincomenetoftaxattributabletononcontrollinginterest": 51000000,
        "comprehensiveincomenetoftax": 774000000,
        "othercomprehensiveincomeforeigncurrencytranslationgainlossarisingduringperiodtax": -429000000,
        "othercomprehensiveincomelossreclassificationadjustmentfromaocipensionandotherpostretirementbenefitplanstax": -11000000,
        "othercomprehensiveincomeunrealizedgainlossonderivativesarisingduringperiodtax": 2000000,
        "othercomprehensiveincomelossreclassificationadjustmentfromaocionderivativestax": 19000000,
        "salesrevenuenet": 7654000000,
        "costofgoodssold": 2375000000,
        "exciseandsalestaxes": 11979000000,
        "grossprofit": 4017000000,
        "marketingadministrationandresearchcosts": -4627000000,
        "amortizationofintangibleassets": 20000000,
        "operatingincomeloss": 1901000000,
        "interestincomeexpensenet": -227000000,
        "incomelossfromcontinuingoperationsbeforeincometaxesminorityinterestandincomelossfromequitymethodinvestments": 1674000000,
        "incometaxexpensebenefit": 412000000,
        "incomelossfromequitymethodinvestments": 36000000,
        "netincomelossattributabletononcontrollinginterest": 49000000,
        "netincomeloss": 1249000000,
        "earningspersharebasic": 0.8,
        "earningspersharediluted": 0.8
    },
    {
        "date": "2015-09-29",
        "symbol": "PM",
        "period": "Q3",
        "profitloss": 1984000000,
        "othercomprehensiveincomeforeigncurrencytransactionandtranslationgainlossarisingduringperiodnetoftax": -58000000,
        "othercomprehensiveincomelosspensionandotherpostretirementbenefitplansadjustmentnetoftax": -56000000,
        "derivativeinstrumentsgainlossrecognizedinothercomprehensiveincomeeffectiveportionnet": -36000000,
        "derivativeinstrumentsgainlossreclassifiedfromaccumulatedociintoincomeeffectiveportionnet": 13000000,
        "othercomprehensiveincomelossnetoftax": -842000000,
        "comprehensiveincomenetoftaxincludingportionattributabletononcontrollinginterest": 1142000000,
        "comprehensiveincomenetoftaxattributabletononcontrollinginterest": 20000000,
        "comprehensiveincomenetoftax": 1122000000,
        "othercomprehensiveincomeforeigncurrencytranslationgainlossarisingduringperiodtax": -44000000,
        "othercomprehensiveincomelossreclassificationadjustmentfromaocipensionandotherpostretirementbenefitplanstax": 13000000,
        "othercomprehensiveincomeunrealizedgainlossonderivativesarisingduringperiodtax": -3000000,
        "othercomprehensiveincomelossreclassificationadjustmentfromaocionderivativestax": -3000000,
        "salesrevenuenet": 6633000000,
        "costofgoodssold": 2383000000,
        "exciseandsalestaxes": 12495000000,
        "grossprofit": 4544000000,
        "marketingadministrationandresearchcosts": 1566000000,
        "amortizationofintangibleassets": 19000000,
        "operatingincomeloss": 2959000000,
        "interestincomeexpensenet": -247000000,
        "incomelossfromcontinuingoperationsbeforeincometaxesminorityinterestandincomelossfromequitymethodinvestments": 2712000000,
        "incometaxexpensebenefit": 748000000,
        "incomelossfromequitymethodinvestments": 20000000,
        "netincomelossattributabletononcontrollinginterest": 42000000,
        "netincomeloss": 1942000000,
        "earningspersharebasic": 1.25,
        "earningspersharediluted": 1.25,
        "commonstockdividendspersharedeclared": 1.02
    },
    {
        "date": "2015-06-29",
        "symbol": "PM",
        "period": "Q2",
        "profitloss": 1916000000,
        "othercomprehensiveincomeforeigncurrencytransactionandtranslationgainlossarisingduringperiodnetoftax": -193000000,
        "othercomprehensiveincomelosspensionandotherpostretirementbenefitplansadjustmentnetoftax": -54000000,
        "derivativeinstrumentsgainlossrecognizedinothercomprehensiveincomeeffectiveportionnet": 41000000,
        "derivativeinstrumentsgainlossreclassifiedfromaccumulatedociintoincomeeffectiveportionnet": 39000000,
        "othercomprehensiveincomelossnetoftax": -18000000,
        "comprehensiveincomenetoftaxincludingportionattributabletononcontrollinginterest": 1898000000,
        "comprehensiveincomenetoftaxattributabletononcontrollinginterest": 28000000,
        "comprehensiveincomenetoftax": 1870000000,
        "othercomprehensiveincomeforeigncurrencytranslationgainlossarisingduringperiodtax": -104000000,
        "othercomprehensiveincomelossreclassificationadjustmentfromaocipensionandotherpostretirementbenefitplanstax": 12000000,
        "othercomprehensiveincomeunrealizedgainlossonderivativesarisingduringperiodtax": 4000000,
        "othercomprehensiveincomelossreclassificationadjustmentfromaocionderivativestax": -5000000,
        "salesrevenuenet": 6336000000,
        "costofgoodssold": 2378000000,
        "exciseandsalestaxes": 11904000000,
        "grossprofit": 4481000000,
        "marketingadministrationandresearchcosts": 1568000000,
        "amortizationofintangibleassets": 21000000,
        "operatingincomeloss": 2892000000,
        "interestincomeexpensenet": -259000000,
        "incomelossfromcontinuingoperationsbeforeincometaxesminorityinterestandincomelossfromequitymethodinvestments": 2633000000,
        "incometaxexpensebenefit": 743000000,
        "incomelossfromequitymethodinvestments": 26000000,
        "netincomelossattributabletononcontrollinginterest": 29000000,
        "netincomeloss": 1887000000,
        "earningspersharebasic": 1.21,
        "earningspersharediluted": 1.21,
        "commonstockdividendspersharedeclared": 1
    },
    {
        "date": "2015-03-30",
        "symbol": "PM",
        "period": "Q1",
        "profitloss": 39000000,
        "othercomprehensiveincomeforeigncurrencytransactionandtranslationgainlossarisingduringperiodnetoftax": -1343000000,
        "othercomprehensiveincomelosspensionandotherpostretirementbenefitplansadjustmentnetoftax": -56000000,
        "derivativeinstrumentsgainlossrecognizedinothercomprehensiveincomeeffectiveportionnet": 25000000,
        "derivativeinstrumentsgainlossreclassifiedfromaccumulatedociintoincomeeffectiveportionnet": -27000000,
        "othercomprehensiveincomelossnetoftax": -25000000,
        "comprehensiveincomenetoftaxincludingportionattributabletononcontrollinginterest": 545000000,
        "comprehensiveincomenetoftaxattributabletononcontrollinginterest": 14000000,
        "comprehensiveincomenetoftax": 531000000,
        "othercomprehensiveincomeforeigncurrencytranslationgainlossarisingduringperiodtax": 434000000,
        "othercomprehensiveincomelossreclassificationadjustmentfromaocipensionandotherpostretirementbenefitplanstax": 12000000,
        "othercomprehensiveincomeunrealizedgainlossonderivativesarisingduringperiodtax": 2000000,
        "othercomprehensiveincomelossreclassificationadjustmentfromaocionderivativestax": 3000000,
        "salesrevenuenet": 5940000000,
        "costofgoodssold": 2229000000,
        "exciseandsalestaxes": 10736000000,
        "grossprofit": 4387000000,
        "marketingadministrationandresearchcosts": 1494000000,
        "amortizationofintangibleassets": 22000000,
        "operatingincomeloss": 2871000000,
        "interestincomeexpensenet": -275000000,
        "incomelossfromcontinuingoperationsbeforeincometaxesminorityinterestandincomelossfromequitymethodinvestments": 2596000000,
        "incometaxexpensebenefit": 785000000,
        "incomelossfromequitymethodinvestments": 23000000,
        "netincomelossattributabletononcontrollinginterest": 39000000,
        "netincomeloss": 1795000000,
        "earningspersharebasic": 1.16,
        "earningspersharediluted": 1.16,
        "commonstockdividendspersharedeclared": 1
    },
    {
        "date": "2014-12-30",
        "symbol": "PM",
        "period": "Q4",
        "profitloss": 1649000000,
        "othercomprehensiveincomeforeigncurrencytransactionandtranslationgainlossarisingduringperiodnetoftax": 328000000,
        "derivativeinstrumentsgainlossrecognizedinothercomprehensiveincomeeffectiveportionnet": 77000000,
        "comprehensiveincomenetoftaxincludingportionattributabletononcontrollinginterest": -162000000,
        "comprehensiveincomenetoftaxattributabletononcontrollinginterest": 30000000,
        "comprehensiveincomenetoftax": -192000000,
        "othercomprehensiveincomeforeigncurrencytranslationgainlossarisingduringperiodtax": -185000000,
        "othercomprehensiveincomeunrealizedgainlossonderivativesarisingduringperiodtax": 12000000,
        "othercomprehensiveincomelossreclassificationadjustmentfromaocionderivativestax": 6000000,
        "salesrevenuenet": 14543000000,
        "costofgoodssold": 2632000000,
        "exciseandsalestaxes": 12744000000,
        "grossprofit": 4565000000,
        "marketingadministrationandresearchcosts": -5021000000,
        "restructuringsettlementandimpairmentprovisions": 17000000,
        "amortizationofintangibleassets": 26000000,
        "operatingincomeloss": 2532000000,
        "interestincomeexpensenet": -263000000,
        "incomelossfromcontinuingoperationsbeforeincometaxesminorityinterestandincomelossfromequitymethodinvestments": 2269000000,
        "incometaxexpensebenefit": 651000000,
        "incomelossfromequitymethodinvestments": 31000000,
        "netincomelossattributabletononcontrollinginterest": 37000000,
        "netincomeloss": 1612000000,
        "earningspersharebasic": 1.03,
        "earningspersharediluted": 1.03
    },
    {
        "date": "2014-09-29",
        "symbol": "PM",
        "period": "Q3",
        "profitloss": 2198000000,
        "othercomprehensiveincomeforeigncurrencytransactionandtranslationgainlossarisingduringperiodnetoftax": 531000000,
        "othercomprehensiveincomeamortizationofnetlossespriorservicecostsandnettransitioncostsnetoftax": -38000000,
        "derivativeinstrumentsgainlossreclassifiedfromaccumulatedociintoincomeeffectiveportionnet": 0,
        "derivativeinstrumentsgainlossrecognizedinothercomprehensiveincomeeffectiveportionnet": 43000000,
        "othercomprehensiveincomelossnetoftaxincludingportionattributabletoredeemablenoncontrollinginterest": -733000000,
        "comprehensiveincomenetoftaxincludingportionattributabletononcontrollinginterest": 1465000000,
        "comprehensiveincomenetoftaxattributabletononcontrollinginterest": 18000000,
        "comprehensiveincomenetoftax": 1447000000,
        "othercomprehensiveincomeforeigncurrencytranslationgainlossarisingduringperiodtax": 397000000,
        "othercomprehensiveincomeamortizationofnetlossespriorservicecostsandnettransitioncoststaxeffect": -11000000,
        "othercomprehensiveincomelossreclassificationadjustmentfromaocionderivativestax": 2000000,
        "othercomprehensiveincomeunrealizedgainlossonderivativesarisingduringperiodtax": 2000000,
        "salesrevenuenet": 2799000000,
        "costofgoodssold": 2734000000,
        "exciseandsalestaxes": 13479000000,
        "grossprofit": 5122000000,
        "marketingadministrationandresearchcosts": 1763000000,
        "restructuringsettlementandimpairmentprovisions": -39000000,
        "amortizationofintangibleassets": 23000000,
        "operatingincomeloss": 3345000000,
        "interestincomeexpensenet": -267000000,
        "incomelossfromcontinuingoperationsbeforeincometaxesminorityinterestandincomelossfromequitymethodinvestments": 3078000000,
        "incometaxexpensebenefit": 918000000,
        "incomelossfromequitymethodinvestments": 38000000,
        "netincomelossattributabletononcontrollinginterest": 43000000,
        "netincomeloss": 2155000000,
        "earningspersharebasic": 1.3800000000000001,
        "earningspersharediluted": 1.3800000000000001,
        "commonstockdividendspersharedeclared": 1
    },
    {
        "date": "2014-06-29",
        "symbol": "PM",
        "period": "Q2",
        "profitloss": 1895000000,
        "othercomprehensiveincomeforeigncurrencytransactionandtranslationgainlossarisingduringperiodnetoftax": 76000000,
        "othercomprehensiveincomelosspensionandotherpostretirementbenefitplansbeforereclassificationadjustmentsnetoftax": -41000000,
        "othercomprehensiveincomeamortizationofnetlossespriorservicecostsandnettransitioncostsnetoftax": -43000000,
        "derivativeinstrumentsgainlossreclassifiedfromaccumulatedociintoincomeeffectiveportionnet": -6000000,
        "derivativeinstrumentsgainlossrecognizedinothercomprehensiveincomeeffectiveportionnet": 2000000,
        "othercomprehensiveincomelossnetoftaxincludingportionattributabletoredeemablenoncontrollinginterest": -92000000,
        "comprehensiveincomenetoftaxincludingportionattributabletononcontrollinginterest": 1803000000,
        "comprehensiveincomenetoftaxattributabletononcontrollinginterest": 53000000,
        "comprehensiveincomenetoftax": 1750000000,
        "othercomprehensiveincomeforeigncurrencytranslationgainlossarisingduringperiodtax": -55000000,
        "othercomprehensiveincomenetlossesandpriorservicecoststaxeffect": 3000000,
        "othercomprehensiveincomeamortizationofnetlossespriorservicecostsandnettransitioncoststaxeffect": -14000000,
        "othercomprehensiveincomelossreclassificationadjustmentfromaocionderivativestax": 1000000,
        "othercomprehensiveincomeunrealizedgainlossonderivativesarisingduringperiodtax": 2000000,
        "salesrevenuenet": 5097000000,
        "costofgoodssold": 2696000000,
        "exciseandsalestaxes": 13254000000,
        "grossprofit": 5101000000,
        "marketingadministrationandresearchcosts": 1716000000,
        "restructuringsettlementandimpairmentprovisions": 488000000,
        "amortizationofintangibleassets": 22000000,
        "operatingincomeloss": 2874000000,
        "interestincomeexpensenet": -254000000,
        "incomelossfromcontinuingoperationsbeforeincometaxesminorityinterestandincomelossfromequitymethodinvestments": 2620000000,
        "incometaxexpensebenefit": 752000000,
        "incomelossfromequitymethodinvestments": 27000000,
        "netincomelossattributabletononcontrollinginterest": 44000000,
        "netincomeloss": 1851000000,
        "earningspersharebasic": 1.17,
        "earningspersharediluted": 1.17,
        "commonstockdividendspersharedeclared": 0.94
    },
    {
        "date": "2014-03-30",
        "symbol": "PM",
        "period": "Q1",
        "othercomprehensiveincomeforeigncurrencytranslationgainlossarisingduringperiodtax": 4000000,
        "othercomprehensiveincomeamortizationofnetlossespriorservicecostsandnettransitioncoststaxeffect": -12000000,
        "othercomprehensiveincomelossreclassificationadjustmentfromaocionderivativestax": 1000000,
        "othercomprehensiveincomeunrealizedgainlossonderivativesarisingduringperiodtax": -3000000,
        "profitloss": 1916000000,
        "othercomprehensiveincomeforeigncurrencytransactionandtranslationgainlossarisingduringperiodnetoftax": 17000000,
        "othercomprehensiveincomeamortizationofnetlossespriorservicecostsandnettransitioncostsnetoftax": -38000000,
        "derivativeinstrumentsgainlossreclassifiedfromaccumulatedociintoincomeeffectiveportionnet": -8000000,
        "derivativeinstrumentsgainlossrecognizedinothercomprehensiveincomeeffectiveportionnet": -24000000,
        "othercomprehensiveincomelossnetoftaxincludingportionattributabletoredeemablenoncontrollinginterest": -30000000,
        "comprehensiveincomenetoftaxincludingportionattributabletononcontrollinginterest": 1886000000,
        "comprehensiveincomenetoftaxattributabletononcontrollinginterest": 34000000,
        "comprehensiveincomenetoftax": 1852000000,
        "salesrevenuenet": 6619000000,
        "costofgoodssold": 2374000000,
        "exciseandsalestaxes": 10862000000,
        "grossprofit": 4543000000,
        "marketingadministrationandresearchcosts": 1547000000,
        "restructuringsettlementandimpairmentprovisions": 23000000,
        "amortizationofintangibleassets": 22000000,
        "operatingincomeloss": 2951000000,
        "interestincomeexpensenet": -268000000,
        "incomelossfromcontinuingoperationsbeforeincometaxesminorityinterestandincomelossfromequitymethodinvestments": 2683000000,
        "incometaxexpensebenefit": 776000000,
        "incomelossfromequitymethodinvestments": 9000000,
        "netincomelossattributabletononcontrollinginterest": 41000000,
        "netincomeloss": 1875000000,
        "earningspersharebasic": 1.18,
        "earningspersharediluted": 1.18,
        "commonstockdividendspersharedeclared": 0.94
    },
    {
        "date": "2013-12-30",
        "symbol": "PM",
        "period": "Q4",
        "profitloss": 2036000000,
        "derivativeinstrumentsgainlossreclassifiedfromaccumulatedociintoincomeeffectiveportionnet": -77000000,
        "derivativeinstrumentsgainlossrecognizedinothercomprehensiveincomeeffectiveportionnet": 48000000,
        "othercomprehensiveincomelossnetoftaxincludingportionattributabletoredeemablenoncontrollinginterest": 610000000,
        "comprehensiveincomenetoftaxincludingportionattributabletononcontrollinginterest": 2646000000,
        "comprehensiveincomenetoftaxattributabletononcontrollinginterest": 14000000,
        "comprehensiveincomenetoftaxattributabletoredeemablenoncontrollinginterest": 16000000,
        "comprehensiveincomenetoftax": 2616000000,
        "salesrevenuenet": 7048000000,
        "costofgoodssold": 2602000000,
        "exciseandsalestaxes": 12601000000,
        "grossprofit": 5187000000,
        "marketingadministrationandresearchcosts": 1661000000,
        "amortizationofintangibleassets": 22000000,
        "operatingincomeloss": 3203000000,
        "interestincomeexpensenet": -252000000,
        "incomelossfromcontinuingoperationsbeforeincometaxesminorityinterestandincomelossfromequitymethodinvestments": 2951000000,
        "incometaxexpensebenefit": 893000000,
        "netincomelossattributabletononcontrollinginterest": 49000000,
        "netincomeloss": 1987000000,
        "earningspersharebasic": 1.2400000000000004,
        "earningspersharediluted": 1.2400000000000004
    },
    {
        "date": "2013-09-29",
        "symbol": "PM",
        "period": "Q3",
        "othercomprehensiveincomelossforeigncurrencytranslationadjustmenttax": -95000000,
        "profitloss": 2402000000,
        "othercomprehensiveincomelossforeigncurrencytransactionandtranslationadjustmentnetoftax": -661000000,
        "derivativeinstrumentsgainlossreclassifiedfromaccumulatedociintoincomeeffectiveportionnet": -137000000,
        "derivativeinstrumentsgainlossrecognizedinothercomprehensiveincomeeffectiveportionnet": 72000000,
        "othercomprehensiveincomelossnetoftaxincludingportionattributabletoredeemablenoncontrollinginterest": -662000000,
        "comprehensiveincomenetoftaxincludingportionattributabletononcontrollinginterest": 1740000000,
        "comprehensiveincomenetoftaxattributabletononcontrollinginterest": 95000000,
        "comprehensiveincomenetoftaxattributabletoredeemablenoncontrollinginterest": 9000000,
        "comprehensiveincomenetoftax": 1636000000,
        "salesrevenuenet": 12252000000,
        "costofgoodssold": 2618000000,
        "exciseandsalestaxes": 12702000000,
        "grossprofit": 5309000000,
        "marketingadministrationandresearchcosts": 1693000000,
        "restructuringsettlementandimpairmentprovisions": 0,
        "amortizationofintangibleassets": 23000000,
        "operatingincomeloss": 3593000000,
        "interestincomeexpensenet": -239000000,
        "incomelossfromcontinuingoperationsbeforeincometaxesminorityinterestandincomelossfromequitymethodinvestments": 3354000000,
        "incometaxexpensebenefit": 952000000,
        "netincomelossattributabletononcontrollinginterest": 62000000,
        "netincomeloss": 2340000000,
        "earningspersharebasic": 1.4399999999999997,
        "earningspersharediluted": 1.4399999999999997,
        "commonstockdividendspersharedeclared": 0.9400000000000001
    },
    {
        "date": "2013-06-29",
        "symbol": "PM",
        "period": "Q2",
        "othercomprehensiveincomelossforeigncurrencytranslationadjustmenttax": -52000000,
        "othercomprehensiveincomeamortizationofnetlossespriorservicecostsandnettransitioncoststaxeffect": -13000000,
        "othercomprehensiveincomelossreclassificationadjustmentfromaocionderivativestax": -10000000,
        "othercomprehensiveincomeunrealizedgainlossonderivativesarisingduringperiodtax": 10000000,
        "profitloss": 2194000000,
        "othercomprehensiveincomelossforeigncurrencytransactionandtranslationadjustmentnetoftax": -488000000,
        "othercomprehensiveincomeamortizationofnetlossespriorservicecostsandnettransitioncostsnetoftax": -59000000,
        "derivativeinstrumentsgainlossreclassifiedfromaccumulatedociintoincomeeffectiveportionnet": 10000000,
        "derivativeinstrumentsgainlossrecognizedinothercomprehensiveincomeeffectiveportionnet": -10000000,
        "othercomprehensiveincomelossnetoftaxincludingportionattributabletoredeemablenoncontrollinginterest": -433000000,
        "comprehensiveincomenetoftaxincludingportionattributabletononcontrollinginterest": 1761000000,
        "comprehensiveincomenetoftaxattributabletononcontrollinginterest": 35000000,
        "comprehensiveincomenetoftaxattributabletoredeemablenoncontrollinginterest": -3000000,
        "comprehensiveincomenetoftax": 1729000000,
        "salesrevenuenet": 2480000000,
        "costofgoodssold": 2701000000,
        "exciseandsalestaxes": 12566000000,
        "grossprofit": 5216000000,
        "marketingadministrationandresearchcosts": 1855000000,
        "restructuringsettlementandimpairmentprovisions": 5000000,
        "amortizationofintangibleassets": 24000000,
        "operatingincomeloss": 3332000000,
        "interestincomeexpensenet": -246000000,
        "incomelossfromcontinuingoperationsbeforeincometaxesminorityinterestandincomelossfromequitymethodinvestments": 3086000000,
        "incometaxexpensebenefit": 892000000,
        "netincomelossattributabletononcontrollinginterest": 70000000,
        "netincomeloss": 2124000000,
        "earningspersharebasic": 1.3,
        "earningspersharediluted": 1.3,
        "commonstockdividendspersharedeclared": 0.85
    },
    {
        "date": "2013-03-30",
        "symbol": "PM",
        "period": "Q1",
        "profitloss": 2218000000,
        "othercomprehensiveincomelossforeigncurrencytransactionandtranslationadjustmentnetoftax": -234000000,
        "othercomprehensiveincomereclassificationofdefinedbenefitplansnetgainlossrecognizedinnetperiodicbenefitcostnetoftax": 59000000,
        "derivativeinstrumentsgainlossreclassifiedfromaccumulatedociintoincomeeffectiveportionnet": -31000000,
        "derivativeinstrumentsgainlossrecognizedinothercomprehensiveincomeeffectiveportionnet": 96000000,
        "othercomprehensiveincomelossnetoftaxincludingportionattributabletoredeemablenoncontrollinginterest": -110000000,
        "comprehensiveincomenetoftaxincludingportionattributabletononcontrollinginterest": 2108000000,
        "comprehensiveincomenetoftaxattributabletononcontrollinginterest": 53000000,
        "comprehensiveincomenetoftaxattributabletoredeemablenoncontrollinginterest": 46000000,
        "comprehensiveincomenetoftax": 2009000000,
        "othercomprehensiveincomelossreclassificationpensionandotherpostretirementbenefitplansnetgainlossrecognizedinnetperiodicbenefitcosttax": -14000000,
        "othercomprehensiveincomelossforeigncurrencytranslationadjustmenttax": 28000000,
        "othercomprehensiveincomelossreclassificationadjustmentonderivativesincludedinnetincometax": -4000000,
        "derivativeinstrumentsgainlossrecognizedinothercomprehensiveincometaxeffect": 13000000,
        "salesrevenuenet": 6523000000,
        "costofgoodssold": 2489000000,
        "exciseandsalestaxes": 10943000000,
        "grossprofit": 5095000000,
        "marketingadministrationandresearchcosts": 1681000000,
        "restructuringsettlementandimpairmentprovisions": 3000000,
        "amortizationofintangibleassets": 24000000,
        "operatingincomeloss": 3387000000,
        "interestincomeexpensenet": -236000000,
        "incomelossfromcontinuingoperationsbeforeincometaxesminorityinterestandincomelossfromequitymethodinvestments": 3151000000,
        "incometaxexpensebenefit": 933000000,
        "netincomelossattributabletononcontrollinginterest": 93000000,
        "netincomeloss": 2125000000,
        "earningspersharebasic": 1.28,
        "earningspersharediluted": 1.28,
        "commonstockdividendspersharedeclared": 0.85
    },
    {
        "date": "2012-12-30",
        "symbol": "PM",
        "period": "Q4",
        "profitloss": 2191000000,
        "othercomprehensiveincomeamortizationofnetlossespriorservicecostsandnettransitioncostsnetoftax": -39000000,
        "derivativeinstrumentsgainlossrecognizedinothercomprehensiveincomeeffectiveportionnet": 133000000,
        "othercomprehensiveincomelossnetoftaxincludingportionattributabletoredeemablenoncontrollinginterest": -765000000,
        "comprehensiveincomenetoftaxincludingportionattributabletononcontrollinginterest": 1426000000,
        "comprehensiveincomenetoftaxattributabletononcontrollinginterest": 49000000,
        "comprehensiveincomenetoftaxattributabletoredeemablenoncontrollinginterest": 51000000,
        "comprehensiveincomenetoftax": 1326000000,
        "othercomprehensiveincomeamortizationofnetlossespriorservicecostsandnettransitioncoststaxeffect": -8000000,
        "derivativeinstrumentsgainlossrecognizedinothercomprehensiveincometaxeffect": 17000000,
        "salesrevenuenet": 417000000,
        "costofgoodssold": 2681000000,
        "exciseandsalestaxes": 11853000000,
        "grossprofit": 5208000000,
        "marketingadministrationandresearchcosts": 1935000000,
        "restructuringsettlementandimpairmentprovisions": 33000000,
        "amortizationofintangibleassets": 24000000,
        "operatingincomeloss": 3216000000,
        "interestincomeexpensenet": -226000000,
        "incomelossfromcontinuingoperationsbeforeincometaxesminorityinterestandincomelossfromequitymethodinvestments": 2990000000,
        "incometaxexpensebenefit": 799000000,
        "netincomelossattributabletononcontrollinginterest": 96000000,
        "netincomeloss": 2095000000,
        "earningspersharebasic": 1.25,
        "earningspersharediluted": 1.25
    },
    {
        "date": "2012-09-29",
        "symbol": "PM",
        "period": "Q3",
        "profitloss": 2324000000,
        "othercomprehensiveincomeamortizationofnetlossespriorservicecostsandnettransitioncostsnetoftax": -43000000,
        "derivativeinstrumentsgainlossreclassifiedfromaccumulatedociintoincomeeffectiveportionnet": 0,
        "derivativeinstrumentsgainlossrecognizedinothercomprehensiveincomeeffectiveportionnet": -32000000,
        "othercomprehensiveincomelossnetoftaxincludingportionattributabletoredeemablenoncontrollinginterest": 563000000,
        "comprehensiveincomenetoftaxincludingportionattributabletononcontrollinginterest": 2887000000,
        "comprehensiveincomenetoftaxattributabletononcontrollinginterest": 75000000,
        "comprehensiveincomenetoftaxattributabletoredeemablenoncontrollinginterest": 44000000,
        "comprehensiveincomenetoftax": 2768000000,
        "othercomprehensiveincomeamortizationofnetlossespriorservicecostsandnettransitioncoststaxeffect": -8000000,
        "derivativeinstrumentsgainlossrecognizedinothercomprehensiveincometaxeffect": -4000000,
        "salesrevenuenet": 6904000000,
        "costofgoodssold": 2584000000,
        "exciseandsalestaxes": 11672000000,
        "grossprofit": 5336000000,
        "marketingadministrationandresearchcosts": 1655000000,
        "restructuringsettlementandimpairmentprovisions": 34000000,
        "amortizationofintangibleassets": 24000000,
        "operatingincomeloss": 3623000000,
        "interestincomeexpensenet": -211000000,
        "incomelossfromcontinuingoperationsbeforeincometaxesminorityinterestandincomelossfromequitymethodinvestments": 3412000000,
        "incometaxexpensebenefit": 1088000000,
        "netincomelossattributabletononcontrollinginterest": 97000000,
        "netincomeloss": 2227000000,
        "earningspersharebasic": 1.3199999999999998,
        "earningspersharediluted": 1.3199999999999998,
        "commonstockdividendspersharedeclared": 0.8500000000000001
    },
    {
        "date": "2012-06-29",
        "symbol": "PM",
        "period": "Q2",
        "profitloss": 2407000000,
        "othercomprehensiveincomeamortizationofnetlossespriorservicecostsandnettransitioncostsnetoftax": -40000000,
        "derivativeinstrumentsgainlossreclassifiedfromaccumulatedociintoincomeeffectiveportionnet": 12000000,
        "derivativeinstrumentsgainlossrecognizedinothercomprehensiveincomeeffectiveportionnet": 17000000,
        "othercomprehensiveincomelossnetoftaxincludingportionattributabletoredeemablenoncontrollinginterest": -1024000000,
        "comprehensiveincomenetoftaxincludingportionattributabletononcontrollinginterest": 1383000000,
        "comprehensiveincomenetoftaxattributabletononcontrollinginterest": 25000000,
        "comprehensiveincomenetoftaxattributabletoredeemablenoncontrollinginterest": 50000000,
        "comprehensiveincomenetoftax": 1308000000,
        "othercomprehensiveincomeamortizationofnetlossespriorservicecostsandnettransitioncoststaxeffect": -9000000,
        "derivativeinstrumentsgainlossrecognizedinothercomprehensiveincometaxeffect": -4000000,
        "salesrevenuenet": 7280000000,
        "costofgoodssold": 2666000000,
        "exciseandsalestaxes": 11917000000,
        "grossprofit": 5454000000,
        "marketingadministrationandresearchcosts": 1817000000,
        "restructuringsettlementandimpairmentprovisions": 8000000,
        "amortizationofintangibleassets": 25000000,
        "operatingincomeloss": 3604000000,
        "interestincomeexpensenet": -209000000,
        "incomelossfromcontinuingoperationsbeforeincometaxesminorityinterestandincomelossfromequitymethodinvestments": 3395000000,
        "incometaxexpensebenefit": 988000000,
        "netincomelossattributabletononcontrollinginterest": 90000000,
        "netincomeloss": 2317000000,
        "earningspersharebasic": 1.35,
        "earningspersharediluted": 1.35,
        "commonstockdividendspersharedeclared": 0.77
    },
    {
        "date": "2012-03-30",
        "symbol": "PM",
        "period": "Q1",
        "profitloss": 2232000000,
        "othercomprehensiveincomeforeigncurrencytransactionandtranslationadjustmentnetoftaxperiodincreasedecrease": 461000000,
        "othercomprehensiveincomeamortizationofnetlossespriorservicecostsandnettransitioncostsnetoftax": -38000000,
        "derivativeinstrumentsgainlossreclassifiedfromaccumulatedociintoincomeeffectiveportionnet": -11000000,
        "derivativeinstrumentsgainlossrecognizedinothercomprehensiveincomeeffectiveportionnet": -5000000,
        "othercomprehensiveincomelossnetoftaxincludingportionattributabletoredeemablenoncontrollinginterest": 535000000,
        "comprehensiveincomenetoftaxincludingportionattributabletononcontrollinginterest": 2767000000,
        "comprehensiveincomenetoftaxattributabletononcontrollinginterest": 61000000,
        "comprehensiveincomenetoftaxattributabletoredeemablenoncontrollinginterest": 49000000,
        "comprehensiveincomenetoftax": 2657000000,
        "othercomprehensiveincomeforeigncurrencytranslationadjustmenttax": 22000000,
        "othercomprehensiveincomeamortizationofnetlossespriorservicecostsandnettransitioncoststaxeffect": -12000000,
        "othercomprehensiveincomereclassificationadjustmentonderivativesincludedinnetincometax": 1000000,
        "derivativeinstrumentsgainlossrecognizedinothercomprehensiveincometaxeffect": 5000000,
        "salesrevenuenet": 6470000000,
        "costofgoodssold": 2442000000,
        "exciseandsalestaxes": 10574000000,
        "grossprofit": 5006000000,
        "marketingadministrationandresearchcosts": 1571000000,
        "restructuringsettlementandimpairmentprovisions": 8000000,
        "amortizationofintangibleassets": 24000000,
        "operatingincomeloss": 3403000000,
        "interestincomeexpensenet": -213000000,
        "incomelossfromcontinuingoperationsbeforeincometaxesminorityinterestandincomelossfromequitymethodinvestments": 3190000000,
        "incometaxexpensebenefit": 958000000,
        "netincomelossattributabletononcontrollinginterest": 71000000,
        "netincomeloss": 2161000000,
        "earningspersharebasic": 1.25,
        "earningspersharediluted": 1.25,
        "commonstockdividendspersharedeclared": 0.77
    },
    {
        "date": "2011-12-30",
        "symbol": "PM",
        "period": "Q4",
        "salesrevenuenet": 69298000000,
        "costofgoodssold": 2692000000,
        "exciseandsalestaxes": 11205000000,
        "grossprofit": 4979000000,
        "marketingadministrationandresearchcosts": 1969000000,
        "restructuringsettlementandimpairmentprovisions": 95000000,
        "amortizationofintangibleassets": 25000000,
        "operatingincomeloss": 2936000000,
        "interestincomeexpensenet": -187000000,
        "incomelossfromcontinuingoperationsbeforeincometaxesminorityinterestandincomelossfromequitymethodinvestments": 2749000000,
        "incometaxexpensebenefit": 803000000,
        "profitloss": 1946000000,
        "netincomelossattributabletononcontrollinginterest": 60000000,
        "netincomeloss": 1886000000,
        "earningspersharebasic": 1.0899999999999994,
        "earningspersharediluted": 1.0899999999999994
    },
    {
        "date": "2011-09-29",
        "symbol": "PM",
        "period": "Q3",
        "salesrevenuenet": 2487000000,
        "costofgoodssold": 2847000000,
        "exciseandsalestaxes": 12344000000,
        "grossprofit": 5515000000,
        "marketingadministrationandresearchcosts": 1770000000,
        "restructuringsettlementandimpairmentprovisions": 12000000,
        "amortizationofintangibleassets": 25000000,
        "operatingincomeloss": 3677000000,
        "interestincomeexpensenet": -192000000,
        "incomelossfromcontinuingoperationsbeforeincometaxesminorityinterestandincomelossfromequitymethodinvestments": 3485000000,
        "incometaxexpensebenefit": 1024000000,
        "profitloss": 2461000000,
        "netincomelossattributabletononcontrollinginterest": 84000000,
        "netincomeloss": 2377000000,
        "earningspersharebasic": 1.35,
        "earningspersharediluted": 1.35,
        "commonstockdividendspersharedeclared": 0.77
    },
    {
        "date": "2011-06-29",
        "symbol": "PM",
        "period": "Q2",
        "salesrevenuenet": 2405000000,
        "costofgoodssold": 2844000000,
        "exciseandsalestaxes": 11961000000,
        "grossprofit": 5429000000,
        "marketingadministrationandresearchcosts": 1692000000,
        "restructuringsettlementandimpairmentprovisions": 1000000,
        "amortizationofintangibleassets": 24000000,
        "operatingincomeloss": 3712000000,
        "interestincomeexpensenet": -208000000,
        "incomelossfromcontinuingoperationsbeforeincometaxesminorityinterestandincomelossfromequitymethodinvestments": 3504000000,
        "incometaxexpensebenefit": 1019000000,
        "profitloss": 2485000000,
        "netincomelossattributabletononcontrollinginterest": 76000000,
        "netincomeloss": 2409000000,
        "earningspersharebasic": 1.35,
        "earningspersharediluted": 1.35,
        "commonstockdividendspersharedeclared": 0.64
    },
    {
        "date": "2011-03-30",
        "symbol": "PM",
        "period": "Q1",
        "salesrevenuenet": 2156000000,
        "costofgoodssold": 2295000000,
        "exciseandsalestaxes": 9739000000,
        "grossprofit": 4496000000,
        "marketingadministrationandresearchcosts": 1449000000,
        "restructuringsettlementandimpairmentprovisions": 1000000,
        "amortizationofintangibleassets": 24000000,
        "operatingincomeloss": 3007000000,
        "interestincomeexpensenet": -213000000,
        "incomelossfromcontinuingoperationsbeforeincometaxesminorityinterestandincomelossfromequitymethodinvestments": 2794000000,
        "incometaxexpensebenefit": 807000000,
        "profitloss": 1987000000,
        "netincomelossattributabletononcontrollinginterest": 68000000,
        "netincomeloss": 1919000000,
        "earningspersharebasic": 1.06,
        "earningspersharediluted": 1.06,
        "commonstockdividendspersharedeclared": 0.64
    },
    {
        "date": "2010-09-29",
        "symbol": "PM",
        "period": "Q3",
        "salesrevenuenet": 4184000000,
        "costofgoodssold": 2290000000,
        "exciseandsalestaxes": 10322000000,
        "grossprofit": 4324000000,
        "marketingadministrationandresearchcosts": 1446000000,
        "restructuringsettlementandimpairmentprovisions": 20000000,
        "amortizationofintangibleassets": 22000000,
        "operatingincomeloss": 2836000000,
        "interestincomeexpensenet": -214000000,
        "incomelossfromcontinuingoperationsbeforeincometaxes": 2622000000,
        "incometaxexpensebenefit": 730000000,
        "profitloss": 1892000000,
        "netincomelossattributabletononcontrollinginterest": 70000000,
        "netincomeloss": 1822000000,
        "earningspersharebasic": 0.99,
        "earningspersharediluted": 0.99,
        "commonstockdividendspersharedeclared": 0.64
    },
    {
        "date": "2010-03-30",
        "symbol": "PM",
        "period": "Q1",
        "salesrevenuenet": 15587000000,
        "costofgoodssold": 2372000000,
        "exciseandsalestaxes": 9091000000,
        "grossprofit": 4124000000,
        "marketingadministrationandresearchcosts": 1389000000,
        "amortizationofintangibleassets": 20000000,
        "operatingincomeloss": 2715000000,
        "interestincomeexpensenet": -223000000,
        "incomelossfromcontinuingoperationsbeforeincometaxes": 2492000000,
        "incometaxexpensebenefit": 738000000,
        "profitloss": 1754000000,
        "netincomelossattributabletononcontrollinginterest": 51000000,
        "netincomeloss": 1703000000,
        "earningspersharebasic": 0.9,
        "earningspersharediluted": 0.9,
        "commonstockdividendspersharedeclared": 0.58
    }
]