[
    {
        "date": "2024-09-29",
        "symbol": "APP",
        "period": "Q3",
        "revenuefromcontractwithcustomerexcludingassessedtax": 1198235000,
        "costofrevenue": 269659000,
        "sellingandmarketingexpense": 205753000,
        "researchanddevelopmentexpense": 149990000,
        "generalandadministrativeexpense": 37899000,
        "costsandexpenses": 663301000,
        "operatingincomeloss": 534934000,
        "interestexpensenonoperating": 75213000,
        "othernonoperatingincomeexpense": 7948000,
        "nonoperatingincomeexpense": -67265000,
        "incomelossfromcontinuingoperationsbeforeincometaxesextraordinaryitemsnoncontrollinginterest": 467669000,
        "incometaxexpensebenefit": 33249000,
        "profitloss": 434420000,
        "undistributedearningslossallocatedtoparticipatingsecuritiesbasic": 110000,
        "netincomelossavailabletocommonstockholdersbasic": 434310000,
        "netincomelossavailabletocommonstockholdersdiluted": 434314000,
        "earningspersharebasic": 1.29,
        "earningspersharediluted": 1.25,
        "weightedaveragenumberofsharesoutstandingbasic": 336931269,
        "weightedaveragenumberofdilutedsharesoutstanding": 348225463,
        "othercomprehensiveincomelossforeigncurrencytransactionandtranslationadjustmentnetoftax": 36235000,
        "othercomprehensiveincomelossnetoftax": 36235000,
        "comprehensiveincomenetoftaxincludingportionattributabletononcontrollinginterest": 470655000
    },
    {
        "date": "2024-03-30",
        "symbol": "APP",
        "period": "Q1",
        "revenuefromcontractwithcustomerexcludingassessedtax": 1058115000,
        "costofrevenue": 294148000,
        "sellingandmarketingexpense": 226687000,
        "researchanddevelopmentexpense": 155323000,
        "generalandadministrativeexpense": 42398000,
        "costsandexpenses": 718556000,
        "operatingincomeloss": 339559000,
        "interestanddebtexpense": 74182000,
        "othernonoperatingincomeexpense": 2568000,
        "nonoperatingincomeexpense": -71614000,
        "incomelossfromcontinuingoperationsbeforeincometaxesextraordinaryitemsnoncontrollinginterest": 267945000,
        "incometaxexpensebenefit": 31762000,
        "profitloss": 236183000,
        "undistributedearningslossallocatedtoparticipatingsecuritiesbasic": 1451000,
        "netincomelossavailabletocommonstockholdersbasic": 234732000,
        "netincomelossavailabletocommonstockholdersdiluted": 234784000,
        "earningspersharebasic": 0.7,
        "earningspersharediluted": 0.67,
        "weightedaveragenumberofsharesoutstandingbasic": 335794739,
        "weightedaveragenumberofdilutedsharesoutstanding": 348596295,
        "othercomprehensiveincomelossforeigncurrencytransactionandtranslationadjustmentnetoftax": -18622000,
        "othercomprehensiveincomelossnetoftax": -18622000,
        "comprehensiveincomenetoftaxincludingportionattributabletononcontrollinginterest": 217561000
    },
    {
        "date": "2023-12-30",
        "symbol": "APP",
        "period": "Q4",
        "revenuefromcontractwithcustomerexcludingassessedtax": 953261000,
        "costofrevenue": 273607000,
        "sellingandmarketingexpense": 222963000,
        "researchanddevelopmentexpense": 150823000,
        "generalandadministrativeexpense": 36354000,
        "costsandexpenses": 683747000,
        "operatingincomeloss": 269514000,
        "interestanddebtexpense": 71584000,
        "othernonoperatingincomeexpense": -19034000,
        "nonoperatingincomeexpense": -90618000,
        "incomelossfromcontinuingoperationsbeforeincometaxesextraordinaryitemsnoncontrollinginterest": 178896000,
        "incometaxexpensebenefit": 6663000,
        "profitloss": 172233000,
        "netincomeloss": 172233000,
        "earningspersharebasic": 0.48,
        "earningspersharediluted": 0.47,
        "weightedaveragenumberofsharesoutstandingbasic": 351952187,
        "weightedaveragenumberofdilutedsharesoutstanding": 362589246,
        "othercomprehensiveincomelossforeigncurrencytransactionandtranslationadjustmentnetoftax": 28383000,
        "othercomprehensiveincomelossnetoftax": 28383000,
        "comprehensiveincomenetoftaxincludingportionattributabletononcontrollinginterest": 200616000,
        "comprehensiveincomenetoftax": 200616000
    },
    {
        "date": "2023-09-29",
        "symbol": "APP",
        "period": "Q3",
        "revenuefromcontractwithcustomerexcludingassessedtax": 864256000,
        "costofrevenue": 265049000,
        "sellingandmarketingexpense": 212352000,
        "researchanddevelopmentexpense": 159288000,
        "generalandadministrativeexpense": 41249000,
        "costsandexpenses": 677938000,
        "operatingincomeloss": 186318000,
        "interestanddebtexpense": 78583000,
        "othernonoperatingincomeexpense": 1490000,
        "nonoperatingincomeexpense": -77093000,
        "incomelossfromcontinuingoperationsbeforeincometaxesextraordinaryitemsnoncontrollinginterest": 109225000,
        "incometaxexpensebenefit": 586000,
        "profitloss": 108639000,
        "netincomeloss": 108639000,
        "undistributedearningslossallocatedtoparticipatingsecuritiesbasic": 804000,
        "netincomelossavailabletocommonstockholdersbasic": 107835000,
        "netincomelossavailabletocommonstockholdersdiluted": 107869000,
        "earningspersharebasic": 0.32,
        "earningspersharediluted": 0.3,
        "weightedaveragenumberofsharesoutstandingbasic": 341435759,
        "weightedaveragenumberofdilutedsharesoutstanding": 356906222,
        "othercomprehensiveincomelossforeigncurrencytransactionandtranslationadjustmentnetoftax": -17127000,
        "othercomprehensiveincomelossnetoftax": -17127000,
        "comprehensiveincomenetoftaxincludingportionattributabletononcontrollinginterest": 91512000,
        "comprehensiveincomenetoftax": 91512000
    },
    {
        "date": "2023-06-29",
        "symbol": "APP",
        "period": "Q2",
        "revenuefromcontractwithcustomerexcludingassessedtax": 750165000,
        "costofrevenue": 258575000,
        "sellingandmarketingexpense": 192427000,
        "researchanddevelopmentexpense": 137424000,
        "generalandadministrativeexpense": 30411000,
        "costsandexpenses": 618837000,
        "operatingincomeloss": 131328000,
        "interestanddebtexpense": 50987000,
        "othernonoperatingincomeexpense": 15461000,
        "nonoperatingincomeexpense": -35526000,
        "incomelossfromcontinuingoperationsbeforeincometaxesextraordinaryitemsnoncontrollinginterest": 95802000,
        "incometaxexpensebenefit": 15445000,
        "profitloss": 80357000,
        "netincomeloss": 80357000,
        "undistributedearningslossallocatedtoparticipatingsecuritiesbasic": 318000,
        "netincomelossavailabletocommonstockholdersbasic": 80039000,
        "netincomelossavailabletocommonstockholdersdiluted": 80047000,
        "earningspersharebasic": 0.22,
        "earningspersharediluted": 0.22,
        "weightedaveragenumberofsharesoutstandingbasic": 356957059,
        "weightedaveragenumberofdilutedsharesoutstanding": 366340275,
        "othercomprehensiveincomelossforeigncurrencytransactionandtranslationadjustmentnetoftax": -3154000,
        "othercomprehensiveincomelossnetoftax": -3154000,
        "comprehensiveincomenetoftaxincludingportionattributabletononcontrollinginterest": 77203000,
        "comprehensiveincomenetoftax": 77203000
    },
    {
        "date": "2023-03-30",
        "symbol": "APP",
        "period": "Q1",
        "revenuefromcontractwithcustomerexcludingassessedtax": 715405000,
        "costofrevenue": 261960000,
        "sellingandmarketingexpense": 202976000,
        "researchanddevelopmentexpense": 144851000,
        "generalandadministrativeexpense": 44571000,
        "costsandexpenses": 654358000,
        "operatingincomeloss": 61047000,
        "interestanddebtexpense": 74511000,
        "othernonoperatingincomeexpense": 10111000,
        "nonoperatingincomeexpense": -64400000,
        "incomelossfromcontinuingoperationsbeforeincometaxesextraordinaryitemsnoncontrollinginterest": -3353000,
        "incometaxexpensebenefit": 1165000,
        "profitloss": -4518000,
        "netincomeloss": -4518000,
        "earningspersharebasic": -0.01,
        "earningspersharediluted": -0.01,
        "weightedaveragenumberofsharesoutstandingbasic": 373160029,
        "weightedaveragenumberofdilutedsharesoutstanding": 373160029,
        "othercomprehensiveincomelossforeigncurrencytransactionandtranslationadjustmentnetoftax": 10006000,
        "othercomprehensiveincomelossnetoftax": 10006000,
        "comprehensiveincomenetoftaxincludingportionattributabletononcontrollinginterest": 5488000,
        "comprehensiveincomenetoftax": 5488000
    },
    {
        "date": "2022-12-30",
        "symbol": "APP",
        "period": "Q4",
        "revenuefromcontractwithcustomerexcludingassessedtax": 702307000,
        "costofrevenue": 369368000,
        "sellingandmarketingexpense": 200536000,
        "researchanddevelopmentexpense": 118190000,
        "generalandadministrativeexpense": 36639000,
        "costsandexpenses": 724733000,
        "operatingincomeloss": -22426000,
        "interestanddebtexpense": 54722000,
        "othernonoperatingincomeexpense": 10976000,
        "nonoperatingincomeexpense": -43746000,
        "incomelossfromcontinuingoperationsbeforeincometaxesextraordinaryitemsnoncontrollinginterest": -66172000,
        "incometaxexpensebenefit": 13340000,
        "profitloss": -79512000,
        "netincomelossattributabletoredeemablenoncontrollinginterest": 0,
        "netincomeloss": -79512000,
        "earningspersharebasic": -0.21000000000000002,
        "earningspersharediluted": -0.21000000000000002,
        "weightedaveragenumberofsharesoutstandingbasic": -743701764,
        "weightedaveragenumberofdilutedsharesoutstanding": -752774801,
        "othercomprehensiveincomelossforeigncurrencytransactionandtranslationadjustmentnetoftax": 56763000,
        "othercomprehensiveincomelossnetoftax": 56763000,
        "comprehensiveincomenetoftaxattributabletononcontrollinginterest": 0,
        "comprehensiveincomenetoftax": -22749000
    },
    {
        "date": "2022-09-29",
        "symbol": "APP",
        "period": "Q3",
        "revenuefromcontractwithcustomerexcludingassessedtax": 713099000,
        "costofrevenue": 300988000,
        "sellingandmarketingexpense": 196785000,
        "researchanddevelopmentexpense": 122059000,
        "generalandadministrativeexpense": 44000000,
        "costsandexpenses": 663832000,
        "operatingincomeloss": 49267000,
        "interestanddebtexpense": 48627000,
        "othernonoperatingincomeexpense": 969000,
        "nonoperatingincomeexpense": -47658000,
        "incomelossfromcontinuingoperationsbeforeincometaxesextraordinaryitemsnoncontrollinginterest": 1609000,
        "incometaxexpensebenefit": -22053000,
        "profitloss": 23662000,
        "netincomelossattributabletoredeemablenoncontrollinginterest": -109000,
        "netincomeloss": 23771000,
        "undistributedearningslossallocatedtoparticipatingsecuritiesbasic": 122000,
        "netincomelossavailabletocommonstockholdersbasic": 23649000,
        "netincomelossavailabletocommonstockholdersdiluted": 23653000,
        "earningspersharebasic": 0.06,
        "earningspersharediluted": 0.06,
        "weightedaveragenumberofsharesoutstandingbasic": 369389170,
        "weightedaveragenumberofdilutedsharesoutstanding": 378462207,
        "othercomprehensiveincomelossforeigncurrencytransactionandtranslationadjustmentnetoftax": -11794000,
        "othercomprehensiveincomelossnetoftax": -11794000,
        "comprehensiveincomenetoftaxattributabletononcontrollinginterest": -109000,
        "comprehensiveincomenetoftax": 11977000
    },
    {
        "date": "2022-06-29",
        "symbol": "APP",
        "period": "Q2",
        "revenuefromcontractwithcustomerexcludingassessedtax": 776231000,
        "costofrevenue": 303929000,
        "sellingandmarketingexpense": 232096000,
        "researchanddevelopmentexpense": 141108000,
        "generalandadministrativeexpense": 45743000,
        "costsandexpenses": 722876000,
        "operatingincomeloss": 53355000,
        "interestanddebtexpense": 36505000,
        "othernonoperatingincomeexpense": 518000,
        "nonoperatingincomeexpense": -35987000,
        "incomelossfromcontinuingoperationsbeforeincometaxesextraordinaryitemsnoncontrollinginterest": 17368000,
        "incometaxexpensebenefit": 39167000,
        "profitloss": -21799000,
        "netincomelossattributabletoredeemablenoncontrollinginterest": -51000,
        "netincomeloss": -21748000,
        "netincomelossavailabletocommonstockholdersbasic": -21748000,
        "netincomelossavailabletocommonstockholdersdiluted": -21748000,
        "earningspersharebasic": -0.06,
        "earningspersharediluted": -0.06,
        "weightedaveragenumberofsharesoutstandingbasic": 373912724,
        "weightedaveragenumberofdilutedsharesoutstanding": 373912724,
        "othercomprehensiveincomelossforeigncurrencytransactionandtranslationadjustmentnetoftax": -69365000,
        "othercomprehensiveincomelossnetoftax": -69365000,
        "comprehensiveincomenetoftaxattributabletononcontrollinginterest": -51000,
        "comprehensiveincomenetoftax": -91113000
    },
    {
        "date": "2022-03-30",
        "symbol": "APP",
        "period": "Q1",
        "revenuefromcontractwithcustomerexcludingassessedtax": 625421000,
        "costofrevenue": 281780000,
        "sellingandmarketingexpense": 290133000,
        "researchanddevelopmentexpense": 126250000,
        "generalandadministrativeexpense": 55245000,
        "costsandexpenses": 753408000,
        "operatingincomeloss": -127987000,
        "interestanddebtexpense": 32009000,
        "othernonoperatingincomeexpense": 2014000,
        "nonoperatingincomeexpense": -29995000,
        "incomelossfromcontinuingoperationsbeforeincometaxesextraordinaryitemsnoncontrollinginterest": -157982000,
        "incometaxexpensebenefit": -42684000,
        "profitloss": -115298000,
        "netincomelossattributabletoredeemablenoncontrollinginterest": -41000,
        "netincomeloss": -115257000,
        "earningspersharebasic": -0.31,
        "earningspersharediluted": -0.31,
        "weightedaveragenumberofsharesoutstandingbasic": 371967881,
        "weightedaveragenumberofdilutedsharesoutstanding": 371967881,
        "othercomprehensiveincomelossforeigncurrencytransactionandtranslationadjustmentnetoftax": -13532000,
        "othercomprehensiveincomelossnetoftax": -13532000,
        "comprehensiveincomenetoftaxattributabletononcontrollinginterest": -41000,
        "comprehensiveincomenetoftax": -128789000
    },
    {
        "date": "2021-12-30",
        "symbol": "APP",
        "period": "Q4",
        "revenuefromcontractwithcustomerexcludingassessedtax": 793470000,
        "costofrevenue": 265129000,
        "sellingandmarketingexpense": 313692000,
        "researchanddevelopmentexpense": 119541000,
        "generalandadministrativeexpense": 36583000,
        "costsandexpenses": 734945000,
        "operatingincomeloss": 58525000,
        "interestanddebtexpense": 30374000,
        "othernonoperatingincomeexpense": 462000,
        "nonoperatingincomeexpense": -29912000,
        "incomelossfromcontinuingoperationsbeforeincometaxesextraordinaryitemsnoncontrollinginterest": 28613000,
        "incometaxexpensebenefit": -2794000,
        "profitloss": 31407000,
        "netincomelossattributabletoredeemablenoncontrollinginterest": 41000,
        "netincomeloss": 31366000,
        "netincomelossavailabletocommonstockholdersbasic": 28191000,
        "netincomelossavailabletocommonstockholdersdiluted": 28340000,
        "earningspersharebasic": 0.09,
        "earningspersharediluted": 0.07999999999999999,
        "weightedaveragenumberofsharesoutstandingbasic": 15482772,
        "weightedaveragenumberofdilutedsharesoutstanding": 15336840,
        "othercomprehensiveincomelossforeigncurrencytransactionandtranslationadjustmentnetoftax": -17894000,
        "othercomprehensiveincomelossnetoftax": -17894000,
        "comprehensiveincomenetoftaxattributabletononcontrollinginterest": 41000,
        "comprehensiveincomenetoftax": 13472000
    },
    {
        "date": "2021-09-29",
        "symbol": "APP",
        "period": "Q3",
        "revenuefromcontractwithcustomerexcludingassessedtax": 726951000,
        "costofrevenue": 254052000,
        "sellingandmarketingexpense": 285224000,
        "researchanddevelopmentexpense": 108523000,
        "generalandadministrativeexpense": 34104000,
        "costsandexpenses": 681903000,
        "operatingincomeloss": 45048000,
        "interestanddebtexpense": 18756000,
        "othernonoperatingincomeexpense": -9217000,
        "nonoperatingincomeexpense": -27973000,
        "incomelossfromcontinuingoperationsbeforeincometaxesextraordinaryitemsnoncontrollinginterest": 17075000,
        "incometaxexpensebenefit": 16933000,
        "profitloss": 142000,
        "netincomelossattributabletoredeemablenoncontrollinginterest": -36000,
        "netincomeloss": 178000,
        "netincomelossavailabletocommonstockholdersbasic": 738000,
        "netincomelossavailabletocommonstockholdersdiluted": 711000,
        "earningspersharebasic": 0.020000000000000004,
        "earningspersharediluted": 0.020000000000000004,
        "weightedaveragenumberofsharesoutstandingbasic": -248674471,
        "weightedaveragenumberofdilutedsharesoutstanding": -248839590,
        "othercomprehensiveincomelossforeigncurrencytransactionandtranslationadjustmentnetoftax": -18255000,
        "othercomprehensiveincomelossnetoftax": -18255000,
        "comprehensiveincomenetoftaxattributabletononcontrollinginterest": -36000,
        "comprehensiveincomenetoftax": -18077000
    },
    {
        "date": "2021-06-29",
        "symbol": "APP",
        "period": "Q2",
        "revenuefromcontractwithcustomerexcludingassessedtax": 668806000,
        "costofrevenue": 245853000,
        "sellingandmarketingexpense": 265463000,
        "researchanddevelopmentexpense": 77462000,
        "generalandadministrativeexpense": 45050000,
        "costsandexpenses": 633828000,
        "operatingincomeloss": 34978000,
        "interestanddebtexpense": 19030000,
        "othernonoperatingincomeexpense": -1570000,
        "nonoperatingincomeexpense": -20600000,
        "incomelossfromcontinuingoperationsbeforeincometaxesextraordinaryitemsnoncontrollinginterest": 14378000,
        "incometaxexpensebenefit": 14000,
        "profitloss": 14364000,
        "netincomelossattributabletoredeemablenoncontrollinginterest": -59000,
        "netincomeloss": 14423000,
        "undistributedearningslossallocatedtoparticipatingsecuritiesbasic": 1128000,
        "netincomelossavailabletocommonstockholdersbasic": 13295000,
        "netincomelossavailabletocommonstockholdersdiluted": 13349000,
        "earningspersharebasic": 0.04,
        "earningspersharediluted": 0.04,
        "weightedaveragenumberofsharesoutstandingbasic": 335619207,
        "weightedaveragenumberofdilutedsharesoutstanding": 353857814,
        "othercomprehensiveincomelossforeigncurrencytransactionandtranslationadjustmentnetoftax": -9188000,
        "othercomprehensiveincomelossnetoftax": -9188000,
        "comprehensiveincomenetoftaxattributabletononcontrollinginterest": -59000,
        "comprehensiveincomenetoftax": 5235000,
        "othercomprehensiveincomeforeigncurrencytranslationgainlossarisingduringperiodtax": 2600000
    },
    {
        "date": "2021-03-30",
        "symbol": "APP",
        "period": "Q1",
        "revenuefromcontractwithcustomerexcludingassessedtax": 603877000,
        "costofrevenue": 223061000,
        "sellingandmarketingexpense": 265513000,
        "researchanddevelopmentexpense": 60876000,
        "generalandadministrativeexpense": 42962000,
        "costsandexpenses": 592412000,
        "operatingincomeloss": 11465000,
        "interestanddebtexpense": 35010000,
        "othernonoperatingincomeexpense": 9790000,
        "nonoperatingincomeexpense": -25220000,
        "incomelossfromcontinuingoperationsbeforeincometaxesextraordinaryitemsnoncontrollinginterest": -13755000,
        "incometaxexpensebenefit": -3180000,
        "profitloss": -10575000,
        "netincomelossattributabletoredeemablenoncontrollinginterest": -54000,
        "netincomeloss": -10521000,
        "netincomelossavailabletocommonstockholdersbasic": -10521000,
        "netincomelossavailabletocommonstockholdersdiluted": -10521000,
        "earningspersharebasic": -0.05,
        "earningspersharediluted": -0.05,
        "weightedaveragenumberofsharesoutstandingbasic": 222408568,
        "weightedaveragenumberofdilutedsharesoutstanding": 222408568,
        "othercomprehensiveincomelossforeigncurrencytransactionandtranslationadjustmentnetoftax": -721000,
        "othercomprehensiveincomelossnetoftax": -721000,
        "comprehensiveincomenetoftaxattributabletononcontrollinginterest": -54000,
        "comprehensiveincomenetoftax": -11242000
    }
]