[
    {
        "date": "2023-06-29",
        "symbol": "BMY",
        "period": "Q2",
        "revenues": 10917000000,
        "costofgoodsandservicessold": 2876000000,
        "sellinggeneralandadministrativeexpense": 1934000000,
        "researchanddevelopmentexpense": 2258000000,
        "acquirediprd": 158000000,
        "amortizationofacquiredintangibleassets": 2257000000,
        "othernonoperatingincomeexpense": 116000000,
        "costsandexpenses": 9367000000,
        "incomelossfromcontinuingoperationsbeforeincometaxesextraordinaryitemsnoncontrollinginterest": 1859000000,
        "incometaxexpensebenefit": -218000000,
        "profitloss": 2077000000,
        "comprehensiveincomenetoftaxattributabletononcontrollinginterest": 4000000,
        "netincomeloss": 2073000000,
        "earningspersharebasic": 0.99,
        "earningspersharediluted": 0.99,
        "othercomprehensiveincomelosscashflowhedgegainlossafterreclassificationandtax": 3000000,
        "othercomprehensiveincomelosspensionandotherpostretirementbenefitplansadjustmentnetoftax": 11000000,
        "othercomprehensiveincomeforeigncurrencytransactionandtranslationgainlossarisingduringperiodnetoftax": -11000000,
        "othercomprehensiveincomelossnetoftax": -19000000,
        "comprehensiveincomenetoftaxincludingportionattributabletononcontrollinginterest": 2058000000,
        "comprehensiveincomenetoftax": 2054000000
    },
    {
        "date": "2023-03-30",
        "symbol": "BMY",
        "period": "Q1",
        "revenues": 3676000000,
        "costofgoodsandservicessold": 1706000000,
        "sellinggeneralandadministrativeexpense": 74000000,
        "researchanddevelopmentexpense": 2321000000,
        "acquirediprd": 75000000,
        "amortizationofacquiredintangibleassets": 2256000000,
        "othernonoperatingincomeexpense": 12000000,
        "costsandexpenses": 8567000000,
        "incomelossfromcontinuingoperationsbeforeincometaxesextraordinaryitemsnoncontrollinginterest": 2770000000,
        "incometaxexpensebenefit": 503000000,
        "profitloss": 5000000,
        "comprehensiveincomenetoftaxattributabletononcontrollinginterest": 5000000,
        "netincomeloss": 2262000000,
        "earningspersharebasic": 1.08,
        "earningspersharediluted": 1.07,
        "othercomprehensiveincomelosscashflowhedgegainlossafterreclassificationandtax": -124000000,
        "othercomprehensiveincomeforeigncurrencytransactionandtranslationgainlossarisingduringperiodnetoftax": 37000000,
        "othercomprehensiveincomelossnetoftax": -87000000,
        "comprehensiveincomenetoftaxincludingportionattributabletononcontrollinginterest": 2180000000,
        "comprehensiveincomenetoftax": 2175000000
    },
    {
        "date": "2022-06-29",
        "symbol": "BMY",
        "period": "Q2",
        "revenues": 11485000000,
        "costofgoodsandservicessold": 2720000000,
        "sellinggeneralandadministrativeexpense": 1787000000,
        "researchanddevelopmentexpense": 2321000000,
        "acquirediprd": 400000000,
        "amortizationofacquiredintangibleassets": 2417000000,
        "othernonoperatingincomeexpense": -284000000,
        "costsandexpenses": 9929000000,
        "incomelossfromcontinuingoperationsbeforeincometaxesextraordinaryitemsnoncontrollinginterest": 1958000000,
        "incometaxexpensebenefit": 529000000,
        "profitloss": 1429000000,
        "comprehensiveincomenetoftaxattributabletononcontrollinginterest": 8000000,
        "netincomeloss": 1421000000,
        "earningspersharebasic": 0.67,
        "earningspersharediluted": 0.66,
        "othercomprehensiveincomelosscashflowhedgegainlossafterreclassificationandtax": 301000000,
        "othercomprehensiveincomelosspensionandotherpostretirementbenefitplansadjustmentnetoftax": -25000000,
        "othercomprehensiveincomelossavailableforsalesecuritiesadjustmentnetoftax": -1000000,
        "othercomprehensiveincomeforeigncurrencytransactionandtranslationgainlossarisingduringperiodnetoftax": -88000000,
        "othercomprehensiveincomelossnetoftax": 237000000,
        "comprehensiveincomenetoftaxincludingportionattributabletononcontrollinginterest": 1666000000,
        "comprehensiveincomenetoftax": 1658000000
    },
    {
        "date": "2021-09-29",
        "symbol": "BMY",
        "period": "Q3",
        "revenues": 11243000000,
        "costofgoodsandservicessold": 2291000000,
        "sellinggeneralandadministrativeexpense": 1788000000,
        "researchanddevelopmentexpense": 3251000000,
        "amortizationofacquiredintangibleassets": 2546000000,
        "othernonoperatingincomeexpense": 409000000,
        "costsandexpenses": 9467000000,
        "incomelossfromcontinuingoperationsbeforeincometaxesminorityinterestandincomelossfromequitymethodinvestments": 2157000000,
        "incometaxexpensebenefit": 605000000,
        "profitloss": 1552000000,
        "netincomelossattributabletononcontrollinginterest": 6000000,
        "netincomeloss": 1546000000,
        "earningspersharebasic": 0.7,
        "earningspersharediluted": 0.69,
        "othercomprehensiveincomelosscashflowhedgegainlossafterreclassificationandtax": 113000000,
        "othercomprehensiveincomelosspensionandotherpostretirementbenefitplansadjustmentnetoftax": -7000000,
        "othercomprehensiveincomelossavailableforsalesecuritiesadjustmentnetoftax": -3000000,
        "othercomprehensiveincomeforeigncurrencytransactionandtranslationgainlossarisingduringperiodnetoftax": -23000000,
        "othercomprehensiveincomelossnetoftax": 94000000,
        "comprehensiveincomenetoftaxincludingportionattributabletononcontrollinginterest": 1646000000,
        "comprehensiveincomenetoftax": 1640000000
    },
    {
        "date": "2021-06-29",
        "symbol": "BMY",
        "period": "Q2",
        "revenues": 11405000000,
        "costofgoodsandservicessold": 2452000000,
        "sellinggeneralandadministrativeexpense": 1882000000,
        "researchanddevelopmentexpense": 3271000000,
        "amortizationofacquiredintangibleassets": 2547000000,
        "othernonoperatingincomeexpense": 2000000,
        "costsandexpenses": 10150000000,
        "incomelossfromcontinuingoperationsbeforeincometaxesminorityinterestandincomelossfromequitymethodinvestments": 1553000000,
        "incometaxexpensebenefit": 492000000,
        "profitloss": 1061000000,
        "netincomelossattributabletononcontrollinginterest": 6000000,
        "netincomeloss": 1055000000,
        "earningspersharebasic": 0.47,
        "earningspersharediluted": 0.47,
        "othercomprehensiveincomelosscashflowhedgegainlossafterreclassificationandtax": 6000000,
        "othercomprehensiveincomelosspensionandotherpostretirementbenefitplansadjustmentnetoftax": -15000000,
        "othercomprehensiveincomelossavailableforsalesecuritiesadjustmentnetoftax": -2000000,
        "othercomprehensiveincomeforeigncurrencytransactionandtranslationgainlossarisingduringperiodnetoftax": 7000000,
        "othercomprehensiveincomelossnetoftax": 26000000,
        "comprehensiveincomenetoftaxincludingportionattributabletononcontrollinginterest": 1087000000,
        "comprehensiveincomenetoftax": 1081000000
    },
    {
        "date": "2021-03-30",
        "symbol": "BMY",
        "period": "Q1",
        "revenues": 10798000000,
        "costofgoodsandservicessold": 2841000000,
        "sellinggeneralandadministrativeexpense": 1666000000,
        "researchanddevelopmentexpense": 2225000000,
        "amortizationofacquiredintangibleassets": 2513000000,
        "othernonoperatingincomeexpense": 702000000,
        "costsandexpenses": 8543000000,
        "incomelossfromcontinuingoperationsbeforeincometaxesminorityinterestandincomelossfromequitymethodinvestments": 2530000000,
        "incometaxexpensebenefit": 501000000,
        "profitloss": 2029000000,
        "netincomelossattributabletononcontrollinginterest": 8000000,
        "netincomeloss": 2021000000,
        "earningspersharebasic": 0.9,
        "earningspersharediluted": 0.89,
        "othercomprehensiveincomelosscashflowhedgegainlossafterreclassificationandtax": 280000000,
        "othercomprehensiveincomelosspensionandotherpostretirementbenefitplansadjustmentnetoftax": -23000000,
        "othercomprehensiveincomelossavailableforsalesecuritiesadjustmentnetoftax": -2000000,
        "othercomprehensiveincomeforeigncurrencytransactionandtranslationgainlossarisingduringperiodnetoftax": -6000000,
        "othercomprehensiveincomelossnetoftax": 295000000,
        "comprehensiveincomenetoftaxincludingportionattributabletononcontrollinginterest": 2324000000,
        "comprehensiveincomenetoftax": 2316000000
    },
    {
        "date": "2020-09-29",
        "symbol": "BMY",
        "period": "Q3",
        "revenues": 10197000000,
        "costofgoodsandservicessold": 2502000000,
        "sellinggeneralandadministrativeexpense": 1706000000,
        "researchanddevelopmentexpense": 2499000000,
        "amortizationofacquiredintangibleassets": 2491000000,
        "othernonoperatingincomeexpense": 915000000,
        "costsandexpenses": 8283000000,
        "incomelossfromcontinuingoperationsbeforeincometaxesminorityinterestandincomelossfromequitymethodinvestments": 2257000000,
        "incometaxexpensebenefit": 379000000,
        "profitloss": 1878000000,
        "netincomelossattributabletononcontrollinginterest": 6000000,
        "netincomeloss": 1872000000,
        "earningspersharebasic": 0.83,
        "earningspersharediluted": 0.82,
        "othercomprehensiveincomelosscashflowhedgegainlossafterreclassificationandtax": -132000000,
        "othercomprehensiveincomelosspensionandotherpostretirementbenefitplansadjustmentnetoftax": 4000000,
        "othercomprehensiveincomelossavailableforsalesecuritiesadjustmentnetoftax": -2000000,
        "othercomprehensiveincomeforeigncurrencytransactionandtranslationgainlossarisingduringperiodnetoftax": -5000000,
        "othercomprehensiveincomelossnetoftax": -143000000,
        "comprehensiveincomenetoftaxincludingportionattributabletononcontrollinginterest": 1735000000,
        "comprehensiveincomenetoftax": 1729000000
    },
    {
        "date": "2020-06-29",
        "symbol": "BMY",
        "period": "Q2",
        "revenues": 9817000000,
        "costofgoodsandservicessold": 2699000000,
        "sellinggeneralandadministrativeexpense": 1628000000,
        "researchanddevelopmentexpense": 2522000000,
        "amortizationofacquiredintangibleassets": 2389000000,
        "othernonoperatingincomeexpense": 736000000,
        "costsandexpenses": 8502000000,
        "incomelossfromcontinuingoperationsbeforeincometaxesminorityinterestandincomelossfromequitymethodinvestments": 1627000000,
        "incometaxexpensebenefit": 1707000000,
        "profitloss": -80000000,
        "netincomelossattributabletononcontrollinginterest": 5000000,
        "netincomeloss": -85000000,
        "earningspersharebasic": -0.04,
        "earningspersharediluted": -0.04,
        "othercomprehensiveincomelosscashflowhedgegainlossafterreclassificationandtax": -59000000,
        "othercomprehensiveincomelosspensionandotherpostretirementbenefitplansadjustmentnetoftax": 7000000,
        "othercomprehensiveincomelossavailableforsalesecuritiesadjustmentnetoftax": 8000000,
        "othercomprehensiveincomeforeigncurrencytransactionandtranslationgainlossarisingduringperiodnetoftax": 51000000,
        "othercomprehensiveincomelossnetoftax": -7000000,
        "comprehensiveincomenetoftaxincludingportionattributabletononcontrollinginterest": -87000000,
        "comprehensiveincomenetoftax": -92000000
    },
    {
        "date": "2020-03-30",
        "symbol": "BMY",
        "period": "Q1",
        "profitloss": -766000000,
        "othercomprehensiveincomelosscashflowhedgegainlossafterreclassificationandtax": 70000000,
        "othercomprehensiveincomelosspensionandotherpostretirementbenefitplansadjustmentnetoftax": -16000000,
        "othercomprehensiveincomelossavailableforsalesecuritiesadjustmentnetoftax": 1000000,
        "othercomprehensiveincomeforeigncurrencytransactionandtranslationgainlossarisingduringperiodnetoftax": -116000000,
        "othercomprehensiveincomelossnetoftax": -29000000,
        "comprehensiveincomenetoftaxincludingportionattributabletononcontrollinginterest": -795000000,
        "netincomelossattributabletononcontrollinginterest": 9000000,
        "comprehensiveincomenetoftax": -804000000,
        "revenues": 10541000000,
        "costofgoodsandservicessold": 3662000000,
        "sellinggeneralandadministrativeexpense": 1606000000,
        "researchanddevelopmentexpense": 2372000000,
        "amortizationofacquiredintangibleassets": 2282000000,
        "othernonoperatingincomeexpense": -1163000000,
        "costsandexpenses": 11085000000,
        "incomelossfromcontinuingoperationsbeforeincometaxesminorityinterestandincomelossfromequitymethodinvestments": -304000000,
        "incometaxexpensebenefit": 462000000,
        "netincomeloss": -775000000,
        "earningspersharebasic": -0.34,
        "earningspersharediluted": -0.34
    },
    {
        "date": "2019-06-29",
        "symbol": "BMY",
        "period": "Q2",
        "profitloss": 1439000000,
        "othercomprehensiveincomelosscashflowhedgegainlossafterreclassificationandtax": -28000000,
        "othercomprehensiveincomelosspensionandotherpostretirementbenefitplansadjustmentnetoftax": -39000000,
        "othercomprehensiveincomelossavailableforsalesecuritiesadjustmentnetoftax": 13000000,
        "othercomprehensiveincomeforeigncurrencytransactionandtranslationgainlossarisingduringperiodnetoftax": -1000000,
        "othercomprehensiveincomelossnetoftax": 23000000,
        "comprehensiveincomenetoftaxincludingportionattributabletononcontrollinginterest": 1462000000,
        "comprehensiveincomenetoftaxattributabletononcontrollinginterest": 7000000,
        "comprehensiveincomenetoftax": 1455000000,
        "revenues": 6031000000,
        "costofgoodsandservicessold": 1992000000,
        "sellinggeneralandadministrativeexpense": 1076000000,
        "researchanddevelopmentexpense": 1328000000,
        "othernonoperatingincomeexpense": -101000000,
        "costsandexpenses": 4497000000,
        "incomelossfromcontinuingoperationsbeforeincometaxesminorityinterestandincomelossfromequitymethodinvestments": 1776000000,
        "incometaxexpensebenefit": 337000000,
        "netincomelossattributabletononcontrollinginterest": 7000000,
        "netincomeloss": 1432000000,
        "earningspersharebasic": 0.88,
        "earningspersharediluted": 0.87
    },
    {
        "date": "2018-09-29",
        "symbol": "BMY",
        "period": "Q3",
        "profitloss": 1912000000,
        "othercomprehensiveincomelossderivativesqualifyingashedgesnetoftax": 5000000,
        "othercomprehensiveincomelosspensionandotherpostretirementbenefitplansadjustmentnetoftax": -22000000,
        "othercomprehensiveincomeunrealizedholdinggainlossonsecuritiesarisingduringperiodnetoftax": 2000000,
        "othercomprehensiveincomeforeigncurrencytransactionandtranslationgainlossarisingduringperiodnetoftax": -21000000,
        "othercomprehensiveincomelossnetoftax": 8000000,
        "comprehensiveincomenetoftaxincludingportionattributabletononcontrollinginterest": 1920000000,
        "comprehensiveincomenetoftaxattributabletononcontrollinginterest": 11000000,
        "comprehensiveincomenetoftax": 1909000000,
        "salesrevenuegoodsnet": 2037000000,
        "othersalesrevenuenet": 258000000,
        "salesrevenuenet": 2214000000,
        "costofgoodssold": 1648000000,
        "sellinggeneralandadministrativeexpense": 1104000000,
        "researchanddevelopmentexpense": 1280000000,
        "othernonoperatingincomeexpense": 508000000,
        "costsandexpenses": 3524000000,
        "incomelossfromcontinuingoperationsbeforeincometaxesminorityinterestandincomelossfromequitymethodinvestments": 2167000000,
        "incometaxexpensebenefit": 255000000,
        "netincomelossattributabletononcontrollinginterest": 11000000,
        "netincomeloss": 1901000000,
        "earningspersharebasic": 1.16,
        "earningspersharediluted": 1.16,
        "commonstockdividendspersharedeclared": 0.4
    },
    {
        "date": "2018-06-29",
        "symbol": "BMY",
        "period": "Q2",
        "profitloss": 382000000,
        "othercomprehensiveincomelossderivativesqualifyingashedgesnetoftax": 12000000,
        "othercomprehensiveincomelosspensionandotherpostretirementbenefitplansadjustmentnetoftax": -43000000,
        "othercomprehensiveincomeunrealizedholdinggainlossonsecuritiesarisingduringperiodnetoftax": -7000000,
        "othercomprehensiveincomeforeigncurrencytransactionandtranslationgainlossarisingduringperiodnetoftax": -221000000,
        "othercomprehensiveincomelossnetoftax": -100000000,
        "comprehensiveincomenetoftaxincludingportionattributabletononcontrollinginterest": 282000000,
        "netincomelossattributabletononcontrollinginterest": 9000000,
        "comprehensiveincomenetoftaxattributabletononcontrollinginterest": 9000000,
        "comprehensiveincomenetoftax": 273000000,
        "salesrevenuegoodsnet": 2178000000,
        "othersalesrevenuenet": 243000000,
        "salesrevenuenet": 2332000000,
        "costofgoodssold": 1625000000,
        "sellinggeneralandadministrativeexpense": 1131000000,
        "researchanddevelopmentexpense": 2435000000,
        "othernonoperatingincomeexpense": 4000000,
        "costsandexpenses": 5187000000,
        "incomelossfromcontinuingoperationsbeforeincometaxesminorityinterestandincomelossfromequitymethodinvestments": 517000000,
        "incometaxexpensebenefit": 135000000,
        "netincomeloss": 373000000,
        "earningspersharebasic": 0.23,
        "earningspersharediluted": 0.23,
        "commonstockdividendspersharedeclared": 0.4
    },
    {
        "date": "2017-09-29",
        "symbol": "BMY",
        "period": "Q3",
        "profitloss": 856000000,
        "othercomprehensiveincomelossderivativesqualifyingashedgesnetoftax": -1000000,
        "othercomprehensiveincomelosspensionandotherpostretirementbenefitplansadjustmentnetoftax": -18000000,
        "othercomprehensiveincomelossavailableforsalesecuritiesadjustmentnetoftax": 22000000,
        "othercomprehensiveincomeforeigncurrencytransactionandtranslationgainlossarisingduringperiodnetoftax": 7000000,
        "othercomprehensiveincomelossnetoftax": 46000000,
        "comprehensiveincomenetoftaxincludingportionattributabletononcontrollinginterest": 902000000,
        "comprehensiveincomenetoftaxattributabletononcontrollinginterest": 11000000,
        "comprehensiveincomenetoftax": 891000000,
        "salesrevenuegoodsnet": 1764000000,
        "othersalesrevenuenet": 392000000,
        "salesrevenuenet": 323000000,
        "costofgoodssold": 1572000000,
        "sellinggeneralandadministrativeexpense": 1147000000,
        "researchanddevelopmentexpense": 1543000000,
        "othernonoperatingincomeexpense": 191000000,
        "costsandexpenses": 4071000000,
        "incomelossfromcontinuingoperationsbeforeincometaxesminorityinterestandincomelossfromequitymethodinvestments": 1183000000,
        "incometaxexpensebenefit": 327000000,
        "netincomelossattributabletononcontrollinginterest": 11000000,
        "netincomeloss": 845000000,
        "earningspersharebasic": 0.52,
        "earningspersharediluted": 0.51,
        "commonstockdividendspersharedeclared": 0.39
    },
    {
        "date": "2017-06-29",
        "symbol": "BMY",
        "period": "Q2",
        "profitloss": 922000000,
        "othercomprehensiveincomelossderivativesqualifyingashedgesnetoftax": -31000000,
        "othercomprehensiveincomelosspensionandotherpostretirementbenefitplansadjustmentnetoftax": 27000000,
        "othercomprehensiveincomelossavailableforsalesecuritiesadjustmentnetoftax": 13000000,
        "othercomprehensiveincomeforeigncurrencytransactionandtranslationgainlossarisingduringperiodnetoftax": -8000000,
        "othercomprehensiveincomelossnetoftax": -53000000,
        "comprehensiveincomenetoftaxincludingportionattributabletononcontrollinginterest": 869000000,
        "comprehensiveincomenetoftaxattributabletononcontrollinginterest": 6000000,
        "comprehensiveincomenetoftax": 863000000,
        "salesrevenuegoodsnet": 1705000000,
        "othersalesrevenuenet": 374000000,
        "salesrevenuenet": 322000000,
        "costofgoodssold": 1562000000,
        "sellinggeneralandadministrativeexpense": 1167000000,
        "researchanddevelopmentexpense": 1659000000,
        "othernonoperatingincomeexpense": 539000000,
        "costsandexpenses": 3849000000,
        "incomelossfromcontinuingoperationsbeforeincometaxesminorityinterestandincomelossfromequitymethodinvestments": 1295000000,
        "incometaxexpensebenefit": 373000000,
        "netincomelossattributabletononcontrollinginterest": 6000000,
        "netincomeloss": 916000000,
        "earningspersharebasic": 0.56,
        "earningspersharediluted": 0.56,
        "commonstockdividendspersharedeclared": 0.39
    },
    {
        "date": "2016-09-29",
        "symbol": "BMY",
        "period": "Q3",
        "profitloss": 1215000000,
        "othercomprehensiveincomelossderivativesqualifyingashedgesnetoftax": 4000000,
        "othercomprehensiveincomelosspensionandotherpostretirementbenefitplansadjustmentnetoftax": -72000000,
        "othercomprehensiveincomelossavailableforsalesecuritiesadjustmentnetoftax": -8000000,
        "othercomprehensiveincomeforeigncurrencytransactionandtranslationgainlossarisingduringperiodnetoftax": 1000000,
        "othercomprehensiveincomelossnetoftax": 69000000,
        "comprehensiveincomenetoftaxincludingportionattributabletononcontrollinginterest": 1284000000,
        "comprehensiveincomenetoftaxattributabletononcontrollinginterest": 13000000,
        "comprehensiveincomenetoftax": 1271000000,
        "salesrevenuegoodsnet": 1465000000,
        "othersalesrevenuenet": 430000000,
        "salesrevenuenet": 285000000,
        "costofgoodssold": 1305000000,
        "sellinggeneralandadministrativeexpense": 1144000000,
        "researchanddevelopmentexpense": 1138000000,
        "othernonoperatingincomeexpense": 224000000,
        "costsandexpenses": 3363000000,
        "incomelossfromcontinuingoperationsbeforeincometaxesminorityinterestandincomelossfromequitymethodinvestments": 1559000000,
        "incometaxexpensebenefit": 344000000,
        "netincomelossattributabletononcontrollinginterest": 13000000,
        "netincomeloss": 1202000000,
        "earningspersharebasic": 0.72,
        "earningspersharediluted": 0.72,
        "commonstockdividendspersharedeclared": 0.38
    },
    {
        "date": "2016-06-29",
        "symbol": "BMY",
        "period": "Q2",
        "profitloss": 1188000000,
        "othercomprehensiveincomelossderivativesqualifyingashedgesnetoftax": -44000000,
        "othercomprehensiveincomelosspensionandotherpostretirementbenefitplansadjustmentnetoftax": 124000000,
        "othercomprehensiveincomelossavailableforsalesecuritiesadjustmentnetoftax": 41000000,
        "othercomprehensiveincomeforeigncurrencytransactionandtranslationgainlossarisingduringperiodnetoftax": 16000000,
        "othercomprehensiveincomelossnetoftax": -111000000,
        "comprehensiveincomenetoftaxincludingportionattributabletononcontrollinginterest": 1077000000,
        "comprehensiveincomenetoftaxattributabletononcontrollinginterest": 22000000,
        "comprehensiveincomenetoftax": 1055000000,
        "salesrevenuegoodsnet": 1335000000,
        "othersalesrevenuenet": 439000000,
        "salesrevenuenet": 241000000,
        "costofgoodssold": 1206000000,
        "sellinggeneralandadministrativeexpense": 1238000000,
        "researchanddevelopmentexpense": 1266000000,
        "othernonoperatingincomeexpense": 454000000,
        "costsandexpenses": 3256000000,
        "incomelossfromcontinuingoperationsbeforeincometaxesminorityinterestandincomelossfromequitymethodinvestments": 1615000000,
        "incometaxexpensebenefit": 427000000,
        "netincomelossattributabletononcontrollinginterest": 22000000,
        "netincomeloss": 1166000000,
        "earningspersharebasic": 0.7,
        "earningspersharediluted": 0.69,
        "commonstockdividendspersharedeclared": 0.38
    },
    {
        "date": "2015-09-29",
        "symbol": "BMY",
        "period": "Q3",
        "profitloss": 730000000,
        "othercomprehensiveincomelossderivativesqualifyingashedgesnetoftax": -46000000,
        "othercomprehensiveincomelosspensionandotherpostretirementbenefitplansadjustmentnetoftax": 131000000,
        "othercomprehensiveincomelossavailableforsalesecuritiesadjustmentnetoftax": -16000000,
        "othercomprehensiveincomeforeigncurrencytransactionandtranslationgainlossarisingduringperiodnetoftax": -29000000,
        "othercomprehensiveincomelossnetoftax": -222000000,
        "comprehensiveincomenetoftaxincludingportionattributabletononcontrollinginterest": 508000000,
        "comprehensiveincomenetoftaxattributabletononcontrollinginterest": 24000000,
        "comprehensiveincomenetoftax": 484000000,
        "salesrevenuegoodsnet": 981000000,
        "othersalesrevenuenet": 296000000,
        "salesrevenuenet": 240000000,
        "costofgoodssold": 1097000000,
        "sellinggeneralandadministrativeexpense": 983000000,
        "marketingandadvertisingexpense": 193000000,
        "researchanddevelopmentexpense": 1132000000,
        "othernonoperatingincomeexpense": 323000000,
        "costsandexpenses": 3082000000,
        "incomelossfromcontinuingoperationsbeforeincometaxesminorityinterestandincomelossfromequitymethodinvestments": 987000000,
        "incometaxexpensebenefit": 257000000,
        "netincomelossattributabletononcontrollinginterest": 24000000,
        "netincomeloss": 706000000,
        "earningspersharebasic": 0.42,
        "earningspersharediluted": 0.42,
        "commonstockdividendspersharedeclared": 0.37
    },
    {
        "date": "2015-06-29",
        "symbol": "BMY",
        "period": "Q2",
        "profitloss": -110000000,
        "othercomprehensiveincomelossderivativesqualifyingashedgesnetoftax": -9000000,
        "othercomprehensiveincomelosspensionandotherpostretirementbenefitplansadjustmentnetoftax": -306000000,
        "othercomprehensiveincomelossavailableforsalesecuritiesadjustmentnetoftax": -22000000,
        "othercomprehensiveincomeforeigncurrencytransactionandtranslationgainlossarisingduringperiodnetoftax": -32000000,
        "othercomprehensiveincomelossnetoftax": 243000000,
        "comprehensiveincomenetoftaxincludingportionattributabletononcontrollinginterest": 133000000,
        "comprehensiveincomenetoftaxattributabletononcontrollinginterest": 20000000,
        "comprehensiveincomenetoftax": 113000000,
        "salesrevenuegoodsnet": 10000000,
        "othersalesrevenuenet": 276000000,
        "salesrevenuenet": 296000000,
        "costofgoodssold": 1013000000,
        "sellinggeneralandadministrativeexpense": 968000000,
        "marketingandadvertisingexpense": 167000000,
        "researchanddevelopmentexpense": 1856000000,
        "othernonoperatingincomeexpense": -107000000,
        "costsandexpenses": 4111000000,
        "incomelossfromcontinuingoperationsbeforeincometaxesminorityinterestandincomelossfromequitymethodinvestments": 52000000,
        "incometaxexpensebenefit": 162000000,
        "netincomelossattributabletononcontrollinginterest": 20000000,
        "netincomeloss": -130000000,
        "earningspersharebasic": -0.08,
        "earningspersharediluted": -0.08,
        "commonstockdividendspersharedeclared": 0.37
    },
    {
        "date": "2014-09-29",
        "symbol": "BMY",
        "period": "Q3",
        "profitloss": 732000000,
        "othercomprehensiveincomelossderivativesqualifyingashedgesnetoftax": 57000000,
        "othercomprehensiveincomelosspensionandotherpostretirementbenefitplansadjustmentnetoftax": 407000000,
        "othercomprehensiveincomelossavailableforsalesecuritiesadjustmentnetoftax": -22000000,
        "othercomprehensiveincomeforeigncurrencytransactionandtranslationgainlossarisingduringperiodnetoftax": -8000000,
        "othercomprehensiveincomelossnetoftax": -380000000,
        "comprehensiveincomenetoftaxincludingportionattributabletononcontrollinginterest": 352000000,
        "comprehensiveincomenetoftaxattributabletononcontrollinginterest": 11000000,
        "comprehensiveincomenetoftax": 341000000,
        "salesrevenuegoodsnet": 2000000,
        "othersalesrevenuenet": 40000000,
        "salesrevenuenet": 42000000,
        "costofgoodssold": 1007000000,
        "sellinggeneralandadministrativeexpense": 1029000000,
        "marketingandadvertisingexpense": 171000000,
        "researchanddevelopmentexpense": 983000000,
        "othernonoperatingincomeexpense": 277000000,
        "costsandexpenses": 2913000000,
        "incomelossfromcontinuingoperationsbeforeincometaxesminorityinterestandincomelossfromequitymethodinvestments": 1008000000,
        "incometaxexpensebenefit": 276000000,
        "netincomelossattributabletononcontrollinginterest": 11000000,
        "netincomeloss": 721000000,
        "earningspersharebasic": 0.43,
        "earningspersharediluted": 0.43,
        "commonstockdividendspersharedeclared": 0.36
    },
    {
        "date": "2014-06-29",
        "symbol": "BMY",
        "period": "Q2",
        "profitloss": 334000000,
        "othercomprehensiveincomelossderivativesqualifyingashedgesnetoftax": -5000000,
        "othercomprehensiveincomelosspensionandotherpostretirementbenefitplansadjustmentnetoftax": -13000000,
        "othercomprehensiveincomelossavailableforsalesecuritiesadjustmentnetoftax": 13000000,
        "othercomprehensiveincomeforeigncurrencytransactionandtranslationgainlossarisingduringperiodnetoftax": 21000000,
        "othercomprehensiveincomelossnetoftax": 42000000,
        "comprehensiveincomenetoftaxincludingportionattributabletononcontrollinginterest": 376000000,
        "comprehensiveincomenetoftaxattributabletononcontrollinginterest": 1000000,
        "comprehensiveincomenetoftax": 375000000,
        "salesrevenuegoodsnet": 2000000,
        "othersalesrevenuenet": 26000000,
        "salesrevenuenet": 28000000,
        "costofgoodssold": 991000000,
        "sellinggeneralandadministrativeexpense": 951000000,
        "marketingandadvertisingexpense": 187000000,
        "researchanddevelopmentexpense": 1416000000,
        "othernonoperatingincomeexpense": 21000000,
        "costsandexpenses": 3441000000,
        "incomelossfromcontinuingoperationsbeforeincometaxesminorityinterestandincomelossfromequitymethodinvestments": 448000000,
        "incometaxexpensebenefit": 114000000,
        "netincomelossattributabletononcontrollinginterest": 1000000,
        "netincomeloss": 333000000,
        "earningspersharebasic": 0.2,
        "earningspersharediluted": 0.2,
        "commonstockdividendspersharedeclared": 0.36
    },
    {
        "date": "2011-09-29",
        "symbol": "BMY",
        "period": "Q3",
        "salesrevenuenet": 121000000,
        "costofgoodssold": 1407000000,
        "sellinggeneralandadministrativeexpense": 1019000000,
        "marketingandadvertisingexpense": 205000000,
        "researchanddevelopmentexpense": 973000000,
        "restructuringcharges": 8000000,
        "incomelossfromequitymethodinvestments": 3000000,
        "othernonoperatingincomeexpense": 9000000,
        "costsandexpenses": 3515000000,
        "incomelossfromcontinuingoperationsbeforeincometaxesminorityinterestandincomelossfromequitymethodinvestments": 1830000000,
        "incometaxexpensebenefit": 475000000,
        "profitloss": 1355000000,
        "netincomelossattributabletononcontrollinginterest": 386000000,
        "netincomeloss": 969000000,
        "earningspersharebasic": 0.57,
        "earningspersharediluted": 0.56,
        "commonstockdividendspersharedeclared": 0.33,
        "othercomprehensiveincomeforeigncurrencytransactionandtranslationadjustmentnetoftaxperiodincreasedecrease": -40000000,
        "translationadjustmentfornetinvestmenthedgenetoftaxperiodincreasedecrease": 44000000,
        "othercomprehensiveincomederivativesqualifyingashedgesnetoftaxperiodincreasedecrease": 60000000,
        "othercomprehensiveincomereclassificationadjustmentonderivativesincludedinnetincomenetoftax": 18000000,
        "othercomprehensiveincomereclassificationofdefinedbenefitplansnetgainlossrecognizedinnetperiodicbenefitcostnetoftax": 19000000,
        "othercomprehensiveincomeavailableforsalesecuritiesadjustmentnetoftaxperiodincreasedecrease": 6000000,
        "othercomprehensiveincomelossnetoftaxperiodincreasedecrease": 107000000,
        "comprehensiveincomenetoftaxincludingportionattributabletononcontrollinginterest": 1462000000,
        "comprehensiveincomenetoftaxattributabletononcontrollinginterest": 386000000,
        "comprehensiveincomenetoftax": 1076000000,
        "othercomprehensiveincomederivativesqualifyingashedgestaxeffectperiodincreasedecrease": -23000000,
        "othercomprehensiveincomereclassificationadjustmentonderivativesincludedinnetincometax": -9000000,
        "othercomprehensiveincomereclassificationofdefinedbenefitplansnetgainlossrecognizedinnetperiodicbenefitcosttax": -11000000,
        "othercomprehensiveincomeavailableforsalesecuritiestax": -3000000
    },
    {
        "date": "2010-03-30",
        "symbol": "BMY",
        "period": "Q1",
        "salesrevenuenet": 4807000000,
        "costofgoodssold": 1306000000,
        "sellinggeneralandadministrativeexpense": 900000000,
        "marketingandadvertisingexpense": 212000000,
        "researchanddevelopmentexpense": 910000000,
        "restructuringcharges": 11000000,
        "incomelossfromequitymethodinvestments": 97000000,
        "othernonoperatingincomeexpense": -113000000,
        "costsandexpenses": 3355000000,
        "incomelossfromcontinuingoperationsbeforeincometaxesminorityinterestandincomelossfromequitymethodinvestments": 1452000000,
        "incometaxexpensebenefit": 351000000,
        "incomelossfromcontinuingoperationsincludingportionattributabletononcontrollinginterest": 1101000000,
        "profitloss": 1101000000,
        "netincomelossattributabletononcontrollinginterest": 358000000,
        "netincomeloss": 743000000,
        "incomelossfromcontinuingoperations": 743000000,
        "incomelossfromcontinuingoperationsperbasicshare": 0.43,
        "incomelossfromcontinuingoperationsperdilutedshare": 0.43,
        "earningspersharebasic": 0.43,
        "earningspersharediluted": 0.43,
        "commonstockdividendspersharedeclared": 0.32,
        "othercomprehensiveincomeforeigncurrencytransactionandtranslationadjustmentnetoftaxperiodincreasedecrease": -34000000,
        "othercomprehensiveincomeforeigncurrencytransactionandtranslationgainlossarisingduringperiodnetoftax": 79000000,
        "othercomprehensiveincomederivativesqualifyingashedgesnetoftaxperiodincreasedecrease": 29000000,
        "othercomprehensiveincomereclassificationadjustmentonderivativesincludedinnetincomenetoftax": -10000000,
        "othercomprehensiveincomereclassificationofdefinedbenefitplansnetgainlossrecognizedinnetperiodicbenefitcostnetoftax": 17000000,
        "othercomprehensiveincomeavailableforsalesecuritiesadjustmentnetoftaxperiodincreasedecrease": 15000000,
        "othercomprehensiveincomelossnetoftaxperiodincreasedecrease": 116000000,
        "comprehensiveincomenetoftaxincludingportionattributabletononcontrollinginterest": 1217000000,
        "comprehensiveincomenetoftaxattributabletononcontrollinginterest": 358000000,
        "comprehensiveincomenetoftax": 859000000,
        "retainedearningsaccumulateddeficit": 30949000000,
        "dividendspayableamount": -554000000,
        "othercomprehensiveincomederivativesqualifyingashedgestaxeffectperiodincreasedecrease": -13000000,
        "othercomprehensiveincomereclassificationadjustmentonderivativesincludedinnetincometax": -5000000,
        "othercomprehensiveincomereclassificationofdefinedbenefitplansnetgainlossrecognizedinnetperiodicbenefitcosttax": -12000000,
        "othercomprehensiveincomeavailableforsalesecuritiestax": -1000000
    }
]