[
    {
        "date": "2024-09-29",
        "symbol": "EQR",
        "period": "Q3",
        "operatingleaseleaseincome": 748348000,
        "costofpropertyrepairsandmaintenance": 135221000,
        "realestatetaxesandinsurance": 105954000,
        "costofpropertymanagement": 31412000,
        "generalandadministrativeexpense": 14551000,
        "depreciation": 237948000,
        "costsandexpenses": 525086000,
        "gainslossesonsalesofinvestmentrealestate": -165000,
        "interestandotherincome": 15844000,
        "othernonoperatingexpense": 13971000,
        "interestexpensedebt": 72722000,
        "amortizationofdeferredfinancingcosts": 1948000,
        "incomelossfromcontinuingoperationsbeforeincometaxesminorityinterestandincomelossfromequitymethodinvestments": 150300000,
        "incometaxexpensebenefit": 290000,
        "incomelossfromequitymethodinvestments": -1493000,
        "profitloss": 148517000,
        "netincomelossattributabletononcontrollinginterest": -10180000,
        "allocationofnetincomelosstononcontrollinginterestspartiallyownedproperties": 1059000,
        "netincomeloss": 160736000,
        "preferredstockdividendsincomestatementimpact": 356000,
        "netincomelossavailabletocommonstockholdersbasic": 143090000,
        "earningspersharebasic": 0.3800000000000001,
        "weightedaveragenumberofsharesoutstandingbasic": 378718000,
        "earningspersharediluted": 0.3800000000000001,
        "weightedaveragenumberofdilutedsharesoutstanding": 390688000,
        "othercomprehensiveincomelosscashflowhedgegainlossreclassificationaftertax": -609000,
        "othercomprehensiveincomelossnetoftax": -3380000,
        "comprehensiveincomenetoftaxincludingportionattributabletononcontrollinginterest": 145137000,
        "comprehensiveincomenetoftaxattributabletononcontrollinginterest": -12252000,
        "comprehensiveincomenetoftax": 157389000,
        "dividendspreferenceunits": 356000,
        "netincomelossallocatedtogeneralpartners": 143090000,
        "netincomelossallocatedtolimitedpartners": 4012000,
        "incomelossincludingportionattributabletononcontrollinginterest": 147102000,
        "weightedaveragelimitedpartnershipandgeneralpartnershipunitsoutstandingbasic": 389379000
    },
    {
        "date": "2024-06-29",
        "symbol": "EQR",
        "period": "Q2",
        "operatingleaseleaseincome": 734163000,
        "costofpropertyrepairsandmaintenance": 126498000,
        "realestatetaxesandinsurance": 105571000,
        "costofpropertymanagement": 33511000,
        "generalandadministrativeexpense": 18631000,
        "depreciation": 224398000,
        "costsandexpenses": 508609000,
        "gainslossesonsalesofinvestmentrealestate": 39809000,
        "interestandotherincome": 1328000,
        "othernonoperatingexpense": 13385000,
        "interestexpensedebt": 65828000,
        "amortizationofdeferredfinancingcosts": 1918000,
        "incomelossfromcontinuingoperationsbeforeincometaxesminorityinterestandincomelossfromequitymethodinvestments": 185560000,
        "incometaxexpensebenefit": 331000,
        "incomelossfromequitymethodinvestments": -1674000,
        "profitloss": 183555000,
        "netincomelossattributabletononcontrollinginterest": 5003000,
        "allocationofnetincomelosstononcontrollinginterestspartiallyownedproperties": 1069000,
        "netincomeloss": 177483000,
        "preferredstockdividendsincomestatementimpact": 355000,
        "preferredstockredemptionpremium": 0,
        "netincomelossavailabletocommonstockholdersbasic": 177128000,
        "earningspersharebasic": 0.45999999999999996,
        "weightedaveragenumberofsharesoutstandingbasic": 378699000,
        "earningspersharediluted": 0.47,
        "weightedaveragenumberofdilutedsharesoutstanding": 390548000,
        "othercomprehensiveincomelosscashflowhedgegainlossreclassificationaftertax": -600000,
        "othercomprehensiveincomelossnetoftax": 600000,
        "comprehensiveincomenetoftaxincludingportionattributabletononcontrollinginterest": 184155000,
        "comprehensiveincomenetoftaxattributabletononcontrollinginterest": 6088000,
        "comprehensiveincomenetoftax": 178067000,
        "dividendspreferenceunits": 355000,
        "netincomelossallocatedtogeneralpartners": 177128000,
        "netincomelossallocatedtolimitedpartners": 5003000,
        "incomelossincludingportionattributabletononcontrollinginterest": 182131000,
        "weightedaveragelimitedpartnershipandgeneralpartnershipunitsoutstandingbasic": 389380000
    },
    {
        "date": "2024-03-30",
        "symbol": "EQR",
        "period": "Q1",
        "operatingleaseleaseincome": 730818000,
        "costofpropertyrepairsandmaintenance": 134630000,
        "realestatetaxesandinsurance": 108927000,
        "costofpropertymanagement": 35458000,
        "generalandadministrativeexpense": 15720000,
        "depreciation": 225695000,
        "costsandexpenses": 520430000,
        "gainslossesonsalesofinvestmentrealestate": 188185000,
        "interestandotherincome": 9329000,
        "othernonoperatingexpense": 31738000,
        "interestexpensedebt": 67212000,
        "amortizationofdeferredfinancingcosts": 1918000,
        "incomelossfromcontinuingoperationsbeforeincometaxesminorityinterestandincomelossfromequitymethodinvestments": 307034000,
        "incometaxexpensebenefit": 304000,
        "incomelossfromequitymethodinvestments": -1698000,
        "profitloss": 305032000,
        "netincomelossattributabletononcontrollinginterest": 8275000,
        "allocationofnetincomelosstononcontrollinginterestspartiallyownedproperties": 970000,
        "netincomeloss": 295787000,
        "preferredstockdividendsincomestatementimpact": 547000,
        "preferredstockredemptionpremium": 1444000,
        "netincomelossavailabletocommonstockholdersbasic": 293796000,
        "earningspersharebasic": 0.78,
        "weightedaveragenumberofsharesoutstandingbasic": 378812000,
        "earningspersharediluted": 0.77,
        "weightedaveragenumberofdilutedsharesoutstanding": 390561000,
        "othercomprehensiveincomelosscashflowhedgegainlossreclassificationaftertax": -610000,
        "othercomprehensiveincomelossnetoftax": 610000,
        "comprehensiveincomenetoftaxincludingportionattributabletononcontrollinginterest": 305642000,
        "comprehensiveincomenetoftaxattributabletononcontrollinginterest": 9262000,
        "comprehensiveincomenetoftax": 296380000,
        "dividendspreferenceunits": 547000,
        "netincomelossallocatedtogeneralpartners": 293796000,
        "netincomelossallocatedtolimitedpartners": 8275000,
        "incomelossincludingportionattributabletononcontrollinginterest": 302071000,
        "weightedaveragelimitedpartnershipandgeneralpartnershipunitsoutstandingbasic": 389481000
    },
    {
        "date": "2023-12-30",
        "symbol": "EQR",
        "period": "Q4",
        "operatingleaseleaseincome": 727500000,
        "costofpropertyrepairsandmaintenance": 123138000,
        "realestatetaxesandinsurance": 99507000,
        "costofpropertymanagement": 29490000,
        "generalandadministrativeexpense": 11581000,
        "depreciation": 226788000,
        "costsandexpenses": 490504000,
        "gainslossesonsalesofinvestmentrealestate": 155505000,
        "operatingincomeloss": 392501000,
        "interestandotherincome": 11049000,
        "othernonoperatingexpense": 8902000,
        "interestexpensedebt": 68674000,
        "amortizationofdeferredfinancingcosts": 1918000,
        "incomelossfromcontinuingoperationsbeforeincometaxesminorityinterestandincomelossfromequitymethodinvestments": 324056000,
        "incometaxexpensebenefit": 256000,
        "incomelossfromequitymethodinvestments": -1531000,
        "profitloss": 322269000,
        "netincomelossattributabletononcontrollinginterest": 9536000,
        "allocationofnetincomelosstononcontrollinginterestspartiallyownedproperties": 1041000,
        "netincomeloss": 311692000,
        "preferredstockdividendsincomestatementimpact": 772000,
        "netincomelossavailabletocommonstockholdersbasic": 310920000,
        "earningspersharebasic": 0.8200000000000003,
        "weightedaveragenumberofsharesoutstandingbasic": 378773000,
        "earningspersharediluted": 0.8200000000000003,
        "weightedaveragenumberofdilutedsharesoutstanding": 390897000,
        "othercomprehensiveincomelosscashflowhedgegainlossbeforereclassificationaftertax": 0,
        "othercomprehensiveincomelosscashflowhedgegainlossreclassificationaftertax": -605000,
        "othercomprehensiveincomelossnetoftax": 605000,
        "comprehensiveincomenetoftaxincludingportionattributabletononcontrollinginterest": 322874000,
        "comprehensiveincomenetoftaxattributabletononcontrollinginterest": 10595000,
        "comprehensiveincomenetoftax": 312279000,
        "dividendspreferenceunits": 772000,
        "netincomelossallocatedtogeneralpartners": 310920000,
        "netincomelossallocatedtolimitedpartners": 9536000,
        "incomelossincludingportionattributabletononcontrollinginterest": 320456000,
        "weightedaveragelimitedpartnershipandgeneralpartnershipunitsoutstandingbasic": 389954000
    },
    {
        "date": "2023-09-29",
        "symbol": "EQR",
        "period": "Q3",
        "operatingleaseleaseincome": 724067000,
        "costofpropertyrepairsandmaintenance": 129087000,
        "realestatetaxesandinsurance": 102858000,
        "costofpropertymanagement": 28169000,
        "generalandadministrativeexpense": 14094000,
        "depreciation": 224736000,
        "costsandexpenses": 498944000,
        "gainslossesonsalesofinvestmentrealestate": 26912000,
        "operatingincomeloss": 252035000,
        "interestandotherincome": 7627000,
        "othernonoperatingexpense": 4958000,
        "interestexpensedebt": 68891000,
        "amortizationofdeferredfinancingcosts": 3027000,
        "incomelossfromcontinuingoperationsbeforeincometaxesminorityinterestandincomelossfromequitymethodinvestments": 182786000,
        "incometaxexpensebenefit": 258000,
        "incomelossfromequitymethodinvestments": -1242000,
        "profitloss": 181286000,
        "netincomelossattributabletononcontrollinginterest": 5561000,
        "allocationofnetincomelosstononcontrollinginterestspartiallyownedproperties": 3217000,
        "netincomeloss": 172508000,
        "preferredstockdividendsincomestatementimpact": 773000,
        "netincomelossavailabletocommonstockholdersbasic": 171735000,
        "earningspersharebasic": 0.45,
        "weightedaveragenumberofsharesoutstandingbasic": 378853000,
        "earningspersharediluted": 0.45,
        "weightedaveragenumberofdilutedsharesoutstanding": 391351000,
        "othercomprehensiveincomelosscashflowhedgegainlossbeforereclassificationaftertax": 460000,
        "othercomprehensiveincomelosscashflowhedgegainlossreclassificationaftertax": -931000,
        "othercomprehensiveincomelossnetoftax": 1391000,
        "comprehensiveincomenetoftaxincludingportionattributabletononcontrollinginterest": 182677000,
        "comprehensiveincomenetoftaxattributabletononcontrollinginterest": 8822000,
        "comprehensiveincomenetoftax": 173855000,
        "dividendspreferenceunits": 773000,
        "netincomelossallocatedtogeneralpartners": 171735000,
        "netincomelossallocatedtolimitedpartners": 5561000,
        "incomelossincludingportionattributabletononcontrollinginterest": 177296000,
        "weightedaveragelimitedpartnershipandgeneralpartnershipunitsoutstandingbasic": 390087000
    },
    {
        "date": "2023-06-29",
        "symbol": "EQR",
        "period": "Q2",
        "operatingleaseleaseincome": 717309000,
        "costofpropertyrepairsandmaintenance": 124771000,
        "realestatetaxesandinsurance": 103080000,
        "costofpropertymanagement": 30679000,
        "generalandadministrativeexpense": 18876000,
        "depreciation": 221355000,
        "costsandexpenses": 498761000,
        "gainslossesonsalesofinvestmentrealestate": -87000,
        "operatingincomeloss": 218461000,
        "interestandotherincome": 2131000,
        "othernonoperatingexpense": 6564000,
        "interestexpensedebt": 65590000,
        "amortizationofdeferredfinancingcosts": 2017000,
        "incomelossfromcontinuingoperationsbeforeincometaxesminorityinterestandincomelossfromequitymethodinvestments": 146421000,
        "incometaxexpensebenefit": 336000,
        "incomelossfromequitymethodinvestments": -1223000,
        "profitloss": 144862000,
        "netincomelossattributabletononcontrollinginterest": 4554000,
        "allocationofnetincomelosstononcontrollinginterestspartiallyownedproperties": 1105000,
        "netincomeloss": 139203000,
        "preferredstockdividendsincomestatementimpact": 773000,
        "netincomelossavailabletocommonstockholdersbasic": 138430000,
        "earningspersharebasic": 0.37,
        "weightedaveragenumberofsharesoutstandingbasic": 378642000,
        "earningspersharediluted": 0.37,
        "weightedaveragenumberofdilutedsharesoutstanding": 391187000,
        "othercomprehensiveincomelosscashflowhedgegainlossbeforereclassificationaftertax": 13834000,
        "othercomprehensiveincomelosscashflowhedgegainlossreclassificationaftertax": -1106000,
        "othercomprehensiveincomelossnetoftax": 14940000,
        "comprehensiveincomenetoftaxincludingportionattributabletononcontrollinginterest": 159802000,
        "comprehensiveincomenetoftaxattributabletononcontrollinginterest": 6135000,
        "comprehensiveincomenetoftax": 153667000,
        "dividendspreferenceunits": 773000,
        "netincomelossallocatedtogeneralpartners": 138430000,
        "netincomelossallocatedtolimitedpartners": 4554000,
        "incomelossincludingportionattributabletononcontrollinginterest": 142984000,
        "weightedaveragelimitedpartnershipandgeneralpartnershipunitsoutstandingbasic": 390032000
    },
    {
        "date": "2023-03-30",
        "symbol": "EQR",
        "period": "Q1",
        "operatingleaseleaseincome": 705088000,
        "costofpropertyrepairsandmaintenance": 137579000,
        "realestatetaxesandinsurance": 106669000,
        "costofpropertymanagement": 31466000,
        "generalandadministrativeexpense": 16165000,
        "depreciation": 215830000,
        "costsandexpenses": 507709000,
        "gainslossesonsalesofinvestmentrealestate": 100209000,
        "operatingincomeloss": 297588000,
        "interestandotherincome": 1538000,
        "othernonoperatingexpense": 8995000,
        "interestexpensedebt": 66401000,
        "amortizationofdeferredfinancingcosts": 1979000,
        "incomelossfromcontinuingoperationsbeforeincometaxesminorityinterestandincomelossfromequitymethodinvestments": 221751000,
        "incometaxexpensebenefit": 298000,
        "incomelossfromequitymethodinvestments": -1382000,
        "profitloss": 220071000,
        "netincomelossattributabletononcontrollinginterest": 7059000,
        "allocationofnetincomelosstononcontrollinginterestspartiallyownedproperties": 977000,
        "netincomeloss": 212035000,
        "preferredstockdividendsincomestatementimpact": 772000,
        "netincomelossavailabletocommonstockholdersbasic": 211263000,
        "earningspersharebasic": 0.56,
        "weightedaveragenumberofsharesoutstandingbasic": 378341000,
        "earningspersharediluted": 0.56,
        "weightedaveragenumberofdilutedsharesoutstanding": 390664000,
        "othercomprehensiveincomelosscashflowhedgegainlossbeforereclassificationaftertax": -9780000,
        "othercomprehensiveincomelosscashflowhedgegainlossreclassificationaftertax": -1095000,
        "othercomprehensiveincomelossnetoftax": -8685000,
        "comprehensiveincomenetoftaxincludingportionattributabletononcontrollinginterest": 211386000,
        "comprehensiveincomenetoftaxattributabletononcontrollinginterest": 7755000,
        "comprehensiveincomenetoftax": 203631000,
        "dividendspreferenceunits": 772000,
        "netincomelossallocatedtogeneralpartners": 211263000,
        "netincomelossallocatedtolimitedpartners": 7059000,
        "incomelossincludingportionattributabletononcontrollinginterest": 218322000,
        "weightedaveragelimitedpartnershipandgeneralpartnershipunitsoutstandingbasic": 389851000
    },
    {
        "date": "2022-12-30",
        "symbol": "EQR",
        "period": "Q4",
        "operatingleaseleaseincome": 699703000,
        "costofpropertyrepairsandmaintenance": 118588000,
        "realestatetaxesandinsurance": 85513000,
        "costofpropertymanagement": 27269000,
        "generalandadministrativeexpense": 11677000,
        "depreciation": 214272000,
        "costsandexpenses": 457319000,
        "gainslossesonsalesofinvestmentrealestate": -21000,
        "operatingincomeloss": 242363000,
        "interestandotherincome": -2651000,
        "othernonoperatingexpense": 4473000,
        "interestexpensedebt": 65827000,
        "amortizationofdeferredfinancingcosts": 2308000,
        "incomelossfromcontinuingoperationsbeforeincometaxesminorityinterestandincomelossfromequitymethodinvestments": 167104000,
        "incometaxexpensebenefit": 175000,
        "incomelossfromequitymethodinvestments": -1575000,
        "profitloss": 165354000,
        "netincomelossattributabletononcontrollinginterest": 5286000,
        "allocationofnetincomelosstononcontrollinginterestspartiallyownedproperties": 1048000,
        "netincomeloss": 159020000,
        "preferredstockdividendsincomestatementimpact": 772000,
        "netincomelossavailabletocommonstockholdersbasic": 158248000,
        "earningspersharebasic": 0.4200000000000002,
        "weightedaveragenumberofsharesoutstandingbasic": -750919000,
        "earningspersharediluted": 0.41,
        "weightedaveragenumberofdilutedsharesoutstanding": -778841000,
        "othercomprehensiveincomelosscashflowhedgegainlossreclassificationaftertax": -1084000,
        "othercomprehensiveincomelossnetoftax": -1675000,
        "comprehensiveincomenetoftaxincludingportionattributabletononcontrollinginterest": 163679000,
        "comprehensiveincomenetoftaxattributabletononcontrollinginterest": 6279000,
        "comprehensiveincomenetoftax": 157400000,
        "dividendspreferenceunits": 772000,
        "netincomelossallocatedtogeneralpartners": 158248000,
        "netincomelossallocatedtolimitedpartners": 5286000,
        "incomelossincludingportionattributabletononcontrollinginterest": 163534000,
        "weightedaveragelimitedpartnershipandgeneralpartnershipunitsoutstandingbasic": -774761000
    },
    {
        "date": "2022-09-29",
        "symbol": "EQR",
        "period": "Q3",
        "operatingleaseleaseincome": 695099000,
        "costofpropertyrepairsandmaintenance": 124048000,
        "realestatetaxesandinsurance": 100361000,
        "costofpropertymanagement": 25729000,
        "generalandadministrativeexpense": 13372000,
        "depreciation": 214129000,
        "costsandexpenses": 477639000,
        "gainslossesonsalesofinvestmentrealestate": 196551000,
        "operatingincomeloss": 414011000,
        "interestandotherincome": 720000,
        "othernonoperatingexpense": 3755000,
        "interestexpensedebt": 72412000,
        "amortizationofdeferredfinancingcosts": 2220000,
        "incomelossfromcontinuingoperationsbeforeincometaxesminorityinterestandincomelossfromequitymethodinvestments": 336344000,
        "incometaxexpensebenefit": 152000,
        "incomelossfromequitymethodinvestments": -1027000,
        "profitloss": 335165000,
        "netincomelossattributabletononcontrollinginterest": 10997000,
        "allocationofnetincomelosstononcontrollinginterestspartiallyownedproperties": 1143000,
        "netincomeloss": 323025000,
        "preferredstockdividendsincomestatementimpact": 773000,
        "netincomelossavailabletocommonstockholdersbasic": 322252000,
        "earningspersharebasic": 0.86,
        "weightedaveragenumberofsharesoutstandingbasic": 375850000,
        "earningspersharediluted": 0.86,
        "weightedaveragenumberofdilutedsharesoutstanding": 389300000,
        "othercomprehensiveincomelosscashflowhedgegainlossbeforereclassificationaftertax": 24672000,
        "othercomprehensiveincomelosscashflowhedgegainlossreclassificationaftertax": -5106000,
        "othercomprehensiveincomelossnetoftax": 29778000,
        "comprehensiveincomenetoftaxincludingportionattributabletononcontrollinginterest": 364943000,
        "comprehensiveincomenetoftaxattributabletononcontrollinginterest": 13123000,
        "comprehensiveincomenetoftax": 351820000,
        "dividendspreferenceunits": 773000,
        "netincomelossallocatedtogeneralpartners": 322252000,
        "netincomelossallocatedtolimitedpartners": 10997000,
        "incomelossincludingportionattributabletononcontrollinginterest": 333249000,
        "weightedaveragelimitedpartnershipandgeneralpartnershipunitsoutstandingbasic": 387745000
    },
    {
        "date": "2022-06-29",
        "symbol": "EQR",
        "period": "Q2",
        "operatingleaseleaseincome": 687030000,
        "costofpropertyrepairsandmaintenance": 116355000,
        "realestatetaxesandinsurance": 101850000,
        "costofpropertymanagement": 26559000,
        "generalandadministrativeexpense": 16423000,
        "depreciation": 223806000,
        "costsandexpenses": 484993000,
        "gainslossesonsalesofinvestmentrealestate": 107897000,
        "operatingincomeloss": 309934000,
        "interestandotherincome": 596000,
        "othernonoperatingexpense": 2380000,
        "interestexpensedebt": 71889000,
        "amortizationofdeferredfinancingcosts": 2124000,
        "incomelossfromcontinuingoperationsbeforeincometaxesminorityinterestandincomelossfromequitymethodinvestments": 234137000,
        "incometaxexpensebenefit": 291000,
        "incomelossfromequitymethodinvestments": -1168000,
        "profitloss": 232678000,
        "netincomelossattributabletononcontrollinginterest": 7633000,
        "allocationofnetincomelosstononcontrollinginterestspartiallyownedproperties": 944000,
        "netincomeloss": 224101000,
        "preferredstockdividendsincomestatementimpact": 773000,
        "netincomelossavailabletocommonstockholdersbasic": 223328000,
        "earningspersharebasic": 0.59,
        "weightedaveragenumberofsharesoutstandingbasic": 375769000,
        "earningspersharediluted": 0.59,
        "weightedaveragenumberofdilutedsharesoutstanding": 389363000,
        "othercomprehensiveincomelosscashflowhedgegainlossbeforereclassificationaftertax": -1259000,
        "othercomprehensiveincomelosscashflowhedgegainlossreclassificationaftertax": -2456000,
        "othercomprehensiveincomelossnetoftax": 1197000,
        "comprehensiveincomenetoftaxincludingportionattributabletononcontrollinginterest": 233875000,
        "comprehensiveincomenetoftaxattributabletononcontrollinginterest": 8617000,
        "comprehensiveincomenetoftax": 225258000,
        "dividendspreferenceunits": 773000,
        "netincomelossallocatedtogeneralpartners": 223328000,
        "netincomelossallocatedtolimitedpartners": 7633000,
        "incomelossincludingportionattributabletononcontrollinginterest": 230961000,
        "weightedaveragelimitedpartnershipandgeneralpartnershipunitsoutstandingbasic": 387664000
    },
    {
        "date": "2022-03-30",
        "symbol": "EQR",
        "period": "Q1",
        "operatingleaseleaseincome": 653348000,
        "costofpropertyrepairsandmaintenance": 124874000,
        "realestatetaxesandinsurance": 100688000,
        "costofpropertymanagement": 30747000,
        "generalandadministrativeexpense": 17238000,
        "depreciation": 229961000,
        "costsandexpenses": 503508000,
        "gainslossesonsalesofinvestmentrealestate": -102000,
        "operatingincomeloss": 149738000,
        "interestandotherincome": 3528000,
        "othernonoperatingexpense": 3056000,
        "interestexpensedebt": 72792000,
        "amortizationofdeferredfinancingcosts": 2077000,
        "incomelossfromcontinuingoperationsbeforeincometaxesminorityinterestandincomelossfromequitymethodinvestments": 75341000,
        "incometaxexpensebenefit": 282000,
        "incomelossfromequitymethodinvestments": -1261000,
        "profitloss": 73798000,
        "netincomelossattributabletononcontrollinginterest": 2394000,
        "allocationofnetincomelosstononcontrollinginterestspartiallyownedproperties": 639000,
        "netincomeloss": 70765000,
        "preferredstockdividendsincomestatementimpact": 772000,
        "netincomelossavailabletocommonstockholdersbasic": 69993000,
        "earningspersharebasic": 0.19,
        "weightedaveragenumberofsharesoutstandingbasic": 375509000,
        "earningspersharediluted": 0.19,
        "weightedaveragenumberofdilutedsharesoutstanding": 389628000,
        "othercomprehensiveincomelosscashflowhedgegainlossreclassificationaftertax": -2425000,
        "othercomprehensiveincomelossnetoftax": 2425000,
        "comprehensiveincomenetoftaxincludingportionattributabletononcontrollinginterest": 76223000,
        "comprehensiveincomenetoftaxattributabletononcontrollinginterest": 3113000,
        "comprehensiveincomenetoftax": 73110000,
        "dividendspreferenceunits": 772000,
        "netincomelossallocatedtogeneralpartners": 69993000,
        "netincomelossallocatedtolimitedpartners": 2394000,
        "incomelossincludingportionattributabletononcontrollinginterest": 72387000,
        "weightedaveragelimitedpartnershipandgeneralpartnershipunitsoutstandingbasic": 387397000
    },
    {
        "date": "2021-06-29",
        "symbol": "EQR",
        "period": "Q2",
        "operatingleasesincomestatementleaserevenue": 598059000,
        "costofpropertyrepairsandmaintenance": 107746000,
        "realestatetaxesandinsurance": 97401000,
        "costofpropertymanagement": 24455000,
        "generalandadministrativeexpense": 14678000,
        "depreciation": 200673000,
        "costsandexpenses": 444953000,
        "gainslossesonsalesofinvestmentrealestate": 223738000,
        "operatingincomeloss": 376844000,
        "interestandotherincome": 24104000,
        "othernonoperatingexpense": 3342000,
        "interestexpensedebt": 67124000,
        "amortizationofdeferredfinancingcosts": 1939000,
        "incomelossfromcontinuingoperationsbeforeincometaxesminorityinterestandincomelossfromequitymethodinvestments": 328543000,
        "incometaxexpensebenefit": 242000,
        "incomelossfromequitymethodinvestments": -261000,
        "gainlossonsalesoflandparcels": 0,
        "profitloss": 328040000,
        "netincomelossattributabletononcontrollinginterest": 10913000,
        "allocationofnetincomelosstononcontrollinginterestspartiallyownedproperties": 741000,
        "netincomeloss": 316386000,
        "preferredstockdividendsincomestatementimpact": 772000,
        "netincomelossavailabletocommonstockholdersbasic": 315614000,
        "earningspersharebasic": 0.85,
        "weightedaveragenumberofsharesoutstandingbasic": 770000,
        "earningspersharediluted": 0.85,
        "weightedaveragenumberofdilutedsharesoutstanding": 451000,
        "othercomprehensiveincomelossreclassificationadjustmentfromaocionderivativesnetoftax": -2334000,
        "othercomprehensiveincomelossnetoftax": 2334000,
        "comprehensiveincomenetoftaxincludingportionattributabletononcontrollinginterest": 330374000,
        "comprehensiveincomenetoftaxattributabletononcontrollinginterest": 11732000,
        "comprehensiveincomenetoftax": 318642000,
        "dividendspreferenceunits": 772000,
        "netincomelossallocatedtogeneralpartners": 315614000,
        "netincomelossallocatedtolimitedpartners": 10913000,
        "incomelossincludingportionattributabletononcontrollinginterest": 326527000,
        "weightedaveragelimitedpartnershipandgeneralpartnershipunitsoutstandingbasic": 264000
    },
    {
        "date": "2021-03-30",
        "symbol": "EQR",
        "period": "Q1",
        "operatingleasesincomestatementleaserevenue": 597602000,
        "costofpropertyrepairsandmaintenance": 117054000,
        "realestatetaxesandinsurance": 103470000,
        "costofpropertymanagement": 26130000,
        "generalandadministrativeexpense": 15383000,
        "depreciation": 199962000,
        "costsandexpenses": 461999000,
        "gainslossesonsalesofinvestmentrealestate": -43000,
        "operatingincomeloss": 135560000,
        "interestandotherincome": 216000,
        "othernonoperatingexpense": 4110000,
        "interestexpensedebt": 67358000,
        "amortizationofdeferredfinancingcosts": 2185000,
        "incomelossfromcontinuingoperationsbeforeincometaxesminorityinterestandincomelossfromequitymethodinvestments": 62123000,
        "incometaxexpensebenefit": 153000,
        "incomelossfromequitymethodinvestments": -1611000,
        "gainlossonsalesoflandparcels": 5000,
        "profitloss": 60364000,
        "netincomelossattributabletononcontrollinginterest": 2143000,
        "allocationofnetincomelosstononcontrollinginterestspartiallyownedproperties": 682000,
        "netincomeloss": 57539000,
        "preferredstockdividendsincomestatementimpact": 773000,
        "netincomelossavailabletocommonstockholdersbasic": 56766000,
        "earningspersharebasic": 0.15,
        "weightedaveragenumberofsharesoutstandingbasic": 372280000,
        "earningspersharediluted": 0.15,
        "weightedaveragenumberofdilutedsharesoutstanding": 386916000,
        "othercomprehensiveincomelossreclassificationadjustmentfromaocionderivativesnetoftax": -2303000,
        "othercomprehensiveincomelossnetoftax": 2303000,
        "comprehensiveincomenetoftaxincludingportionattributabletononcontrollinginterest": 62667000,
        "comprehensiveincomenetoftaxattributabletononcontrollinginterest": 2909000,
        "comprehensiveincomenetoftax": 59758000,
        "dividendspreferenceunits": 773000,
        "netincomelossallocatedtogeneralpartners": 56766000,
        "netincomelossallocatedtolimitedpartners": 2143000,
        "incomelossincludingportionattributabletononcontrollinginterest": 58909000,
        "weightedaveragelimitedpartnershipandgeneralpartnershipunitsoutstandingbasic": 385330000
    },
    {
        "date": "2020-12-30",
        "symbol": "EQR",
        "period": "Q4",
        "operatingleasesincomestatementleaserevenue": 613435000,
        "costofpropertyrepairsandmaintenance": 107665000,
        "realestatetaxesandinsurance": 93519000,
        "costofpropertymanagement": 22312000,
        "generalandadministrativeexpense": 11093000,
        "depreciation": 201829000,
        "costsandexpenses": 436418000,
        "gainslossesonsalesofinvestmentrealestate": 179589000,
        "operatingincomeloss": 356606000,
        "interestandotherincome": 1929000,
        "othernonoperatingexpense": 9186000,
        "interestexpensedebt": 116724000,
        "amortizationofdeferredfinancingcosts": 2686000,
        "incomelossfromcontinuingoperationsbeforeincometaxesminorityinterestandincomelossfromequitymethodinvestments": 229939000,
        "incometaxexpensebenefit": 350000,
        "incomelossfromequitymethodinvestments": -839000,
        "profitloss": 262984000,
        "netincomelossattributabletononcontrollinginterest": 9386000,
        "allocationofnetincomelosstononcontrollinginterestspartiallyownedproperties": 742000,
        "netincomeloss": 252856000,
        "preferredstockdividendsincomestatementimpact": 772000,
        "netincomelossavailabletocommonstockholdersbasic": 252084000,
        "earningspersharebasic": 0.68,
        "weightedaveragenumberofsharesoutstandingbasic": 42000,
        "earningspersharediluted": 0.68,
        "weightedaveragenumberofdilutedsharesoutstanding": -99000,
        "othercomprehensiveincomelossreclassificationadjustmentfromaocionderivativesnetoftax": -17812000,
        "othercomprehensiveincomelossnetoftax": 17812000,
        "comprehensiveincomenetoftaxincludingportionattributabletononcontrollinginterest": 280796000,
        "comprehensiveincomenetoftaxattributabletononcontrollinginterest": 10768000,
        "comprehensiveincomenetoftax": 270028000,
        "dividendspreferenceunits": 772000,
        "netincomelossallocatedtogeneralpartners": 252084000,
        "netincomelossallocatedtolimitedpartners": 9386000,
        "incomelossincludingportionattributabletononcontrollinginterest": 261470000,
        "weightedaveragelimitedpartnershipandgeneralpartnershipunitsoutstandingbasic": 35000
    },
    {
        "date": "2020-09-29",
        "symbol": "EQR",
        "period": "Q3",
        "operatingleasesincomestatementleaserevenue": 622433000,
        "costofpropertyrepairsandmaintenance": 113065000,
        "realestatetaxesandinsurance": 95273000,
        "costofpropertymanagement": 20196000,
        "generalandadministrativeexpense": 10859000,
        "depreciation": 200605000,
        "costsandexpenses": 439998000,
        "gainslossesonsalesofinvestmentrealestate": -25000,
        "operatingincomeloss": 182386000,
        "interestandotherincome": 559000,
        "othernonoperatingexpense": 4097000,
        "interestexpensedebt": 80874000,
        "amortizationofdeferredfinancingcosts": 2101000,
        "incomelossfromcontinuingoperationsbeforeincometaxesminorityinterestandincomelossfromequitymethodinvestments": 95873000,
        "incometaxexpensebenefit": 262000,
        "incomelossfromequitymethodinvestments": -246000,
        "profitloss": 95365000,
        "netincomelossattributabletononcontrollinginterest": 3376000,
        "allocationofnetincomelosstononcontrollinginterestspartiallyownedproperties": 703000,
        "netincomeloss": 91286000,
        "preferredstockdividendsincomestatementimpact": 773000,
        "netincomelossavailabletocommonstockholdersbasic": 90513000,
        "earningspersharebasic": 0.2400000000000001,
        "weightedaveragenumberofsharesoutstandingbasic": -371628000,
        "earningspersharediluted": 0.2400000000000001,
        "weightedaveragenumberofdilutedsharesoutstanding": -386889000,
        "othercomprehensiveincomeunrealizedgainlossonderivativesarisingduringperiodnetoftax": 0,
        "othercomprehensiveincomelossreclassificationadjustmentfromaocionderivativesnetoftax": -5877000,
        "othercomprehensiveincomelossnetoftax": 5877000,
        "comprehensiveincomenetoftaxincludingportionattributabletononcontrollinginterest": 101242000,
        "comprehensiveincomenetoftaxattributabletononcontrollinginterest": 4290000,
        "comprehensiveincomenetoftax": 96952000,
        "dividendspreferenceunits": 773000,
        "netincomelossallocatedtogeneralpartners": 90513000,
        "netincomelossallocatedtolimitedpartners": 3376000,
        "incomelossincludingportionattributabletononcontrollinginterest": 93889000,
        "weightedaveragelimitedpartnershipandgeneralpartnershipunitsoutstandingbasic": -384645000
    },
    {
        "date": "2020-06-29",
        "symbol": "EQR",
        "period": "Q2",
        "operatingleasesincomestatementleaserevenue": 653532000,
        "costofpropertyrepairsandmaintenance": 104452000,
        "realestatetaxesandinsurance": 95038000,
        "costofpropertymanagement": 23608000,
        "generalandadministrativeexpense": 11835000,
        "depreciation": 205976000,
        "costsandexpenses": 440909000,
        "gainslossesonsalesofinvestmentrealestate": 144266000,
        "operatingincomeloss": 356889000,
        "interestandotherincome": 1511000,
        "othernonoperatingexpense": 1694000,
        "interestexpensedebt": 81885000,
        "amortizationofdeferredfinancingcosts": 2111000,
        "incomelossfromcontinuingoperationsbeforeincometaxesminorityinterestandincomelossfromequitymethodinvestments": 272710000,
        "incometaxexpensebenefit": 187000,
        "incomelossfromequitymethodinvestments": -1042000,
        "profitloss": 271481000,
        "netincomelossattributabletononcontrollinginterest": 9713000,
        "allocationofnetincomelosstononcontrollinginterestspartiallyownedproperties": 880000,
        "netincomeloss": 260888000,
        "preferredstockdividendsincomestatementimpact": 772000,
        "netincomelossavailabletocommonstockholdersbasic": 260116000,
        "earningspersharebasic": 0.7,
        "weightedaveragenumberofsharesoutstandingbasic": 371795000,
        "earningspersharediluted": 0.7,
        "weightedaveragenumberofdilutedsharesoutstanding": 385913000,
        "othercomprehensiveincomeunrealizedgainlossonderivativesarisingduringperiodnetoftax": -223000,
        "othercomprehensiveincomelossreclassificationadjustmentfromaocionderivativesnetoftax": -5764000,
        "othercomprehensiveincomelossnetoftax": 5541000,
        "comprehensiveincomenetoftaxincludingportionattributabletononcontrollinginterest": 277022000,
        "comprehensiveincomenetoftaxattributabletononcontrollinginterest": 10792000,
        "comprehensiveincomenetoftax": 266230000,
        "dividendspreferenceunits": 772000,
        "netincomelossallocatedtogeneralpartners": 260116000,
        "netincomelossallocatedtolimitedpartners": 9713000,
        "incomelossincludingportionattributabletononcontrollinginterest": 269829000,
        "weightedaveragelimitedpartnershipandgeneralpartnershipunitsoutstandingbasic": 384818000
    },
    {
        "date": "2020-03-30",
        "symbol": "EQR",
        "period": "Q1",
        "operatingleasesincomestatementleaserevenue": 682305000,
        "revenuefromcontractwithcustomerincludingassessedtax": 24000,
        "typeofrevenueextensiblelist": "us-gaap:ManagementServiceMember",
        "revenues": 682329000,
        "costofpropertyrepairsandmaintenance": 115816000,
        "realestatetaxesandinsurance": 97732000,
        "costofpropertymanagement": 27709000,
        "generalandadministrativeexpense": 14518000,
        "depreciation": 212422000,
        "costsandexpenses": 468197000,
        "gainslossesonsalesofinvestmentrealestate": 207977000,
        "operatingincomeloss": 422109000,
        "interestandotherincome": 1936000,
        "othernonoperatingexpense": 2533000,
        "interestexpensedebt": 85590000,
        "amortizationofdeferredfinancingcosts": 2041000,
        "incomelossfromcontinuingoperationsbeforeincometaxesminorityinterestandincomelossfromequitymethodinvestments": 333881000,
        "incometaxexpensebenefit": 53000,
        "incomelossfromequitymethodinvestments": -1157000,
        "profitloss": 332671000,
        "netincomelossattributabletononcontrollinginterest": 11535000,
        "allocationofnetincomelosstononcontrollinginterestspartiallyownedproperties": 12530000,
        "netincomeloss": 308606000,
        "preferredstockdividendsincomestatementimpact": 773000,
        "netincomelossavailabletocommonstockholdersbasic": 307833000,
        "earningspersharebasic": 0.83,
        "weightedaveragenumberofsharesoutstandingbasic": 371582000,
        "earningspersharediluted": 0.83,
        "weightedaveragenumberofdilutedsharesoutstanding": 386949000,
        "othercomprehensiveincomeunrealizedgainlossonderivativesarisingduringperiodnetoftax": -967000,
        "othercomprehensiveincomelossreclassificationadjustmentfromaocionderivativesnetoftax": -5634000,
        "othercomprehensiveincomelossnetoftax": 4667000,
        "comprehensiveincomenetoftaxincludingportionattributabletononcontrollinginterest": 337338000,
        "comprehensiveincomenetoftaxattributabletononcontrollinginterest": 24234000,
        "comprehensiveincomenetoftax": 313104000,
        "dividendspreferenceunits": 773000,
        "netincomelossallocatedtogeneralpartners": 307833000,
        "netincomelossallocatedtolimitedpartners": 11535000,
        "incomelossincludingportionattributabletononcontrollinginterest": 319368000,
        "weightedaveragelimitedpartnershipandgeneralpartnershipunitsoutstandingbasic": 384586000
    },
    {
        "date": "2019-12-30",
        "symbol": "EQR",
        "period": "Q4",
        "operatingleasesincomestatementleaserevenue": 683895000,
        "revenuefromcontractwithcustomerincludingassessedtax": 24000,
        "typeofrevenueextensiblelist": "us-gaap:ManagementServiceMember",
        "revenues": 683919000,
        "costofpropertyrepairsandmaintenance": 108348000,
        "realestatetaxesandinsurance": 95705000,
        "costofpropertymanagement": 22639000,
        "generalandadministrativeexpense": 11630000,
        "depreciation": 214882000,
        "costsandexpenses": 453204000,
        "gainslossesonsalesofinvestmentrealestate": 178237000,
        "operatingincomeloss": 408952000,
        "interestandotherincome": 596000,
        "othernonoperatingexpense": 6972000,
        "interestexpensedebt": 100300000,
        "incomelossfromcontinuingoperationsbeforeincometaxesminorityinterestandincomelossfromequitymethodinvestments": 299270000,
        "incometaxexpensebenefit": -3030000,
        "incomelossfromequitymethodinvestments": -961000,
        "gainlossonsalesoflandparcels": -33000,
        "profitloss": 301306000,
        "netincomelossattributabletononcontrollinginterest": 10695000,
        "allocationofnetincomelosstononcontrollinginterestspartiallyownedproperties": 847000,
        "netincomeloss": 289764000,
        "preferredstockdividendsincomestatementimpact": 772000,
        "netincomelossavailabletocommonstockholdersbasic": 288992000,
        "earningspersharebasic": 0.78,
        "weightedaveragenumberofsharesoutstandingbasic": 234000,
        "earningspersharediluted": 0.78,
        "weightedaveragenumberofdilutedsharesoutstanding": 156000,
        "othercomprehensiveincomelossreclassificationadjustmentfromaocionderivativesnetoftax": -6529000,
        "othercomprehensiveincomelossnetoftax": 6529000,
        "comprehensiveincomenetoftaxincludingportionattributabletononcontrollinginterest": 307835000,
        "comprehensiveincomenetoftaxattributabletononcontrollinginterest": 11776000,
        "comprehensiveincomenetoftax": 296059000,
        "dividendspreferenceunits": 772000,
        "netincomelossallocatedtogeneralpartners": 288992000,
        "netincomelossallocatedtolimitedpartners": 10695000,
        "incomelossincludingportionattributabletononcontrollinginterest": 299687000,
        "weightedaveragelimitedpartnershipandgeneralpartnershipunitsoutstandingbasic": 226000
    },
    {
        "date": "2019-09-29",
        "symbol": "EQR",
        "period": "Q3",
        "operatingleasesincomestatementleaserevenue": 1307723000,
        "revenuefromcontractwithcustomerincludingassessedtax": 25000,
        "typeofrevenueextensiblelist": "us-gaap:ManagementServiceMember",
        "revenues": 685145000,
        "costofpropertyrepairsandmaintenance": 114966000,
        "realestatetaxesandinsurance": 87546000,
        "costofpropertymanagement": 21940000,
        "generalandadministrativeexpense": 11417000,
        "depreciation": 211478000,
        "costsandexpenses": 447347000,
        "gainslossesonsalesofinvestmentrealestate": 130565000,
        "operatingincomeloss": 553822000,
        "interestandotherincome": 631000,
        "othernonoperatingexpense": 2813000,
        "interestexpensedebt": 85936000,
        "incomelossfromcontinuingoperationsbeforeincometaxesminorityinterestandincomelossfromequitymethodinvestments": 277364000,
        "incometaxexpensebenefit": 265000,
        "incomelossfromequitymethodinvestments": -1152000,
        "gainlossonsalesoflandparcels": 1899000,
        "profitloss": 386304000,
        "netincomelossattributabletononcontrollinginterest": 13030000,
        "allocationofnetincomelosstononcontrollinginterestspartiallyownedproperties": 830000,
        "netincomeloss": 263187000,
        "preferredstockdividendsincomestatementimpact": 773000,
        "netincomelossavailabletocommonstockholdersbasic": 266333000,
        "earningspersharebasic": 0.72,
        "weightedaveragenumberofsharesoutstandingbasic": -369673000,
        "earningspersharediluted": 0.7100000000000001,
        "weightedaveragenumberofdilutedsharesoutstanding": -385114000,
        "othercomprehensiveincomeunrealizedgainlossonderivativesarisingduringperiodnetoftax": 0,
        "othercomprehensiveincomelossreclassificationadjustmentfromaocionderivativesnetoftax": -14543000,
        "othercomprehensiveincomelossnetoftax": 5757000,
        "comprehensiveincomenetoftaxincludingportionattributabletononcontrollinginterest": 283603000,
        "comprehensiveincomenetoftaxattributabletononcontrollinginterest": 14500000,
        "comprehensiveincomenetoftax": 269103000,
        "dividendspreferenceunits": 773000,
        "netincomelossallocatedtogeneralpartners": 266333000,
        "netincomelossallocatedtolimitedpartners": 9910000,
        "incomelossincludingportionattributabletononcontrollinginterest": 276243000,
        "weightedaveragelimitedpartnershipandgeneralpartnershipunitsoutstandingbasic": -382562000
    },
    {
        "date": "2019-06-29",
        "symbol": "EQR",
        "period": "Q2",
        "operatingleasesincomestatementleaserevenue": 669374000,
        "revenuefromcontractwithcustomerincludingassessedtax": 143000,
        "typeofrevenueextensiblelist": "us-gaap:ManagementServiceMember",
        "revenues": 669517000,
        "costofpropertyrepairsandmaintenance": 108461000,
        "realestatetaxesandinsurance": 91446000,
        "costofpropertymanagement": 24369000,
        "generalandadministrativeexpense": 14329000,
        "depreciation": 200508000,
        "costsandexpenses": 439113000,
        "gainslossesonsalesofinvestmentrealestate": 138856000,
        "operatingincomeloss": 369260000,
        "interestandotherincome": 1009000,
        "othernonoperatingexpense": 5117000,
        "interestexpensedebt": 108902000,
        "amortizationoffinancingcosts": 3647000,
        "incomelossfromcontinuingoperationsbeforeincometaxesminorityinterestandincomelossfromequitymethodinvestments": 252603000,
        "incometaxexpensebenefit": 246000,
        "incomelossfromequitymethodinvestments": 68765000,
        "gainlossonsalesoflandparcels": 177000,
        "profitloss": 321299000,
        "netincomelossattributabletononcontrollinginterest": 11510000,
        "allocationofnetincomelosstononcontrollinginterestspartiallyownedproperties": 821000,
        "netincomeloss": 308968000,
        "preferredstockdividendsincomestatementimpact": 772000,
        "netincomelossavailabletocommonstockholdersbasic": 308196000,
        "earningspersharebasic": 0.83,
        "weightedaveragenumberofsharesoutstandingbasic": 370342000,
        "earningspersharediluted": 0.83,
        "weightedaveragenumberofdilutedsharesoutstanding": 386107000,
        "othercomprehensiveincomeunrealizedgainlossonderivativesarisingduringperiodnetoftax": -19345000,
        "othercomprehensiveincomelossreclassificationadjustmentfromaocionderivativesnetoftax": -4509000,
        "othercomprehensiveincomelossnetoftax": -14836000,
        "comprehensiveincomenetoftaxincludingportionattributabletononcontrollinginterest": 306463000,
        "comprehensiveincomenetoftaxattributabletononcontrollinginterest": 11797000,
        "comprehensiveincomenetoftax": 294666000,
        "dividendspreferenceunits": 772000,
        "netincomelossallocatedtogeneralpartners": 308196000,
        "netincomelossallocatedtolimitedpartners": 11510000,
        "incomelossincludingportionattributabletononcontrollinginterest": 319706000,
        "weightedaveragelimitedpartnershipandgeneralpartnershipunitsoutstandingbasic": 383227000
    },
    {
        "date": "2019-03-30",
        "symbol": "EQR",
        "period": "Q1",
        "operatingleasesincomestatementleaserevenue": 39699000,
        "revenuefromcontractwithcustomerincludingassessedtax": 192000,
        "typeofrevenueextensiblelist": "us-gaap:ManagementServiceMember",
        "revenues": 662494000,
        "costofpropertyrepairsandmaintenance": 115070000,
        "realestatetaxesandinsurance": 91442000,
        "costofpropertymanagement": 26396000,
        "generalandadministrativeexpense": 15381000,
        "depreciation": 204215000,
        "costsandexpenses": 452504000,
        "gainslossesonsalesofinvestmentrealestate": -21000,
        "operatingincomeloss": 24510000,
        "interestandotherincome": 581000,
        "othernonoperatingexpense": 3275000,
        "interestexpensedebt": 94938000,
        "amortizationoffinancingcosts": 2136000,
        "incomelossfromcontinuingoperationsbeforeincometaxesminorityinterestandincomelossfromequitymethodinvestments": 110201000,
        "incometaxexpensebenefit": 238000,
        "incomelossfromequitymethodinvestments": -707000,
        "gainlossonsalesoflandparcels": 1000,
        "profitloss": 799000,
        "netincomelossattributabletononcontrollinginterest": 799000,
        "allocationofnetincomelosstononcontrollinginterestspartiallyownedproperties": 799000,
        "netincomeloss": 108458000,
        "preferredstockdividendsincomestatementimpact": 773000,
        "netincomelossavailabletocommonstockholdersbasic": 103766000,
        "earningspersharebasic": 0.28,
        "weightedaveragenumberofsharesoutstandingbasic": 369558000,
        "earningspersharediluted": 0.28,
        "weightedaveragenumberofdilutedsharesoutstanding": 385184000,
        "othercomprehensiveincomeunrealizedgainlossonderivativesarisingduringperiodnetoftax": -14420000,
        "othercomprehensiveincomelossreclassificationadjustmentfromaocionderivativesnetoftax": 4393000,
        "othercomprehensiveincomelossnetoftax": -10027000,
        "comprehensiveincomenetoftaxincludingportionattributabletononcontrollinginterest": 99230000,
        "comprehensiveincomenetoftaxattributabletononcontrollinginterest": 799000,
        "comprehensiveincomenetoftax": 98431000,
        "dividendspreferenceunits": 773000,
        "netincomelossallocatedtogeneralpartners": 103766000,
        "netincomelossallocatedtolimitedpartners": 3919000,
        "incomelossincludingportionattributabletononcontrollinginterest": 107685000,
        "weightedaveragelimitedpartnershipandgeneralpartnershipunitsoutstandingbasic": 382477000
    },
    {
        "date": "2018-12-30",
        "symbol": "EQR",
        "period": "Q4",
        "operatingleasesincomestatementleaserevenue": 56779000,
        "typeofrevenueextensiblelist": "us-gaap:ManagementServiceMember",
        "revenues": 652743000,
        "costofpropertyrepairsandmaintenance": 106848000,
        "realestatetaxesandinsurance": 89030000,
        "generalandadministrativeexpense": 12393000,
        "depreciation": 201856000,
        "costsandexpenses": 433437000,
        "operatingincomeloss": 35259000,
        "interestandotherincome": 457000,
        "othernonoperatingexpense": 2396000,
        "interestexpensedebt": 91906000,
        "amortizationoffinancingcosts": 2256000,
        "incomelossfromcontinuingoperationsbeforeincometaxesminorityinterestandincomelossfromequitymethodinvestments": 123205000,
        "incometaxexpensebenefit": 111000,
        "incomelossfromequitymethodinvestments": -674000,
        "gainslossesonsalesofinvestmentrealestate": -24000,
        "profitloss": 779000,
        "netincomelossattributabletononcontrollinginterest": 779000,
        "allocationofnetincomelosstononcontrollinginterestspartiallyownedproperties": 779000,
        "netincomeloss": 121609000,
        "preferredstockdividendsincomestatementimpact": 772000,
        "netincomelossavailabletocommonstockholdersbasic": 116415000,
        "earningspersharebasic": 0.3200000000000002,
        "weightedaveragenumberofsharesoutstandingbasic": 132000,
        "earningspersharediluted": 0.30999999999999994,
        "weightedaveragenumberofdilutedsharesoutstanding": 262000,
        "othercomprehensiveincomeunrealizedgainlossonderivativesarisingduringperiodnetoftax": -18847000,
        "othercomprehensiveincomelossreclassificationadjustmentfromaocionderivativesnetoftax": 4550000,
        "othercomprehensiveincomelossnetoftax": -14297000,
        "comprehensiveincomenetoftaxincludingportionattributabletononcontrollinginterest": 108091000,
        "comprehensiveincomenetoftaxattributabletononcontrollinginterest": 779000,
        "comprehensiveincomenetoftax": 107312000,
        "dividendspreferenceunits": 772000,
        "netincomelossallocatedtogeneralpartners": 116415000,
        "netincomelossallocatedtolimitedpartners": 4422000,
        "incomelossincludingportionattributabletononcontrollinginterest": 120837000,
        "weightedaveragelimitedpartnershipandgeneralpartnershipunitsoutstandingbasic": 130000
    },
    {
        "date": "2018-09-29",
        "symbol": "EQR",
        "period": "Q3",
        "operatingleasesincomestatementleaserevenue": 74972000,
        "revenues": 1277683000,
        "costofpropertyrepairsandmaintenance": 110541000,
        "realestatetaxesandinsurance": 87388000,
        "generalandadministrativeexpense": 28901000,
        "depreciation": 386875000,
        "costsandexpenses": 428136000,
        "operatingincomeloss": 50538000,
        "interestandotherincome": 13717000,
        "othernonoperatingexpense": 7661000,
        "interestexpensedebt": 225251000,
        "amortizationoffinancingcosts": 6887000,
        "incomelossfromcontinuingoperationsbeforeincometaxesminorityinterestandincomelossfromequitymethodinvestments": 190955000,
        "incometaxexpensebenefit": 480000,
        "incomelossfromequitymethodinvestments": -1569000,
        "gainslossesonsalesofinvestmentrealestate": 114672000,
        "profitloss": -115467000,
        "netincomelossattributabletononcontrollinginterest": -3040000,
        "allocationofnetincomelosstononcontrollinginterestspartiallyownedproperties": 750000,
        "netincomeloss": 223096000,
        "preferredstockdividendsincomestatementimpact": 773000,
        "netincomelossavailabletocommonstockholdersbasic": 214164000,
        "earningspersharebasic": 0.58,
        "weightedaveragenumberofsharesoutstandingbasic": -367810000,
        "earningspersharediluted": 0.58,
        "weightedaveragenumberofdilutedsharesoutstanding": -383008000,
        "commonstockdividendspersharedeclared": 0.54,
        "othercomprehensiveincomeunrealizedgainlossonderivativesarisingduringperiodnetoftax": 12026000,
        "othercomprehensiveincomelossreclassificationadjustmentfromaocionderivativesnetoftax": 13627000,
        "othercomprehensiveincomelossnetoftax": 16621000,
        "comprehensiveincomenetoftaxincludingportionattributabletononcontrollinginterest": 240467000,
        "comprehensiveincomenetoftaxattributabletononcontrollinginterest": 750000,
        "comprehensiveincomenetoftax": 239717000,
        "dividendspreferenceunits": 773000,
        "netincomelossallocatedtogeneralpartners": 214164000,
        "netincomelossallocatedtolimitedpartners": 8159000,
        "incomelossincludingportionattributabletononcontrollinginterest": 222323000,
        "weightedaveragelimitedpartnershipandgeneralpartnershipunitsoutstandingbasic": -380667000,
        "distributionsperlimitedpartnershipandgeneralpartnershipunitoutstandingbasic": 0.54
    },
    {
        "date": "2018-06-29",
        "symbol": "EQR",
        "period": "Q2",
        "operatingleasesincomestatementleaserevenue": 39992000,
        "revenuefromcontractwithcustomerincludingassessedtax": 188000,
        "revenues": 639808000,
        "costofpropertyrepairsandmaintenance": 103744000,
        "realestatetaxesandinsurance": 89482000,
        "generalandadministrativeexpense": 12502000,
        "depreciation": 192942000,
        "costsandexpenses": 422154000,
        "operatingincomeloss": 24445000,
        "interestandotherincome": 1116000,
        "othernonoperatingexpense": 3769000,
        "interestexpensedebt": 94131000,
        "amortizationoffinancingcosts": 2099000,
        "incomelossfromcontinuingoperationsbeforeincometaxesminorityinterestandincomelossfromequitymethodinvestments": 118771000,
        "incometaxexpensebenefit": 274000,
        "incomelossfromequitymethodinvestments": -1031000,
        "gainslossesonsalesofinvestmentrealestate": -51000,
        "gainlossonsalesoflandparcels": 995000,
        "profitloss": 118410000,
        "netincomelossattributabletononcontrollinginterest": 4299000,
        "allocationofnetincomelosstononcontrollinginterestspartiallyownedproperties": 509000,
        "netincomeloss": 117901000,
        "preferredstockdividendsincomestatementimpact": 772000,
        "netincomelossavailabletocommonstockholdersbasic": 112830000,
        "earningspersharebasic": 0.31,
        "weightedaveragenumberofsharesoutstandingbasic": 367930000,
        "earningspersharediluted": 0.31,
        "weightedaveragenumberofdilutedsharesoutstanding": 383423000,
        "commonstockdividendspersharedeclared": 0.54,
        "othercomprehensiveincomeunrealizedgainlossonderivativesarisingduringperiodnetoftax": 5908000,
        "othercomprehensiveincomelossreclassificationadjustmentfromaocionderivativesnetoftax": -4516000,
        "othercomprehensiveincomelossnetoftax": 10424000,
        "comprehensiveincomenetoftaxincludingportionattributabletononcontrollinginterest": 128834000,
        "comprehensiveincomenetoftaxattributabletononcontrollinginterest": 509000,
        "comprehensiveincomenetoftax": 128325000,
        "dividendspreferenceunits": 772000,
        "netincomelossallocatedtogeneralpartners": 112830000,
        "netincomelossallocatedtolimitedpartners": 4299000,
        "incomelossincludingportionattributabletononcontrollinginterest": 117129000,
        "weightedaveragelimitedpartnershipandgeneralpartnershipunitsoutstandingbasic": 380795000,
        "distributionsperlimitedpartnershipandgeneralpartnershipunitoutstandingbasic": 0.54
    },
    {
        "date": "2018-03-30",
        "symbol": "EQR",
        "period": "Q1",
        "operatingleasesincomestatementleaserevenue": 42447000,
        "managementfeesrevenue": 185000,
        "revenues": 8200000,
        "costofpropertyrepairsandmaintenance": 108202000,
        "realestatetaxesandinsurance": 91914000,
        "ownedpropertymanagementcosts": 218000,
        "generalandadministrativeexpense": 17000,
        "depreciation": 4052000,
        "costsandexpenses": 436147000,
        "operatingincomeloss": 22689000,
        "interestandotherincome": 27000,
        "othernonoperatingexpense": 3441000,
        "interestexpensedebt": 2072000,
        "amortizationoffinancingcosts": 68000,
        "incomelossfromcontinuingoperationsbeforeincometaxesminorityinterestandincomelossfromequitymethodinvestments": -991000,
        "incometaxexpensebenefit": 13000,
        "incomelossfromequitymethodinvestments": -393000,
        "gainslossesonsalesofinvestmentrealestate": 142213000,
        "profitloss": -1004000,
        "netincomelossattributabletononcontrollinginterest": 680000,
        "allocationofnetincomelosstononcontrollinginterestspartiallyownedproperties": 680000,
        "netincomeloss": 219868000,
        "preferredstockdividendsincomestatementimpact": 773000,
        "netincomelossavailabletocommonstockholdersbasic": 211036000,
        "earningspersharebasic": 0.57,
        "weightedaveragenumberofsharesoutstandingbasic": 367800000,
        "earningspersharediluted": 0.57,
        "weightedaveragenumberofdilutedsharesoutstanding": 383018000,
        "commonstockdividendspersharedeclared": 0.54,
        "othercomprehensiveincomeunrealizedgainlossonderivativesarisingduringperiodnetoftax": 6087000,
        "othercomprehensiveincomelossreclassificationadjustmentfromaocionderivativesnetoftax": 4791000,
        "othercomprehensiveincomelossnetoftax": 10878000,
        "comprehensiveincomenetoftaxincludingportionattributabletononcontrollinginterest": 231426000,
        "comprehensiveincomenetoftaxattributabletononcontrollinginterest": 680000,
        "comprehensiveincomenetoftax": 230746000,
        "dividendspreferenceunits": 773000,
        "netincomelossallocatedtogeneralpartners": 211036000,
        "netincomelossallocatedtolimitedpartners": 8059000,
        "incomelossincludingportionattributabletononcontrollinginterest": 219095000,
        "weightedaveragelimitedpartnershipandgeneralpartnershipunitsoutstandingbasic": 380663000,
        "distributionsperlimitedpartnershipandgeneralpartnershipunitoutstandingbasic": 0.54
    },
    {
        "date": "2017-12-30",
        "symbol": "EQR",
        "period": "Q4",
        "operatingleasesincomestatementleaserevenue": 67258000,
        "managementfeesrevenue": 185000,
        "revenues": 8286000,
        "costofpropertyrepairsandmaintenance": 98636000,
        "realestatetaxesandinsurance": 82177000,
        "ownedpropertymanagementcosts": 219000,
        "generalandadministrativeexpense": -125000,
        "depreciation": 4048000,
        "costsandexpenses": 415940000,
        "operatingincomeloss": 46534000,
        "interestandotherincome": 32000,
        "othernonoperatingexpense": 2026000,
        "interestexpensedebt": 2072000,
        "amortizationoffinancingcosts": 0,
        "incomelossfromcontinuingoperationsbeforeincometaxesminorityinterestandincomelossfromequitymethodinvestments": -1008000,
        "incometaxexpensebenefit": 0,
        "incomelossfromequitymethodinvestments": -394000,
        "gainslossesonsalesofinvestmentrealestate": 15296000,
        "incomelossfromcontinuingoperationsincludingportionattributabletononcontrollinginterest": 130084000,
        "profitloss": -1008000,
        "netincomelossattributabletononcontrollinginterest": -31000,
        "allocationofnetincomelosstononcontrollinginterestspartiallyownedproperties": -31000,
        "netincomeloss": 130115000,
        "netincomelossavailabletocommonstockholdersbasic": 124669000,
        "incomelossfromcontinuingoperationsperbasicshare": 0.33999999999999975,
        "earningspersharebasic": 0.33999999999999975,
        "weightedaveragenumberofsharesoutstandingbasic": 159000,
        "incomelossfromcontinuingoperationsperdilutedshare": 0.33999999999999975,
        "earningspersharediluted": 0.33999999999999975,
        "weightedaveragenumberofdilutedsharesoutstanding": 38000,
        "commonstockdividendspersharedeclared": 0.5037500000000003,
        "othercomprehensiveincomelossreclassificationadjustmentfromaocionderivativesnetoftax": 4839000,
        "othercomprehensiveincomelossnetoftax": 6062000,
        "comprehensiveincomenetoftaxincludingportionattributabletononcontrollinginterest": 136146000,
        "comprehensiveincomenetoftaxattributabletononcontrollinginterest": -31000,
        "comprehensiveincomenetoftax": 136177000,
        "dividendspreferenceunits": 773000,
        "netincomelossallocatedtogeneralpartners": 124669000,
        "netincomelossallocatedtolimitedpartners": 4673000,
        "incomelossincludingportionattributabletononcontrollinginterest": 129342000,
        "weightedaveragelimitedpartnershipandgeneralpartnershipunitsoutstandingbasic": 153000,
        "distributionsperlimitedpartnershipandgeneralpartnershipunitoutstandingbasic": 0.5037500000000003
    },
    {
        "date": "2017-09-29",
        "symbol": "EQR",
        "period": "Q3",
        "operatingleasesincomestatementleaserevenue": 70246000,
        "managementfeesrevenue": 171000,
        "revenues": -596612000,
        "costofpropertyrepairsandmaintenance": 104721000,
        "realestatetaxesandinsurance": 84087000,
        "ownedpropertymanagementcosts": -21162000,
        "generalandadministrativeexpense": -13523000,
        "depreciation": -171830000,
        "costsandexpenses": 406336000,
        "operatingincomeloss": 43307000,
        "interestandotherincome": -1130000,
        "othernonoperatingexpense": 1028000,
        "interestexpensedebt": -87079000,
        "amortizationoffinancingcosts": -2154000,
        "incomelossfromcontinuingoperationsbeforeincometaxesminorityinterestandincomelossfromequitymethodinvestments": -119611000,
        "incometaxexpensebenefit": -219000,
        "incomelossfromequitymethodinvestments": -62000,
        "gainslossesonsalesofinvestmentrealestate": 17328000,
        "gainlossonsalesoflandparcels": 0,
        "incomelossfromcontinuingoperationsincludingportionattributabletononcontrollinginterest": 144196000,
        "profitloss": -206413000,
        "netincomelossattributabletononcontrollinginterest": -5788000,
        "allocationofnetincomelosstononcontrollinginterestspartiallyownedproperties": 801000,
        "netincomeloss": 143395000,
        "netincomelossavailabletocommonstockholdersbasic": 137457000,
        "incomelossfromcontinuingoperationsperbasicshare": 0.38,
        "earningspersharebasic": 0.38,
        "weightedaveragenumberofsharesoutstandingbasic": -366616000,
        "incomelossfromcontinuingoperationsperdilutedshare": 0.37,
        "earningspersharediluted": 0.37,
        "weightedaveragenumberofdilutedsharesoutstanding": -382332000,
        "commonstockdividendspersharedeclared": 0.5037499999999998,
        "othercomprehensiveincomelossreclassificationadjustmentfromaocionderivativesnetoftax": 14104000,
        "othercomprehensiveincomelossnetoftax": 6477000,
        "comprehensiveincomenetoftaxincludingportionattributabletononcontrollinginterest": 150673000,
        "comprehensiveincomenetoftaxattributabletononcontrollinginterest": 801000,
        "comprehensiveincomenetoftax": 149872000,
        "dividendspreferenceunits": 772000,
        "netincomelossallocatedtogeneralpartners": 137457000,
        "netincomelossallocatedtolimitedpartners": 5166000,
        "incomelossincludingportionattributabletononcontrollinginterest": 142623000,
        "weightedaveragelimitedpartnershipandgeneralpartnershipunitsoutstandingbasic": -379521000,
        "distributionsperlimitedpartnershipandgeneralpartnershipunitoutstandingbasic": 0.5037499999999998
    },
    {
        "date": "2017-06-29",
        "symbol": "EQR",
        "period": "Q2",
        "operatingleasesincomestatementleaserevenue": 40937000,
        "managementfeesrevenue": 181000,
        "revenues": 612480000,
        "costofpropertyrepairsandmaintenance": 99316000,
        "realestatetaxesandinsurance": 87503000,
        "ownedpropertymanagementcosts": 21589000,
        "generalandadministrativeexpense": 13626000,
        "depreciation": 179896000,
        "costsandexpenses": 401930000,
        "operatingincomeloss": 21165000,
        "interestandotherincome": 1162000,
        "othernonoperatingexpense": 1042000,
        "interestexpensedebt": 91224000,
        "amortizationoffinancingcosts": 2087000,
        "incomelossfromcontinuingoperationsbeforeincometaxesminorityinterestandincomelossfromequitymethodinvestments": 117359000,
        "incometaxexpensebenefit": 220000,
        "incomelossfromequitymethodinvestments": -682000,
        "gainslossesonsalesofinvestmentrealestate": 87726000,
        "gainlossonsalesoflandparcels": -23000,
        "incomelossfromcontinuingoperationsincludingportionattributabletononcontrollinginterest": 204160000,
        "profitloss": 204160000,
        "netincomelossattributabletononcontrollinginterest": 7354000,
        "allocationofnetincomelosstononcontrollinginterestspartiallyownedproperties": 765000,
        "netincomeloss": 203395000,
        "preferredstockdividendsincomestatementimpact": 773000,
        "netincomelossavailabletocommonstockholdersbasic": 195268000,
        "incomelossfromcontinuingoperationsperbasicshare": 0.53,
        "earningspersharebasic": 0.53,
        "weightedaveragenumberofsharesoutstandingbasic": 366820000,
        "incomelossfromcontinuingoperationsperdilutedshare": 0.53,
        "earningspersharediluted": 0.53,
        "weightedaveragenumberofdilutedsharesoutstanding": 382692000,
        "commonstockdividendspersharedeclared": 0.50375,
        "othercomprehensiveincomeunrealizedgainlossonderivativesarisingduringperiodnetoftax": 3507000,
        "othercomprehensiveincomelossreclassificationadjustmentfromaocionderivativesnetoftax": -4668000,
        "othercomprehensiveincomelossnetoftax": 8175000,
        "comprehensiveincomenetoftaxincludingportionattributabletononcontrollinginterest": 212335000,
        "comprehensiveincomenetoftaxattributabletononcontrollinginterest": 765000,
        "comprehensiveincomenetoftax": 211570000,
        "dividendspreferenceunits": 773000,
        "netincomelossallocatedtogeneralpartners": 195268000,
        "netincomelossallocatedtolimitedpartners": 7354000,
        "incomelossincludingportionattributabletononcontrollinginterest": 202622000,
        "weightedaveragelimitedpartnershipandgeneralpartnershipunitsoutstandingbasic": 379733000,
        "distributionsperlimitedpartnershipandgeneralpartnershipunitoutstandingbasic": 0.50375
    },
    {
        "date": "2017-03-30",
        "symbol": "EQR",
        "period": "Q1",
        "operatingleasesincomestatementleaserevenue": 43684000,
        "managementfeesrevenue": 180000,
        "revenues": 7987000,
        "costofpropertyrepairsandmaintenance": 102608000,
        "realestatetaxesandinsurance": 81728000,
        "ownedpropertymanagementcosts": 213000,
        "generalandadministrativeexpense": 25000,
        "depreciation": 4020000,
        "costsandexpenses": 399729000,
        "operatingincomeloss": 26664000,
        "interestandotherincome": 13000,
        "othernonoperatingexpense": 1090000,
        "interestexpensedebt": 2072000,
        "amortizationoffinancingcosts": 68000,
        "incomelossfromcontinuingoperationsbeforeincometaxesminorityinterestandincomelossfromequitymethodinvestments": -1284000,
        "incometaxexpensebenefit": 12000,
        "incomelossfromequitymethodinvestments": -411000,
        "gainslossesonsalesofinvestmentrealestate": 36707000,
        "gainlossonsalesoflandparcels": 19193000,
        "incomelossfromcontinuingoperationsincludingportionattributabletononcontrollinginterest": 149941000,
        "profitloss": -1296000,
        "netincomelossattributabletononcontrollinginterest": 788000,
        "allocationofnetincomelosstononcontrollinginterestspartiallyownedproperties": 788000,
        "netincomeloss": 149153000,
        "dividendspreferredstock": 773000,
        "netincomelossavailabletocommonstockholdersbasic": 142969000,
        "incomelossfromcontinuingoperationsperbasicshare": 0.39,
        "earningspersharebasic": 0.39,
        "weightedaveragenumberofsharesoutstandingbasic": 366605000,
        "incomelossfromcontinuingoperationsperdilutedshare": 0.39,
        "earningspersharediluted": 0.39,
        "weightedaveragenumberofdilutedsharesoutstanding": 382280000,
        "commonstockdividendspersharedeclared": 0.50375,
        "othercomprehensiveincomelossreclassificationadjustmentfromaocionderivativesnetoftax": 4583000,
        "othercomprehensiveincomelossnetoftax": 4583000,
        "comprehensiveincomenetoftaxincludingportionattributabletononcontrollinginterest": 154524000,
        "comprehensiveincomenetoftaxattributabletononcontrollinginterest": 788000,
        "comprehensiveincomenetoftax": 153736000,
        "dividendspreferenceunits": 773000,
        "netincomelossallocatedtogeneralpartners": 142969000,
        "netincomelossallocatedtolimitedpartners": 5411000,
        "incomelossincludingportionattributabletononcontrollinginterest": 148380000,
        "weightedaveragelimitedpartnershipandgeneralpartnershipunitsoutstandingbasic": 379504000,
        "distributionsperlimitedpartnershipandgeneralpartnershipunitoutstandingbasic": 0.50375
    },
    {
        "date": "2016-09-29",
        "symbol": "EQR",
        "period": "Q3",
        "profitloss": 217492000,
        "othercomprehensiveincomeunrealizedgainlossonderivativesarisingduringperiodnetoftax": 227000,
        "othercomprehensiveincomelossreclassificationadjustmentfromaocionderivativesnetoftax": -4340000,
        "othercomprehensiveincomeforeigncurrencytransactionandtranslationgainlossarisingduringperiodnetoftax": 214000,
        "othercomprehensiveincomelossnetoftax": 4781000,
        "comprehensiveincomenetoftaxincludingportionattributabletononcontrollinginterest": 222273000,
        "comprehensiveincomenetoftaxattributabletononcontrollinginterest": 823000,
        "comprehensiveincomenetoftax": 221450000,
        "operatingleasesincomestatementleaserevenue": 239000,
        "managementfeesrevenue": 218000,
        "revenues": 239000,
        "costofpropertyrepairsandmaintenance": -84000,
        "realestatetaxesandinsurance": 1000,
        "ownedpropertymanagementcosts": 19517000,
        "generalandadministrativeexpense": 4000,
        "depreciation": 179230000,
        "costsandexpenses": -79000,
        "operatingincomeloss": 318000,
        "interestandotherincome": 10000,
        "othernonoperatingexpense": 10420000,
        "interestexpensedebt": 6000,
        "amortizationoffinancingcosts": 2261000,
        "incomelossfromcontinuingoperationsbeforeincometaxesminorityinterestandincomelossfromequitymethodinvestments": 115849000,
        "incometaxexpensebenefit": 426000,
        "incomelossfromequitymethodinvestments": 7750000,
        "gainslossesonsalesofinvestmentrealestate": -103000,
        "gainlossonsalesoflandparcels": 4037000,
        "incomelossfromcontinuingoperationsincludingportionattributabletononcontrollinginterest": 217246000,
        "incomelossfromdiscontinuedoperationsnetoftax": 246000,
        "allocationofnetincomelosstononcontrollinginterestspartiallyownedproperties": 823000,
        "netincomeloss": 211000,
        "dividendspreferenceunits": 773000,
        "netincomelossallocatedtogeneralpartners": 219000,
        "netincomelossallocatedtolimitedpartners": 8353000,
        "incomelossincludingportionattributabletononcontrollinginterest": 215896000,
        "incomelossfromcontinuingoperationsperbasicshare": 0.57,
        "earningspersharebasic": 0.57,
        "weightedaveragelimitedpartnershipandgeneralpartnershipunitsoutstandingbasic": 379008000,
        "incomelossfromcontinuingoperationsperdilutedshare": 0.56,
        "earningspersharediluted": 0.56,
        "weightedaveragenumberofdilutedsharesoutstanding": 382373000,
        "distributionsperlimitedpartnershipandgeneralpartnershipunitoutstandingbasic": 3.50375,
        "netincomelossattributabletononcontrollinginterest": 8000,
        "dividendspreferredstock": 773000,
        "netincomelossavailabletocommonstockholdersbasic": 207543000,
        "weightedaveragenumberofsharesoutstandingbasic": 365109000,
        "commonstockdividendspersharedeclared": 3.50375
    },
    {
        "date": "2016-03-30",
        "symbol": "EQR",
        "period": "Q1",
        "profitloss": 6658000,
        "othercomprehensiveincomeunrealizedgainlossonderivativesarisingduringperiodnetoftax": -2906000,
        "othercomprehensiveincomelossreclassificationadjustmentfromaocionderivativesnetoftax": -28654000,
        "othercomprehensiveincomeforeigncurrencytransactionandtranslationgainlossarisingduringperiodnetoftax": 75000,
        "othercomprehensiveincomelossnetoftax": 25823000,
        "comprehensiveincomenetoftaxincludingportionattributabletononcontrollinginterest": 3757654000,
        "comprehensiveincomenetoftaxattributabletononcontrollinginterest": 145070000,
        "comprehensiveincomenetoftax": 3612584000,
        "operatingleasesincomestatementleaserevenue": 30117000,
        "managementfeesrevenue": 2918000,
        "revenues": 30117000,
        "costofpropertyrepairsandmaintenance": 7890000,
        "realestatetaxesandinsurance": 2872000,
        "ownedpropertymanagementcosts": 2000,
        "generalandadministrativeexpense": 1000,
        "depreciation": 15000,
        "costsandexpenses": 10765000,
        "operatingincomeloss": 19352000,
        "interestandotherincome": 2000,
        "othernonoperatingexpense": 2556000,
        "interestexpensedebt": 328000,
        "amortizationoffinancingcosts": 707000,
        "incomelossfromcontinuingoperationsbeforeincometaxesminorityinterestandincomelossfromequitymethodinvestments": 7039000,
        "incometaxexpensebenefit": 12000,
        "incomelossfromequitymethodinvestments": -369000,
        "gainslossesonsalesofinvestmentrealestate": 3161221000,
        "gainlossonsalesoflandparcels": 11722000,
        "incomelossfromcontinuingoperationsincludingportionattributabletononcontrollinginterest": 3731988000,
        "incomelossfromdiscontinuedoperationsnetoftax": -157000,
        "allocationofnetincomelosstononcontrollinginterestspartiallyownedproperties": 764000,
        "netincomeloss": 3057408000,
        "dividendspreferenceunits": 773000,
        "netincomelossallocatedtogeneralpartners": 3179540000,
        "netincomelossallocatedtolimitedpartners": 143309000,
        "incomelossincludingportionattributabletononcontrollinginterest": 3730294000,
        "incomelossfromcontinuingoperationsperbasicshare": 9.84,
        "earningspersharebasic": 9.84,
        "weightedaveragelimitedpartnershipandgeneralpartnershipunitsoutstandingbasic": 378289000,
        "incomelossfromcontinuingoperationsperdilutedshare": 9.76,
        "earningspersharediluted": 9.76,
        "weightedaveragenumberofdilutedsharesoutstanding": 382243000,
        "distributionsperlimitedpartnershipandgeneralpartnershipunitoutstandingbasic": 8.50375,
        "netincomelossattributabletononcontrollinginterest": 122132000,
        "dividendspreferredstock": 773000,
        "netincomelossavailabletocommonstockholdersbasic": 3586985000,
        "weightedaveragenumberofsharesoutstandingbasic": 364592000,
        "commonstockdividendspersharedeclared": 8
    },
    {
        "date": "2015-12-30",
        "symbol": "EQR",
        "period": "Q4",
        "profitloss": 4974000,
        "othercomprehensiveincomeunrealizedgainlossonderivativesarisingduringperiodnetoftax": 423000,
        "othercomprehensiveincomelossreclassificationadjustmentfromaocionderivativesnetoftax": 4597000,
        "othercomprehensiveincomeforeigncurrencytransactionandtranslationgainlossarisingduringperiodnetoftax": -16000,
        "othercomprehensiveincomelossnetoftax": 5004000,
        "comprehensiveincomenetoftaxincludingportionattributabletononcontrollinginterest": 218724000,
        "comprehensiveincomenetoftaxattributabletononcontrollinginterest": 1184000,
        "comprehensiveincomenetoftax": 217540000,
        "operatingleasesincomestatementleaserevenue": -1607926000,
        "managementfeesrevenue": 1974000,
        "revenues": 403308000,
        "costofpropertyrepairsandmaintenance": -286759000,
        "realestatetaxesandinsurance": -206110000,
        "ownedpropertymanagementcosts": -60876000,
        "servicemanagementcosts": 1257000,
        "depreciation": 78365000,
        "generalandadministrativeexpense": -140000,
        "costsandexpenses": -1105659000,
        "operatingincomeloss": 207429000,
        "interestandotherincome": -1000,
        "othernonoperatingexpense": -2804000,
        "interestexpensedebt": -6367000,
        "incomelossfromcontinuingoperationsbeforeincometaxesminorityinterestandincomelossfromequitymethodinvestments": -475000,
        "incomelossfromequitymethodinvestments": -1596000,
        "gainslossesonsalesofinvestmentrealestate": 39442000,
        "incomelossfromcontinuingoperationsincludingportionattributabletononcontrollinginterest": 213673000,
        "incomelossfromdiscontinuedoperationsnetoftax": 47000,
        "netincomelossattributabletononcontrollinginterest": 34274000,
        "allocationofnetincomelosstononcontrollinginterestspartiallyownedproperties": 1184000,
        "netincomeloss": 204486000,
        "dividendspreferredstock": 800000,
        "netincomelossavailabletocommonstockholdersbasic": 202989000,
        "incomelossfromcontinuingoperationsperbasicshare": 0.55,
        "earningspersharebasic": 0.5500000000000002,
        "weightedaveragenumberofsharesoutstandingbasic": 112000,
        "incomelossfromcontinuingoperationsperdilutedshare": 0.5599999999999998,
        "earningspersharediluted": 0.5599999999999995,
        "weightedaveragenumberofdilutedsharesoutstanding": 197000,
        "commonstockdividendspersharedeclared": 0.5525,
        "dividendspreferenceunits": 800000,
        "netincomelossallocatedtogeneralpartners": -448386000,
        "netincomelossallocatedtolimitedpartners": 8050000,
        "incomelossincludingportionattributabletononcontrollinginterest": 211039000,
        "weightedaveragelimitedpartnershipandgeneralpartnershipunitsoutstandingbasic": 104000,
        "distributionsperlimitedpartnershipandgeneralpartnershipunitoutstandingbasic": 0.5525
    },
    {
        "date": "2015-09-29",
        "symbol": "EQR",
        "period": "Q3",
        "profitloss": -853000,
        "othercomprehensiveincomeunrealizedgainlossonderivativesarisingduringperiodnetoftax": 1908000,
        "othercomprehensiveincomelossreclassificationadjustmentfromaocionderivativesnetoftax": 4736000,
        "othercomprehensiveincomeforeigncurrencytransactionandtranslationgainlossarisingduringperiodnetoftax": 191000,
        "othercomprehensiveincomelossnetoftax": 6835000,
        "comprehensiveincomenetoftaxincludingportionattributabletononcontrollinginterest": 212291000,
        "comprehensiveincomenetoftaxattributabletononcontrollinginterest": 986000,
        "comprehensiveincomenetoftax": 211305000,
        "operatingleasesincomestatementleaserevenue": 694245000,
        "managementfeesrevenue": 2044000,
        "revenues": 8207000,
        "costofpropertyrepairsandmaintenance": 122383000,
        "realestatetaxesandinsurance": 84962000,
        "ownedpropertymanagementcosts": 18925000,
        "servicemanagementcosts": 1169000,
        "depreciation": 3092000,
        "generalandadministrativeexpense": 59000,
        "costsandexpenses": 438788000,
        "operatingincomeloss": 1495000,
        "interestandotherincome": -3000,
        "othernonoperatingexpense": 1139000,
        "interestexpensedebt": 11744000,
        "incomelossfromcontinuingoperationsbeforeincometaxesminorityinterestandincomelossfromequitymethodinvestments": -853000,
        "incomelossfromequitymethodinvestments": -365000,
        "gainslossesonsalesofinvestmentrealestate": 66939000,
        "incomelossfromcontinuingoperationsincludingportionattributabletononcontrollinginterest": 205375000,
        "incomelossfromdiscontinuedoperationsnetoftax": 81000,
        "allocationofnetincomelosstononcontrollinginterestspartiallyownedproperties": 986000,
        "netincomeloss": 196692000,
        "dividendspreferenceunits": 833000,
        "netincomelossallocatedtogeneralpartners": 195859000,
        "netincomelossallocatedtolimitedpartners": 7778000,
        "incomelossincludingportionattributabletononcontrollinginterest": 203637000,
        "incomelossfromcontinuingoperationsperbasicshare": 0.54,
        "earningspersharebasic": 0.5399999999999999,
        "weightedaveragelimitedpartnershipandgeneralpartnershipunitsoutstandingbasic": 90000,
        "incomelossfromcontinuingoperationsperdilutedshare": 0.53,
        "earningspersharediluted": 0.5300000000000001,
        "weightedaveragenumberofdilutedsharesoutstanding": 77000,
        "distributionsperlimitedpartnershipandgeneralpartnershipunitoutstandingbasic": 0.5525,
        "netincomelossattributabletononcontrollinginterest": -7778000,
        "dividendspreferredstock": 833000,
        "netincomelossavailabletocommonstockholdersbasic": 195859000,
        "weightedaveragenumberofsharesoutstandingbasic": 98000,
        "commonstockdividendspersharedeclared": 0.5525
    },
    {
        "date": "2015-06-29",
        "symbol": "EQR",
        "period": "Q2",
        "profitloss": -337000,
        "othercomprehensiveincomeunrealizedgainlossonderivativesarisingduringperiodnetoftax": 11676000,
        "othercomprehensiveincomelossreclassificationadjustmentfromaocionderivativesnetoftax": 4573000,
        "othercomprehensiveincomeforeigncurrencytransactionandtranslationgainlossarisingduringperiodnetoftax": -82000,
        "othercomprehensiveincomelossnetoftax": 16167000,
        "comprehensiveincomenetoftaxincludingportionattributabletononcontrollinginterest": 314785000,
        "comprehensiveincomenetoftaxattributabletononcontrollinginterest": 844000,
        "comprehensiveincomenetoftax": 313941000,
        "operatingleasesincomestatementleaserevenue": 676508000,
        "managementfeesrevenue": 2604000,
        "revenues": 8105000,
        "costofpropertyrepairsandmaintenance": 118005000,
        "realestatetaxesandinsurance": 83119000,
        "ownedpropertymanagementcosts": 41662000,
        "servicemanagementcosts": 1274000,
        "depreciation": 3083000,
        "generalandadministrativeexpense": 63000,
        "costsandexpenses": 432928000,
        "operatingincomeloss": 2014000,
        "interestandotherincome": 1000,
        "othernonoperatingexpense": 1770000,
        "interestexpensedebt": -2351000,
        "amortizationoffinancingcosts": 0,
        "incomelossfromcontinuingoperationsbeforeincometaxesminorityinterestandincomelossfromequitymethodinvestments": -337000,
        "incometaxexpensebenefit": 0,
        "incomelossfromequitymethodinvestments": -362000,
        "gainslossesonsalesofinvestmentrealestate": 148802000,
        "gainlossonsalesoflandparcels": 0,
        "incomelossfromcontinuingoperationsincludingportionattributabletononcontrollinginterest": 298553000,
        "incomelossfromdiscontinuedoperationsnetoftax": 65000,
        "allocationofnetincomelosstononcontrollinginterestspartiallyownedproperties": 844000,
        "netincomeloss": 286420000,
        "dividendspreferenceunits": 833000,
        "redemptionpremium": 0,
        "netincomelossallocatedtogeneralpartners": 285587000,
        "netincomelossallocatedtolimitedpartners": 11354000,
        "incomelossincludingportionattributabletononcontrollinginterest": 296941000,
        "incomelossfromcontinuingoperationsperbasicshare": 0.788,
        "earningspersharebasic": 0.787,
        "weightedaveragelimitedpartnershipandgeneralpartnershipunitsoutstandingbasic": 184000,
        "incomelossfromcontinuingoperationsperdilutedshare": 0.782,
        "earningspersharediluted": 0.781,
        "weightedaveragenumberoflimitedpartnershipandgeneralpartnershipunitoutstandingdiluted": 19000,
        "distributionsperlimitedpartnershipandgeneralpartnershipunitoutstandingbasic": 0.5525,
        "netincomelossattributabletononcontrollinginterest": -11354000,
        "dividendspreferredstock": 833000,
        "netincomelossavailabletocommonstockholdersbasic": 285587000,
        "weightedaveragenumberofsharesoutstandingbasic": 190000,
        "weightedaveragenumberofdilutedsharesoutstanding": 19000,
        "commonstockdividendspersharedeclared": 0.5525
    },
    {
        "date": "2015-03-30",
        "symbol": "EQR",
        "period": "Q1",
        "profitloss": -127000,
        "othercomprehensiveincomeunrealizedgainlossonderivativesarisingduringperiodnetoftax": -11788000,
        "othercomprehensiveincomelossreclassificationadjustmentfromaocionderivativesnetoftax": 4338000,
        "othercomprehensiveincomeforeigncurrencytransactionandtranslationgainlossarisingduringperiodnetoftax": -420000,
        "othercomprehensiveincomelossnetoftax": -7870000,
        "comprehensiveincomenetoftaxincludingportionattributabletononcontrollinginterest": 182354000,
        "comprehensiveincomenetoftaxattributabletononcontrollinginterest": 643000,
        "comprehensiveincomenetoftax": 181711000,
        "operatingleasesincomestatementleaserevenue": 664606000,
        "managementfeesrevenue": 1765000,
        "revenues": 7813000,
        "costofpropertyrepairsandmaintenance": 124560000,
        "realestatetaxesandinsurance": 86432000,
        "ownedpropertymanagementcosts": 300000,
        "servicemanagementcosts": 1321000,
        "depreciation": 3076000,
        "generalandadministrativeexpense": 56000,
        "costsandexpenses": 448200000,
        "operatingincomeloss": 2238000,
        "interestandotherincome": 4000,
        "othernonoperatingexpense": -70000,
        "interestexpensedebt": -2346000,
        "amortizationoffinancingcosts": 1000,
        "incomelossfromcontinuingoperationsbeforeincometaxesminorityinterestandincomelossfromequitymethodinvestments": -109000,
        "incometaxexpensebenefit": 18000,
        "incomelossfromequitymethodinvestments": -377000,
        "gainslossesonsalesofinvestmentrealestate": 79951000,
        "gainlossonsalesoflandparcels": -1000,
        "incomelossfromcontinuingoperationsincludingportionattributabletononcontrollinginterest": 190020000,
        "incomelossfromdiscontinuedoperationsnetoftax": 204000,
        "allocationofnetincomelosstononcontrollinginterestspartiallyownedproperties": 643000,
        "netincomeloss": 182522000,
        "dividendspreferenceunits": 891000,
        "redemptionpremium": 2789000,
        "netincomelossallocatedtogeneralpartners": 178842000,
        "netincomelossallocatedtolimitedpartners": 7059000,
        "incomelossincludingportionattributabletononcontrollinginterest": 185901000,
        "incomelossfromcontinuingoperationsperbasicshare": 0.492,
        "earningspersharebasic": 0.493,
        "weightedaveragelimitedpartnershipandgeneralpartnershipunitsoutstandingbasic": 376696000,
        "incomelossfromcontinuingoperationsperdilutedshare": 0.488,
        "earningspersharediluted": 0.489,
        "weightedaveragenumberoflimitedpartnershipandgeneralpartnershipunitoutstandingdiluted": 380327000,
        "distributionsperlimitedpartnershipandgeneralpartnershipunitoutstandingbasic": 0.5525,
        "netincomelossattributabletononcontrollinginterest": -7059000,
        "dividendspreferredstock": 891000,
        "netincomelossavailabletocommonstockholdersbasic": 178842000,
        "weightedaveragenumberofsharesoutstandingbasic": 363098000,
        "weightedaveragenumberofdilutedsharesoutstanding": 380327000,
        "commonstockdividendspersharedeclared": 0.5525
    },
    {
        "date": "2014-09-29",
        "symbol": "EQR",
        "period": "Q3",
        "profitloss": 231190000,
        "othercomprehensiveincomeunrealizedgainlossonderivativesarisingduringperiodnetoftax": 97000,
        "othercomprehensiveincomelossreclassificationadjustmentfromaocionderivativesnetoftax": -4271000,
        "othercomprehensiveincomeforeigncurrencytransactionandtranslationgainlossarisingduringperiodnetoftax": -2184000,
        "othercomprehensiveincomelossnetoftax": 2184000,
        "comprehensiveincomenetoftaxincludingportionattributabletononcontrollinginterest": 233374000,
        "comprehensiveincomenetoftaxattributabletononcontrollinginterest": 708000,
        "comprehensiveincomenetoftax": 232666000,
        "operatingleasesincomestatementleaserevenue": 662001000,
        "managementfeesrevenue": 2077000,
        "revenues": 664078000,
        "costofpropertyrepairsandmaintenance": 120144000,
        "realestatetaxesandinsurance": 80568000,
        "ownedpropertymanagementcosts": 18407000,
        "servicemanagementcosts": 1253000,
        "depreciation": 190469000,
        "generalandadministrativeexpense": 9968000,
        "costsandexpenses": 420809000,
        "operatingincomeloss": 243269000,
        "interestandotherincome": 576000,
        "othernonoperatingexpense": 4971000,
        "interestexpensedebt": 118251000,
        "amortizationoffinancingcosts": 2628000,
        "incomelossfromcontinuingoperationsbeforeincometaxesminorityinterestandincomelossfromequitymethodinvestments": 117995000,
        "incometaxexpensebenefit": 260000,
        "incomelossfromequitymethodinvestments": -1176000,
        "gainlossonsalesoflandparcels": 1052000,
        "incomelossfromcontinuingoperationsincludingportionattributabletononcontrollinginterest": 117611000,
        "incomelossfromdiscontinuedoperationsnetoftax": -62000,
        "incomelossbeforeextraordinaryitemsandcumulativeeffectofchangeinaccountingprinciple": 117549000,
        "gainslossesonsalesofinvestmentrealestate": 113641000,
        "allocationofnetincomelosstononcontrollinginterestspartiallyownedproperties": 708000,
        "netincomeloss": 230482000,
        "dividendspreferenceunits": 1037000,
        "netincomelossallocatedtogeneralpartners": 220707000,
        "netincomelossallocatedtolimitedpartners": 8738000,
        "incomelossincludingportionattributabletononcontrollinginterest": 229445000,
        "incomelossfromcontinuingoperationsperbasicshare": 0.611,
        "earningspersharebasic": 0.611,
        "weightedaveragelimitedpartnershipandgeneralpartnershipunitsoutstandingbasic": 375116000,
        "incomelossfromcontinuingoperationsperdilutedshare": 0.607,
        "earningspersharediluted": 0.607,
        "weightedaveragenumberoflimitedpartnershipandgeneralpartnershipunitoutstandingdiluted": 377954000,
        "distributionsperlimitedpartnershipandgeneralpartnershipunitoutstandingbasic": 0.5,
        "netincomelossattributabletononcontrollinginterest": 8738000,
        "dividendspreferredstock": 1037000,
        "netincomelossavailabletocommonstockholdersbasic": 220707000,
        "weightedaveragenumberofsharesoutstandingbasic": 361409000,
        "weightedaveragenumberofdilutedsharesoutstanding": 377954000,
        "commonstockdividendspersharedeclared": 0.5
    },
    {
        "date": "2014-06-29",
        "symbol": "EQR",
        "period": "Q2",
        "profitloss": 117720000,
        "othercomprehensiveincomeunrealizedgainlossonderivativesarisingduringperiodnetoftax": -9929000,
        "othercomprehensiveincomelossreclassificationadjustmentfromaocionderivativesnetoftax": -4206000,
        "othercomprehensiveincomeforeigncurrencytransactionandtranslationgainlossarisingduringperiodnetoftax": 1627000,
        "othercomprehensiveincomelossnetoftax": -4096000,
        "comprehensiveincomenetoftaxincludingportionattributabletononcontrollinginterest": 113624000,
        "comprehensiveincomenetoftaxattributabletononcontrollinginterest": 588000,
        "comprehensiveincomenetoftax": 113036000,
        "operatingleasesincomestatementleaserevenue": 649766000,
        "managementfeesrevenue": 2802000,
        "revenues": 652568000,
        "costofpropertyrepairsandmaintenance": 115388000,
        "realestatetaxesandinsurance": 83055000,
        "ownedpropertymanagementcosts": 20555000,
        "servicemanagementcosts": 1378000,
        "depreciation": 190136000,
        "generalandadministrativeexpense": 13752000,
        "costsandexpenses": 424264000,
        "operatingincomeloss": 228304000,
        "interestandotherincome": 2032000,
        "othernonoperatingexpense": 1533000,
        "interestexpensedebt": 115924000,
        "amortizationoffinancingcosts": 3134000,
        "incomelossfromcontinuingoperationsbeforeincometaxesminorityinterestandincomelossfromequitymethodinvestments": 109745000,
        "incometaxexpensebenefit": 646000,
        "incomelossfromequitymethodinvestments": -7616000,
        "gainlossonsalesoflandparcels": 824000,
        "incomelossfromcontinuingoperationsincludingportionattributabletononcontrollinginterest": 102307000,
        "incomelossfromdiscontinuedoperationsnetoftax": 510000,
        "incomelossbeforeextraordinaryitemsandcumulativeeffectofchangeinaccountingprinciple": 102817000,
        "gainslossesonsalesofinvestmentrealestate": 14903000,
        "allocationofnetincomelosstononcontrollinginterestspartiallyownedproperties": 588000,
        "netincomeloss": 117132000,
        "dividendspreferenceunits": 1036000,
        "netincomelossallocatedtogeneralpartners": 111654000,
        "netincomelossallocatedtolimitedpartners": 4442000,
        "incomelossincludingportionattributabletononcontrollinginterest": 116096000,
        "incomelossfromcontinuingoperationsperbasicshare": 0.308,
        "earningspersharebasic": 0.309,
        "weightedaveragelimitedpartnershipandgeneralpartnershipunitsoutstandingbasic": 374551000,
        "incomelossfromcontinuingoperationsperdilutedshare": 0.307,
        "earningspersharediluted": 0.308,
        "weightedaveragenumberoflimitedpartnershipandgeneralpartnershipunitoutstandingdiluted": 377118000,
        "distributionsperlimitedpartnershipandgeneralpartnershipunitoutstandingbasic": 0.5,
        "netincomelossattributabletononcontrollinginterest": 4442000,
        "dividendspreferredstock": 1036000,
        "netincomelossavailabletocommonstockholdersbasic": 111654000,
        "weightedaveragenumberofsharesoutstandingbasic": 360809000,
        "weightedaveragenumberofdilutedsharesoutstanding": 377118000,
        "commonstockdividendspersharedeclared": 0.5
    },
    {
        "date": "2014-03-30",
        "symbol": "EQR",
        "period": "Q1",
        "profitloss": 148000,
        "othercomprehensiveincomeunrealizedgainlossonderivativesarisingduringperiodnetoftax": -11952000,
        "othercomprehensiveincomelossreclassificationadjustmentfromaocionderivativesnetoftax": 4129000,
        "othercomprehensiveincomeforeigncurrencytransactionandtranslationgainlossarisingduringperiodnetoftax": 91000,
        "othercomprehensiveincomelossnetoftax": -7732000,
        "comprehensiveincomenetoftaxincludingportionattributabletononcontrollinginterest": 75000000,
        "comprehensiveincomenetoftaxattributabletononcontrollinginterest": 504000,
        "comprehensiveincomenetoftax": 74496000,
        "operatingleasesincomestatementleaserevenue": 630725000,
        "managementfeesrevenue": 2717000,
        "revenues": 468000,
        "costofpropertyrepairsandmaintenance": 125573000,
        "realestatetaxesandinsurance": 82094000,
        "ownedpropertymanagementcosts": 22118000,
        "servicemanagementcosts": 1662000,
        "depreciation": 2782000,
        "generalandadministrativeexpense": -9000,
        "costsandexpenses": 434190000,
        "operatingincomeloss": -68000,
        "interestandotherincome": 3000,
        "othernonoperatingexpense": 657000,
        "interestexpensedebt": -3887000,
        "amortizationoffinancingcosts": -88000,
        "incomelossfromcontinuingoperationsbeforeincometaxesminorityinterestandincomelossfromequitymethodinvestments": 25000,
        "incometaxexpensebenefit": 36000,
        "incomelossfromequitymethodinvestments": -419000,
        "gainlossonsalesoflandparcels": -30000,
        "incomelossfromcontinuingoperationsincludingportionattributabletononcontrollinginterest": 81698000,
        "incomelossfromdiscontinuedoperationsnetoftax": 1034000,
        "allocationofnetincomelosstononcontrollinginterestspartiallyownedproperties": 504000,
        "netincomeloss": 82228000,
        "dividendspreferenceunits": 1036000,
        "netincomelossallocatedtogeneralpartners": 78099000,
        "netincomelossallocatedtolimitedpartners": 3093000,
        "incomelossincludingportionattributabletononcontrollinginterest": 81192000,
        "incomelossfromcontinuingoperationsperbasicshare": 0.214,
        "earningspersharebasic": 0.217,
        "weightedaveragelimitedpartnershipandgeneralpartnershipunitsoutstandingbasic": 374201000,
        "incomelossfromcontinuingoperationsperdilutedshare": 0.213,
        "earningspersharediluted": 0.216,
        "weightedaveragenumberoflimitedpartnershipandgeneralpartnershipunitoutstandingdiluted": 376384000,
        "distributionsperlimitedpartnershipandgeneralpartnershipunitoutstandingbasic": 0.5,
        "netincomelossattributabletononcontrollinginterest": 504000,
        "dividendspreferredstock": 1036000,
        "netincomelossavailabletocommonstockholdersbasic": 78099000,
        "weightedaveragenumberofsharesoutstandingbasic": 360470000,
        "weightedaveragenumberofdilutedsharesoutstanding": 376384000,
        "commonstockdividendspersharedeclared": 0.5
    },
    {
        "date": "2013-09-29",
        "symbol": "EQR",
        "period": "Q3",
        "profitloss": 391717000,
        "othercomprehensiveincomeunrealizedgainlossonderivativesarisingduringperiodnetoftax": -3600000,
        "othercomprehensiveincomelossreclassificationadjustmentfromaocionderivativesnetoftax": -3986000,
        "othercomprehensiveincomeunrealizedholdinggainlossonsecuritiesarisingduringperiodnetoftax": -374000,
        "gainlossonsaleofsecuritiesnet": -830000,
        "othercomprehensiveincomeforeigncurrencytransactionandtranslationgainlossarisingduringperiodnetoftax": -1730000,
        "othercomprehensiveincomelossnetoftax": -2548000,
        "comprehensiveincomenetoftaxincludingportionattributabletononcontrollinginterest": 389169000,
        "comprehensiveincomenetoftaxattributabletononcontrollinginterest": -311000,
        "comprehensiveincomenetoftax": 389480000,
        "operatingleasesincomestatementleaserevenue": 626880000,
        "managementfeesrevenue": 2566000,
        "revenues": 629446000,
        "costofpropertyrepairsandmaintenance": 119632000,
        "realestatetaxesandinsurance": 76255000,
        "ownedpropertymanagementcosts": 18875000,
        "servicemanagementcosts": 1516000,
        "depreciation": 277336000,
        "generalandadministrativeexpense": 14438000,
        "costsandexpenses": 508052000,
        "operatingincomeloss": 121394000,
        "interestandotherincome": 816000,
        "othernonoperatingexpense": 3986000,
        "mergerexpenses": 182000,
        "interestexpensedebt": 120035000,
        "amortizationoffinancingcosts": 4335000,
        "incomelossfromcontinuingoperationsbeforeincometaxesminorityinterestandincomelossfromequitymethodinvestments": -6328000,
        "incometaxexpensebenefit": 493000,
        "incomelossfromequitymethodinvestments": -1454000,
        "incomelossfromequitymethodinvestmentsmergerexpenses": -1771000,
        "gainlossonsalesofunconsolidatedentities": 16000,
        "gainlossonsaleoflandparcels": -2437000,
        "incomelossfromcontinuingoperationsincludingportionattributabletononcontrollinginterest": -12467000,
        "incomelossfromdiscontinuedoperationsnetoftax": 404184000,
        "netincomelossattributabletononcontrollinginterest": 14836000,
        "allocationofnetincomelosstononcontrollinginterestspartiallyownedproperties": -311000,
        "netincomeloss": 392028000,
        "dividendspreferredstock": 1037000,
        "netincomelossavailabletocommonstockholdersbasic": 376155000,
        "incomelossfromcontinuingoperationsperbasicshare": -0.035,
        "earningspersharebasic": 1.045,
        "weightedaveragenumberofsharesoutstandingbasic": 359811000,
        "incomelossfromcontinuingoperationsperdilutedshare": -0.035,
        "earningspersharediluted": 1.045,
        "weightedaveragenumberofdilutedsharesoutstanding": 359811000,
        "commonstockdividendspersharedeclared": 0.4,
        "dividendspreferenceunits": 1037000,
        "netincomelossallocatedtogeneralpartners": 376155000,
        "netincomelossallocatedtolimitedpartners": 14836000,
        "incomelossincludingportionattributabletononcontrollinginterest": 390991000,
        "weightedaveragelimitedpartnershipandgeneralpartnershipunitsoutstandingbasic": 373547000,
        "weightedaveragenumberoflimitedpartnershipandgeneralpartnershipunitoutstandingdiluted": 373547000,
        "distributionsperlimitedpartnershipandgeneralpartnershipunitoutstandingbasic": 0.4
    },
    {
        "date": "2013-06-29",
        "symbol": "EQR",
        "period": "Q2",
        "profitloss": 336732000,
        "othercomprehensiveincomeunrealizedgainlossonderivativesarisingduringperiodnetoftax": 9523000,
        "othercomprehensiveincomelossreclassificationadjustmentonderivativesincludedinnetincomenetoftax": 3826000,
        "othercomprehensiveincomeunrealizedholdinggainlossonsecuritiesarisingduringperiodnetoftax": 501000,
        "othercomprehensiveincomeforeigncurrencytransactionandtranslationgainlossarisingduringperiodnetoftax": 1814000,
        "othercomprehensiveincomelossnetoftax": 15664000,
        "comprehensiveincomenetoftaxincludingportionattributabletononcontrollinginterest": 352396000,
        "comprehensiveincomenetoftaxattributabletononcontrollinginterest": -815000,
        "comprehensiveincomenetoftax": 353211000,
        "operatingleasesincomestatementleaserevenue": 632405000,
        "managementfeesrevenue": 2673000,
        "revenues": 635078000,
        "costofpropertyrepairsandmaintenance": 117819000,
        "realestatetaxesandinsurance": 78547000,
        "ownedpropertymanagementcosts": 22031000,
        "servicemanagementcosts": 1577000,
        "depreciation": 327985000,
        "generalandadministrativeexpense": 16086000,
        "costsandexpenses": 564045000,
        "operatingincomeloss": 71033000,
        "interestandotherincome": 249000,
        "othernonoperatingexpense": 981000,
        "mergerexpenses": 467000,
        "interestexpensedebt": 122950000,
        "amortizationoffinancingcosts": 4353000,
        "incomelossfromcontinuingoperationsbeforeincometaxesminorityinterestandincomelossfromequitymethodinvestments": -57469000,
        "incometaxexpensebenefit": 428000,
        "incomelossfromequitymethodinvestments": -1175000,
        "incomelossfromequitymethodinvestmentsmergerexpenses": -6999000,
        "gainlossonsaleoflandparcels": 14616000,
        "incomelossfromcontinuingoperationsincludingportionattributabletononcontrollinginterest": -51455000,
        "incomelossfromdiscontinuedoperationsnetoftax": 388187000,
        "minorityinterestinnetincomelossoperatingpartnerships": 12788000,
        "allocationofnetincomelosstononcontrollinginterestspartiallyownedproperties": -815000,
        "netincomeloss": 337547000,
        "dividendspreferredstock": 1036000,
        "netincomelossavailabletocommonstockholdersbasic": 323723000,
        "incomelossfromcontinuingoperationsperbasicshare": -0.14,
        "earningspersharebasic": 0.9,
        "weightedaveragenumberofsharesoutstandingbasic": 359653000,
        "incomelossfromcontinuingoperationsperdilutedshare": -0.14,
        "earningspersharediluted": 0.9,
        "weightedaveragenumberofdilutedsharesoutstanding": 359653000,
        "commonstockdividendspersharedeclared": 0.4,
        "dividendspreferenceunits": 1036000,
        "netincomelossallocatedtogeneralpartners": 323723000,
        "netincomelossallocatedtolimitedpartners": 12788000,
        "incomelossincludingportionattributabletononcontrollinginterest": 336511000,
        "weightedaveragelimitedpartnershipandgeneralpartnershipunitsoutstandingbasic": 373403000,
        "weightedaveragenumberoflimitedpartnershipandgeneralpartnershipunitoutstandingdiluted": 373403000,
        "distributionsperlimitedpartnershipandgeneralpartnershipunitoutstandingbasic": 0.4
    },
    {
        "date": "2013-03-30",
        "symbol": "EQR",
        "period": "Q1",
        "profitloss": -53000,
        "othercomprehensiveincomeunrealizedgainlossonderivativesarisingduringperiodnetoftax": 2814000,
        "othercomprehensiveincomelossreclassificationadjustmentonderivativesincludedinnetincomenetoftax": 8272000,
        "othercomprehensiveincomeunrealizedholdinggainlossonsecuritiesarisingduringperiodnetoftax": 427000,
        "othercomprehensiveincomeforeigncurrencytransactionandtranslationgainlossarisingduringperiodnetoftax": -873000,
        "othercomprehensiveincomelossnetoftax": 10640000,
        "comprehensiveincomenetoftaxincludingportionattributabletononcontrollinginterest": 1071674000,
        "comprehensiveincomenetoftaxattributabletononcontrollinginterest": 25000,
        "comprehensiveincomenetoftax": 1071649000,
        "operatingleasesincomestatementleaserevenue": 537002000,
        "managementfeesrevenue": 2160000,
        "revenues": 672000,
        "costofpropertyrepairsandmaintenance": 107083000,
        "realestatetaxesandinsurance": 68647000,
        "ownedpropertymanagementcosts": 22489000,
        "servicemanagementcosts": 1646000,
        "depreciation": 540000,
        "generalandadministrativeexpense": 135000,
        "costsandexpenses": 421633000,
        "operatingincomeloss": -309000,
        "interestandotherincome": 4000,
        "othernonoperatingexpense": 2564000,
        "mergerexpenses": 72500000,
        "interestexpensedebt": -16000,
        "amortizationoffinancingcosts": -50000,
        "incomelossfromcontinuingoperationsbeforeincometaxesminorityinterestandincomelossfromequitymethodinvestments": 2616000,
        "incometaxexpensebenefit": 11000,
        "incomelossfromequitymethodinvestments": -97000,
        "incomelossfromequitymethodinvestmentsmergerexpenses": -46011000,
        "incomelossfromcontinuingoperationsincludingportionattributabletononcontrollinginterest": -153352000,
        "incomelossfromdiscontinuedoperationsnetoftax": 1214386000,
        "minorityinterestinnetincomelossoperatingpartnerships": 43323000,
        "allocationofnetincomelosstononcontrollinginterestspartiallyownedproperties": 25000,
        "netincomeloss": 1061009000,
        "dividendspreferredstock": 1036000,
        "netincomelossavailabletocommonstockholdersbasic": 1016650000,
        "incomelossfromcontinuingoperationsperbasicshare": -0.44,
        "earningspersharebasic": 3.012,
        "weightedaveragenumberofsharesoutstandingbasic": 337532000,
        "incomelossfromcontinuingoperationsperdilutedshare": -0.44,
        "earningspersharediluted": 3.01,
        "weightedaveragenumberofdilutedsharesoutstanding": 337532000,
        "commonstockdividendspersharedeclared": 0.4,
        "dividendspreferenceunits": 1036000,
        "netincomelossallocatedtogeneralpartners": 1016650000,
        "netincomelossallocatedtolimitedpartners": 43323000,
        "incomelossincludingportionattributabletononcontrollinginterest": 1059973000,
        "weightedaveragelimitedpartnershipandgeneralpartnershipunitsoutstandingbasic": 351255000,
        "weightedaveragenumberoflimitedpartnershipandgeneralpartnershipunitoutstandingdiluted": 351255000,
        "distributionsperlimitedpartnershipandgeneralpartnershipunitoutstandingbasic": 0.4
    },
    {
        "date": "2012-09-29",
        "symbol": "EQR",
        "period": "Q3",
        "profitloss": 236323000,
        "othercomprehensiveincomeunrealizedgainlossonderivativesarisingduringperiodnetoftax": -3695000,
        "othercomprehensiveincomelossreclassificationadjustmentonderivativesincludedinnetincomenetoftax": -3704000,
        "othercomprehensiveincomeunrealizedholdinggainlossonsecuritiesarisingduringperiodnetoftax": 312000,
        "othercomprehensiveincomelossnetoftax": 321000,
        "comprehensiveincomenetoftaxincludingportionattributabletononcontrollinginterest": 236644000,
        "comprehensiveincomenetoftaxattributabletononcontrollinginterest": -312000,
        "comprehensiveincomenetoftax": 236956000,
        "operatingleasesincomestatementleaserevenue": 553092000,
        "managementfeesrevenue": 3052000,
        "revenues": 556144000,
        "costofpropertyrepairsandmaintenance": 110679000,
        "realestatetaxesandinsurance": 64235000,
        "ownedpropertymanagementcosts": 18493000,
        "servicemanagementcosts": 1108000,
        "depreciation": 167406000,
        "generalandadministrativeexpense": 10096000,
        "costsandexpenses": 372017000,
        "operatingincomeloss": 184127000,
        "interestandotherincome": 70087000,
        "othernonoperatingexpense": 4094000,
        "interestexpensedebt": 113876000,
        "amortizationoffinancingcosts": 3338000,
        "incomelossfromcontinuingoperationsbeforeincometaxesminorityinterestandincomelossfromequitymethodinvestments": 132906000,
        "incometaxexpensebenefit": 222000,
        "incomelossfromequitymethodinvestments": -3000,
        "incomelossfromcontinuingoperationsincludingportionattributabletononcontrollinginterest": 132681000,
        "incomelossfromdiscontinuedoperationsnetoftax": 103642000,
        "minorityinterestinnetincomelossoperatingpartnerships": 10496000,
        "allocationofnetincomelosstononcontrollinginterestspartiallyownedproperties": -312000,
        "netincomeloss": 236635000,
        "dividendspreferredstock": 2386000,
        "redemptionpremium": 5150000,
        "netincomelossavailabletocommonstockholdersbasic": 218603000,
        "incomelossfromcontinuingoperationsperbasicshare": 0.4,
        "earningspersharebasic": 0.73,
        "weightedaveragenumberofsharesoutstandingbasic": 301336000,
        "incomelossfromcontinuingoperationsperdilutedshare": 0.39,
        "earningspersharediluted": 0.72,
        "weightedaveragenumberofdilutedsharesoutstanding": 318773000,
        "commonstockdividendspersharedeclared": 0.3375,
        "dividendspreferenceunits": 2386000,
        "netincomelossallocatedtogeneralpartners": 218603000,
        "netincomelossallocatedtolimitedpartners": 10496000,
        "incomelossincludingportionattributabletononcontrollinginterest": 229099000,
        "weightedaveragelimitedpartnershipandgeneralpartnershipunitsoutstandingbasic": 315513000,
        "weightedaveragenumberoflimitedpartnershipandgeneralpartnershipunitoutstandingdiluted": 318773000,
        "distributionsperlimitedpartnershipandgeneralpartnershipunitoutstandingbasic": 0.3375
    },
    {
        "date": "2012-06-29",
        "symbol": "EQR",
        "period": "Q2",
        "profitloss": 108315000,
        "othercomprehensiveincomeunrealizedgainlossonderivativesarisingduringperiodnetoftax": -11860000,
        "othercomprehensiveincomereclassificationadjustmentonderivativesincludedinnetincomenetoftax": -3640000,
        "othercomprehensiveincomeunrealizedholdinggainlossonsecuritiesarisingduringperiodnetoftax": 118000,
        "othercomprehensiveincomelossnetoftaxperiodincreasedecrease": -8102000,
        "comprehensiveincomenetoftaxincludingportionattributabletononcontrollinginterest": 100213000,
        "comprehensiveincomenetoftaxattributabletononcontrollinginterest": 319000,
        "comprehensiveincomenetoftax": 99894000,
        "operatingleasesincomestatementleaserevenue": 541569000,
        "managementfeesrevenue": 2212000,
        "revenues": 543781000,
        "costofpropertyrepairsandmaintenance": 107024000,
        "realestatetaxesandinsurance": 63126000,
        "ownedpropertymanagementcosts": 21008000,
        "servicemanagementcosts": 1180000,
        "depreciation": 172338000,
        "generalandadministrativeexpense": 13394000,
        "costsandexpenses": 378070000,
        "operatingincomeloss": 165711000,
        "interestandotherincome": 259000,
        "othernonoperatingexpense": 9517000,
        "interestexpensedebt": 115618000,
        "amortizationoffinancingcosts": 4063000,
        "incomelossfromcontinuingoperationsbeforeincometaxesminorityinterestandincomelossfromequitymethodinvestments": 36772000,
        "incometaxexpensebenefit": 214000,
        "incomelossfromcontinuingoperationsincludingportionattributabletononcontrollinginterest": 36558000,
        "incomelossfromdiscontinuedoperationsnetoftax": 71757000,
        "minorityinterestinnetincomelossoperatingpartnerships": 4732000,
        "allocationofnetincomelosstononcontrollinginterestspartiallyownedproperties": 319000,
        "netincomeloss": 107996000,
        "dividendspreferredstock": 3467000,
        "netincomelossavailabletocommonstockholdersbasic": 99797000,
        "incomelossfromcontinuingoperationsperbasicshare": 0.104,
        "earningspersharebasic": 0.332,
        "weightedaveragenumberofsharesoutstandingbasic": 300193000,
        "incomelossfromcontinuingoperationsperdilutedshare": 0.103,
        "earningspersharediluted": 0.329,
        "weightedaveragenumberofdilutedsharesoutstanding": 317648000,
        "commonstockdividendspersharedeclared": 0.3375,
        "dividendspreferenceunits": 3467000,
        "netincomelossallocatedtogeneralpartners": 99797000,
        "netincomelossallocatedtolimitedpartners": 4732000,
        "incomelossincludingportionattributabletononcontrollinginterest": 104529000,
        "incomelossesfromcontinuingoperationsperoutstandinglimitedpartnershipandgeneralpartnershipunitbasic": 0.104,
        "netincomelossperoutstandinglimitedpartnershipandgeneralpartnershipunitbasic": 0.332,
        "weightedaveragelimitedpartnershipandgeneralpartnershipunitsoutstandingbasic": 314255000,
        "incomelossfromcontinuingoperationsperoutstandinglimitedpartnershipandgeneralpartnershipunitsdiluted": 0.103,
        "netincomelossperoutstandinglimitedpartnershipandgeneralpartnershipunitsdiluted": 0.329,
        "weightedaveragenumberoflimitedpartnershipandgeneralpartnershipunitoutstandingdiluted": 317648000,
        "distributionsperlimitedpartnershipandgeneralpartnershipunitoutstandingbasic": 0.3375
    },
    {
        "date": "2012-03-30",
        "symbol": "EQR",
        "period": "Q1",
        "profitloss": 487000,
        "othercomprehensiveincomeunrealizedgainlossonderivativesarisingduringperiodnetoftax": 3218000,
        "othercomprehensiveincomereclassificationadjustmentonderivativesincludedinnetincomenetoftax": 3563000,
        "othercomprehensiveincomeunrealizedholdinggainlossonsecuritiesarisingduringperiodnetoftax": -36000,
        "othercomprehensiveincomelossnetoftaxperiodincreasedecrease": 6745000,
        "comprehensiveincomenetoftaxincludingportionattributabletononcontrollinginterest": 158912000,
        "comprehensiveincomenetoftaxattributabletononcontrollinginterest": 6868000,
        "comprehensiveincomenetoftax": 158462000,
        "othercomprehensiveincomeloss": 6745000,
        "comprehensiveincomenetoftaxattributabletononcontrollinginterestpartiallyownedproperties": -450000,
        "operatingleasesincomestatementleaserevenue": 525595000,
        "managementfeesrevenue": 2064000,
        "revenues": 2349000,
        "costofpropertyrepairsandmaintenance": 112379000,
        "realestatetaxesandinsurance": 55987000,
        "ownedpropertymanagementcosts": 23409000,
        "servicemanagementcosts": 1307000,
        "depreciation": 4914000,
        "generalandadministrativeexpense": 13000,
        "costsandexpenses": 381507000,
        "operatingincomeloss": 7233000,
        "interestandotherincome": 1000,
        "othernonoperatingexpense": 7067000,
        "interestexpensedebt": 337000,
        "amortizationoffinancingcosts": 107000,
        "incomelossfromcontinuingoperationsbeforeincometaxesminorityinterestandincomelossfromequitymethodinvestments": 4330000,
        "incometaxexpensebenefit": 47000,
        "incomelossfromcontinuingoperationsincludingportionattributabletononcontrollinginterest": 17389000,
        "incomelossfromdiscontinuedoperationsnetoftax": 134778000,
        "minorityinterestinnetincomelossoperatingpartnerships": 6418000,
        "allocationofnetincomelosstononcontrollinginterestspartiallyownedproperties": 450000,
        "netincomeloss": 151717000,
        "dividendspreferredstock": 3466000,
        "netincomelossavailabletocommonstockholdersbasic": 141833000,
        "incomelossfromcontinuingoperationsperbasicshare": 0.043,
        "earningspersharebasic": 0.475,
        "weightedaveragenumberofsharesoutstandingbasic": 298805000,
        "incomelossfromcontinuingoperationsperdilutedshare": 0.043,
        "earningspersharediluted": 0.47,
        "weightedaveragenumberofdilutedsharesoutstanding": 315230000,
        "commonstockdividendspersharedeclared": 0.3375,
        "dividendspreferenceunits": 3466000,
        "netincomelossallocatedtogeneralpartners": 141833000,
        "netincomelossallocatedtolimitedpartners": 6418000,
        "incomelossincludingportionattributabletononcontrollinginterest": 148251000,
        "incomelossesfromcontinuingoperationsperoutstandinglimitedpartnershipandgeneralpartnershipunitbasic": 0.043,
        "netincomelossperoutstandinglimitedpartnershipandgeneralpartnershipunitbasic": 0.475,
        "weightedaveragelimitedpartnershipandgeneralpartnershipunitsoutstandingbasic": 312011000,
        "incomelossfromcontinuingoperationsperoutstandinglimitedpartnershipandgeneralpartnershipunitsdiluted": 0.043,
        "netincomelossperoutstandinglimitedpartnershipandgeneralpartnershipunitsdiluted": 0.47,
        "weightedaveragenumberoflimitedpartnershipandgeneralpartnershipunitoutstandingdiluted": 315230000,
        "distributionsperlimitedpartnershipandgeneralpartnershipunitoutstandingbasic": 0.3375
    },
    {
        "date": "2011-06-29",
        "symbol": "EQR",
        "period": "Q2",
        "operatingleasesincomestatementleaserevenue": 3777000,
        "managementfeesrevenue": 1948000,
        "revenues": 498059000,
        "costofpropertyrepairsandmaintenance": 103092000,
        "realestatetaxesandinsurance": 56701000,
        "ownedpropertymanagementcosts": 20767000,
        "servicemanagementcosts": 1009000,
        "depreciation": 159087000,
        "generalandadministrativeexpense": 10908000,
        "costsandexpenses": 351564000,
        "operatingincomeloss": 146495000,
        "interestandotherincome": 281000,
        "othernonoperatingexpense": 4626000,
        "interestexpensedebt": 120525000,
        "amortizationoffinancingcosts": 4444000,
        "incomelossfromcontinuingoperationsbeforeincometaxesminorityinterestandincomelossfromequitymethodinvestments": 17181000,
        "incometaxexpensebenefit": 203000,
        "gainlossonsaleoflandparcels": 4217000,
        "incomelossfromcontinuingoperationsincludingportionattributabletononcontrollinginterest": 21195000,
        "incomelossfromdiscontinuedoperationsnetoftax": 560558000,
        "profitloss": 581753000,
        "minorityinterestinnetincomelossoperatingpartnerships": 25758000,
        "allocationofnetincomelosstononcontrollinginterestspartiallyownedproperties": -71000,
        "netincomeloss": 581682000,
        "dividendspreferredstock": 3467000,
        "netincomelossavailabletocommonstockholdersbasic": 552457000,
        "incomelossfromcontinuingoperationsperbasicshare": 0.06,
        "earningspersharebasic": 1.875,
        "weightedaveragenumberofsharesoutstandingbasic": 294663000,
        "incomelossfromcontinuingoperationsperdilutedshare": 0.057,
        "earningspersharediluted": 1.852,
        "weightedaveragenumberofdilutedsharesoutstanding": 312199000,
        "commonstockdividendspersharedeclared": 0.3375,
        "othercomprehensiveincomeunrealizedgainlossonderivativesarisingduringperiodnetoftax": -31201000,
        "othercomprehensiveincomereclassificationadjustmentonderivativesincludedinnetincomenetoftax": -935000,
        "othercomprehensiveincomeunrealizedholdinggainlossonsecuritiesarisingduringperiodnetoftax": 347000,
        "othercomprehensiveincomeloss": -29919000,
        "comprehensiveincomenetoftaxincludingportionattributabletononcontrollinginterest": 551834000,
        "comprehensiveincomenetoftaxattributabletononcontrollinginterest": 25829000,
        "comprehensiveincomenetoftax": 551763000,
        "paymentsofdividendspreferenceunits": 3467000,
        "netincomelossallocatedtogeneralpartners": 552457000,
        "netincomelossallocatedtolimitedpartners": 25758000,
        "incomelossincludingportionattributabletononcontrollinginterest": 578215000,
        "incomelossfromcontinuingoperationsperoutstandinglimitedpartnershipandgeneralpartnershipunitbasicanddiluted": 0.06,
        "netincomelossperoutstandinglimitedpartnershipandgeneralpartnershipunitbasic": 1.875,
        "weightedaveragelimitedpartnershipandgeneralpartnershipunitsoutstandingbasic": 307954000,
        "incomelossfromcontinuingoperationsperoutstandinglimitedpartnershipandgeneralpartnershipunitsdiluted": 0.06,
        "netincomelossperoutstandinglimitedpartnershipandgeneralpartnershipunitsdiluted": 1.85,
        "weightedaveragenumberoflimitedpartnershipandgeneralpartnershipunitoutstandingdiluted": 312199000,
        "distributionsperlimitedpartnershipandgeneralpartnershipunitoutstandingbasic": 0.3375,
        "comprehensiveincomenetoftaxincludingportionattributabletononcontrollinginterestpartiallyownedproperties": -71000
    },
    {
        "date": "2011-03-30",
        "symbol": "EQR",
        "period": "Q1",
        "operatingleasesincomestatementleaserevenue": 518817000,
        "managementfeesrevenue": 1806000,
        "revenues": 2992000,
        "costofpropertyrepairsandmaintenance": 128357000,
        "realestatetaxesandinsurance": 56024000,
        "ownedpropertymanagementcosts": 22381000,
        "feeandassetmanagementexpenses": 948000,
        "depreciation": -2189000,
        "generalandadministrativeexpense": -19000,
        "costsandexpenses": 387113000,
        "operatingincomeloss": -180000,
        "interestandotherincome": 5000,
        "othernonoperatingexpense": 124000,
        "interestexpensedebt": 3882000,
        "amortizationoffinancingcosts": 601000,
        "incomelossfromcontinuingoperationsbeforeincometaxesminorityinterestandincomelossfromequitymethodinvestments": -551000,
        "incometaxexpensebenefit": 45000,
        "incomelossfromcontinuingoperationsincludingportionattributabletononcontrollinginterest": 7727000,
        "incomelossfromdiscontinuedoperationsnetoftax": 125339000,
        "profitloss": -2129000,
        "minorityinterestinnetincomelossoperatingpartnerships": 5775000,
        "allocationofnetincomelosstononcontrollinginterestspartiallyownedproperties": 40000,
        "netincomeloss": 127331000,
        "preferredstockdividends": 3466000,
        "netincomelossavailabletocommonstockholdersbasic": 123865000,
        "incomelossfromcontinuingoperationsperbasicshare": 0.01,
        "earningspersharebasic": 0.42,
        "weightedaveragenumberofsharesoutstandingbasic": 292895000,
        "incomelossfromcontinuingoperationsperdilutedshare": 0.01,
        "earningspersharediluted": 0.42,
        "weightedaveragenumberofdilutedsharesoutstanding": 310467000,
        "commonstockdividendspersharedeclared": 0.3375,
        "othercomprehensiveincomeunrealizedgainlossonderivativesarisingduringperiodnetoftax": 6082000,
        "othercomprehensiveincomereclassificationadjustmentonderivativesincludedinnetincomenetoftax": -956000,
        "othercomprehensiveincomeunrealizedholdinggainlossonsecuritiesarisingduringperiodnetoftax": 146000,
        "comprehensiveincomenetoftaxincludingportionattributabletononcontrollinginterest": 140250000,
        "comprehensiveincomenetoftaxattributabletononcontrollinginterest": 5735000,
        "comprehensiveincomenetoftax": 134515000
    },
    {
        "date": "2010-12-30",
        "symbol": "EQR",
        "period": "Q4",
        "operatingleasesincomestatementleaserevenue": 466656000,
        "managementfeesrevenue": 1880000,
        "costofpropertyrepairsandmaintenance": 111427000,
        "realestatetaxesandinsurance": 50965000,
        "ownedpropertymanagementcosts": 20578000,
        "feeandassetmanagementexpenses": 776000,
        "depreciation": -488516000,
        "generalandadministrativeexpense": -30984000,
        "costsandexpenses": 393856000,
        "operatingincomeloss": -346273000,
        "othernonoperatingexpense": -9020000,
        "interestexpensedebt": -347374000,
        "amortizationoffinancingcosts": -7735000,
        "incomelossfromcontinuingoperationsbeforeincometaxesminorityinterestandincomelossfromequitymethodinvestments": -4658000,
        "incometaxexpensebenefit": 304000,
        "incomelossfromequitymethodinvestments": 0,
        "incomelossfromcontinuingoperationsincludingportionattributabletononcontrollinginterest": -46926000,
        "incomelossfromdiscontinuedoperationsnetoftax": 245138000,
        "profitloss": -108484000,
        "minorityinterestinnetincomelossoperatingpartnerships": 8932000,
        "allocationofnetincomelosstononcontrollinginterestspartiallyownedproperties": 973000,
        "netincomeloss": 189383000,
        "preferredstockdividends": 3513000,
        "netincomelossavailabletocommonstockholdersbasic": 185870000,
        "incomelossfromcontinuingoperationsperbasicshare": -0.165,
        "earningspersharebasic": 0.659,
        "weightedaveragenumberofsharesoutstandingbasic": -562691000,
        "incomelossfromcontinuingoperationsperdilutedshare": -0.165,
        "earningspersharediluted": 0.6599999999999999,
        "weightedaveragenumberofdilutedsharesoutstanding": -597778000,
        "othercomprehensiveincomeunrealizedgainlossonderivativesarisingduringperiodnetoftax": 57578000,
        "othercomprehensiveincomereclassificationadjustmentonderivativesincludedinnetincomenetoftax": -959000,
        "comprehensiveincomenetoftaxincludingportionattributabletononcontrollinginterest": 256858000,
        "comprehensiveincomenetoftaxattributabletononcontrollinginterest": 8829000,
        "comprehensiveincomenetoftax": 248029000
    },
    {
        "date": "2010-09-29",
        "symbol": "EQR",
        "period": "Q3",
        "operatingleasesincomestatementleaserevenue": 525228000,
        "managementfeesrevenue": 2128000,
        "salesrevenuenet": 527356000,
        "costofpropertyrepairsandmaintenance": 135000000,
        "realestatetaxesandinsurance": 61189000,
        "ownedpropertymanagementcosts": 19401000,
        "feeandassetmanagementexpenses": 704000,
        "depreciation": 173642000,
        "generalandadministrativeexpense": 10224000,
        "costsandexpenses": 400160000,
        "operatingincomeloss": 127196000,
        "interestandotherincome": 208000,
        "othernonoperatingexpense": 3487000,
        "interestexpensedebt": 122854000,
        "amortizationoffinancingcosts": 2457000,
        "incomelossfromcontinuingoperationsbeforeincometaxesminorityinterestandincomelossfromequitymethodinvestments": -1394000,
        "incometaxexpensebenefit": -293000,
        "incomelossfromequitymethodinvestments": 188000,
        "gainlossonsaleofequitymethodinvestments": 22544000,
        "gainlossonsaleofunconsolidatedproperty": -1161000,
        "incomelossfromcontinuingoperationsincludingportionattributabletononcontrollinginterest": 19884000,
        "incomelossfromdiscontinuedoperationsnetoftax": 9942000,
        "profitloss": 29826000,
        "minorityinterestinnetincomelossoperatingpartnerships": 1231000,
        "allocationofnetincomelosstononcontrollinginterestspartiallyownedproperties": 188000,
        "netincomeloss": 28783000,
        "preferredstockdividends": 3617000,
        "netincomelossavailabletocommonstockholdersbasic": 25166000,
        "incomelossfromcontinuingoperationsperbasicshare": 0.055,
        "earningspersharebasic": 0.089,
        "weightedaveragenumberofsharesoutstandingbasic": 282717000,
        "incomelossfromcontinuingoperationsperdilutedshare": 0.055,
        "earningspersharediluted": 0.088,
        "weightedaveragenumberofdilutedsharesoutstanding": 300379000,
        "commonstockdividendspersharedeclared": 0.3375,
        "othercomprehensiveincomeunrealizedgainlossonderivativesarisingduringperiodnetoftax": -37726000,
        "othercomprehensiveincomereclassificationadjustmentonderivativesincludedinnetincomenetoftax": -914000,
        "othercomprehensiveincomeunrealizedholdinggainlossonsecuritiesarisingduringperiodnetoftax": 14000,
        "comprehensiveincomenetoftaxincludingportionattributabletononcontrollinginterest": -6972000,
        "comprehensiveincomenetoftaxattributabletononcontrollinginterest": 1043000,
        "comprehensiveincomenetoftax": -8015000
    },
    {
        "date": "2010-06-29",
        "symbol": "EQR",
        "period": "Q2",
        "operatingleasesincomestatementleaserevenue": 507891000,
        "managementfeesrevenue": 3046000,
        "revenues": 510937000,
        "costofpropertyrepairsandmaintenance": 125454000,
        "realestatetaxesandinsurance": 56957000,
        "ownedpropertymanagementcosts": 20467000,
        "feeandassetmanagementexpenses": 1646000,
        "depreciation": 174794000,
        "generalandadministrativeexpense": 10090000,
        "costsandexpenses": 389408000,
        "operatingincomeloss": 121529000,
        "investmentincomeinterest": 2892000,
        "othernonoperatingexpense": 1643000,
        "interestexpensedebt": 115819000,
        "amortizationoffinancingcosts": 2319000,
        "incomelossfromcontinuingoperationsbeforeincometaxesminorityinterestandincomelossfromequitymethodinvestments": 4640000,
        "incometaxexpensebenefit": -146000,
        "incomelossfromequitymethodinvestments": -459000,
        "gainlossonsaleofstockinsubsidiaryorequitymethodinvestee": 5079000,
        "incomelossfromcontinuingoperationsincludingportionattributabletononcontrollinginterest": 9406000,
        "incomelossfromdiscontinuedoperationsnetoftax": 683000,
        "profitloss": 10089000,
        "minorityinterestinnetincomelossoperatingpartnerships": 313000,
        "allocationofnetincomelosstononcontrollinginterestspartiallyownedproperties": -185000,
        "netincomeloss": 9961000,
        "preferredstockdividends": 3618000,
        "netincomelossavailabletocommonstockholdersbasic": 6343000,
        "incomelossfromcontinuingoperationsperbasicshare": 0.02,
        "earningspersharebasic": 0.022,
        "weightedaveragenumberofsharesoutstandingbasic": 282217000,
        "incomelossfromcontinuingoperationsperdilutedshare": 0.02,
        "earningspersharediluted": 0.022,
        "weightedaveragenumberofdilutedsharesoutstanding": 299642000,
        "commonstockdividendspersharedeclared": 0.3375,
        "othercomprehensiveincomeunrealizedgainlossonderivativesarisingduringperiodnetoftax": -72243000,
        "othercomprehensiveincomereclassificationadjustmentonderivativesincludedinnetincomenetoftax": -739000,
        "othercomprehensiveincomeavailableforsalesecuritiesadjustmentnetoftaxperiodincreasedecrease": 93000,
        "comprehensiveincomenetoftaxincludingportionattributabletononcontrollinginterest": -61322000,
        "comprehensiveincomenetoftaxattributabletononcontrollinginterest": 128000,
        "comprehensiveincomenetoftax": -61450000
    },
    {
        "date": "2010-03-30",
        "symbol": "EQR",
        "period": "Q1",
        "operatingleasesincomestatementleaserevenue": 486268000,
        "managementfeesrevenue": 2422000,
        "revenues": 488690000,
        "costofpropertyrepairsandmaintenance": 126753000,
        "realestatetaxesandinsurance": 57607000,
        "ownedpropertymanagementcosts": 20680000,
        "feeandassetmanagementexpenses": 2014000,
        "depreciation": 152319000,
        "generalandadministrativeexpense": 10721000,
        "costsandexpenses": 370094000,
        "operatingincomeloss": 118596000,
        "investmentincomeinterest": 2225000,
        "othernonoperatingexpense": 4383000,
        "interestexpensedebt": 115297000,
        "amortizationoffinancingcosts": 3197000,
        "incomelossfromcontinuingoperationsbeforeincometaxesminorityinterestandincomelossfromequitymethodinvestments": -2056000,
        "incometaxexpensebenefit": 166000,
        "incomelossfromequitymethodinvestments": -464000,
        "gainlossonsaleofstockinsubsidiaryorequitymethodinvestee": 478000,
        "incomelossfromcontinuingoperationsincludingportionattributabletononcontrollinginterest": -2208000,
        "incomelossfromdiscontinuedoperationsnetoftax": 60064000,
        "profitloss": 57856000,
        "minorityinterestinnetincomelossoperatingpartnerships": 2623000,
        "allocationofnetincomelosstononcontrollinginterestspartiallyownedproperties": -250000,
        "netincomeloss": 55483000,
        "preferredstockdividends": 3620000,
        "netincomelossavailabletocommonstockholdersbasic": 51863000,
        "incomelossfromcontinuingoperationsperbasicshare": -0.02,
        "earningspersharebasic": 0.18,
        "weightedaveragenumberofsharesoutstandingbasic": 280645000,
        "incomelossfromcontinuingoperationsperdilutedshare": -0.02,
        "earningspersharediluted": 0.18,
        "weightedaveragenumberofdilutedsharesoutstanding": 280645000,
        "commonstockdividendspersharedeclared": 0.3375,
        "othercomprehensiveincomeunrealizedgainlossonderivativesarisingduringperiodnetoftax": -13503000,
        "othercomprehensiveincomereclassificationadjustmentonderivativesincludedinnetincomenetoftax": -726000,
        "othercomprehensiveincomeavailableforsalesecuritiesadjustmentnetoftaxperiodincreasedecrease": -159000,
        "comprehensiveincomenetoftaxincludingportionattributabletononcontrollinginterest": 44920000,
        "comprehensiveincomenetoftaxattributabletononcontrollinginterest": 2373000,
        "comprehensiveincomenetoftax": 42547000
    }
]