[
    {
        "date": "2024-09-29",
        "symbol": "MRK",
        "period": "Q3",
        "revenues": 16657000000,
        "costofgoodsandservicessold": 204000000,
        "sellinggeneralandadministrativeexpense": 5000000,
        "researchanddevelopmentexpense": 5716000000,
        "restructuringcharges": 56000000,
        "othernonoperatingincomeexpense": 162000000,
        "costsexpensesandother": 12567000000,
        "incomelossfromcontinuingoperationsbeforeincometaxesextraordinaryitemsnoncontrollinginterest": 4090000000,
        "incometaxexpensebenefit": 929000000,
        "profitloss": 3161000000,
        "netincomelossattributabletononcontrollinginterest": 4000000,
        "netincomeloss": 3157000000,
        "earningspersharebasic": 1.25,
        "earningspersharediluted": 1.24,
        "othercomprehensiveincomelosscashflowhedgegainlossafterreclassificationandtaxparent": -296000000,
        "othercomprehensiveincomedefinedbenefitplansadjustmentnetoftaxportionattributabletoparent": 13000000,
        "othercomprehensiveincomeforeigncurrencytransactionandtranslationadjustmentnetoftaxportionattributabletoparent": 299000000,
        "othercomprehensiveincomelossnetoftaxportionattributabletoparent": -10000000,
        "comprehensiveincomenetoftax": 3147000000
    },
    {
        "date": "2024-06-29",
        "symbol": "MRK",
        "period": "Q2",
        "revenues": 16112000000,
        "costofgoodsandservicessold": 3745000000,
        "sellinggeneralandadministrativeexpense": 2739000000,
        "researchanddevelopmentexpense": 3500000000,
        "restructuringcharges": 80000000,
        "othernonoperatingincomeexpense": -42000000,
        "costsexpensesandother": 10106000000,
        "incomelossfromcontinuingoperationsbeforeincometaxesextraordinaryitemsnoncontrollinginterest": 6006000000,
        "incometaxexpensebenefit": 545000000,
        "profitloss": 5461000000,
        "netincomelossattributabletononcontrollinginterest": 6000000,
        "netincomeloss": 5455000000,
        "earningspersharebasic": 2.15,
        "earningspersharediluted": 2.14,
        "othercomprehensiveincomelosscashflowhedgegainlossafterreclassificationandtaxparent": 67000000,
        "othercomprehensiveincomedefinedbenefitplansadjustmentnetoftaxportionattributabletoparent": 10000000,
        "othercomprehensiveincomeforeigncurrencytransactionandtranslationadjustmentnetoftaxportionattributabletoparent": -144000000,
        "othercomprehensiveincomelossnetoftaxportionattributabletoparent": -87000000,
        "comprehensiveincomenetoftax": 5368000000
    },
    {
        "date": "2024-03-30",
        "symbol": "MRK",
        "period": "Q1",
        "revenues": 15775000000,
        "costofgoodsandservicessold": 3540000000,
        "sellinggeneralandadministrativeexpense": 2483000000,
        "researchanddevelopmentexpense": 3992000000,
        "restructuringcharges": 123000000,
        "othernonoperatingincomeexpense": 33000000,
        "costsexpensesandother": 10105000000,
        "incomelossfromcontinuingoperationsbeforeincometaxesextraordinaryitemsnoncontrollinginterest": 5670000000,
        "incometaxexpensebenefit": 903000000,
        "profitloss": 4767000000,
        "netincomelossattributabletononcontrollinginterest": 5000000,
        "netincomeloss": 4762000000,
        "earningspersharebasic": 1.88,
        "earningspersharediluted": 1.87,
        "othercomprehensiveincomelosscashflowhedgegainlossafterreclassificationandtaxparent": 130000000,
        "othercomprehensiveincomedefinedbenefitplansadjustmentnetoftaxportionattributabletoparent": 5000000,
        "othercomprehensiveincomeforeigncurrencytransactionandtranslationadjustmentnetoftaxportionattributabletoparent": -238000000,
        "othercomprehensiveincomelossnetoftaxportionattributabletoparent": -113000000,
        "comprehensiveincomenetoftax": 4649000000
    },
    {
        "date": "2023-09-29",
        "symbol": "MRK",
        "period": "Q3",
        "revenues": 44449000000,
        "costofgoodsandservicessold": 11892000000,
        "sellinggeneralandadministrativeexpense": 7649000000,
        "researchanddevelopmentexpense": 3563000000,
        "restructuringcharges": 126000000,
        "othernonoperatingincomeexpense": -127000000,
        "costsexpensesandother": 10343000000,
        "incomelossfromcontinuingoperationsbeforeincometaxesextraordinaryitemsnoncontrollinginterest": 3752000000,
        "incometaxexpensebenefit": 870000000,
        "profitloss": 4750000000,
        "netincomeloss": 4745000000,
        "earningspersharebasic": 1.8699999999999999,
        "earningspersharediluted": 1.86,
        "othercomprehensiveincomelosscashflowhedgegainlossafterreclassificationandtaxparent": 159000000,
        "othercomprehensiveincomedefinedbenefitplansadjustmentnetoftaxportionattributabletoparent": 0,
        "othercomprehensiveincomeforeigncurrencytransactionandtranslationadjustmentnetoftaxportionattributabletoparent": -175000000,
        "othercomprehensiveincomelossnetoftaxportionattributabletoparent": -79000000,
        "comprehensiveincomenetoftax": 4729000000
    },
    {
        "date": "2023-06-29",
        "symbol": "MRK",
        "period": "Q2",
        "revenues": 491000000,
        "costofgoodsandservicessold": 101000000,
        "sellinggeneralandadministrativeexpense": 24000000,
        "researchanddevelopmentexpense": 13194000000,
        "restructuringcharges": 151000000,
        "othernonoperatingincomeexpense": -172000000,
        "costsexpensesandother": 20370000000,
        "incomelossfromcontinuingoperationsbeforeincometaxesextraordinaryitemsnoncontrollinginterest": 19000000,
        "incometaxexpensebenefit": 637000000,
        "profitloss": -5972000000,
        "incomelossfromcontinuingoperationsattributabletononcontrollingentity": 3000000,
        "netincomeloss": -5975000000,
        "earningspersharebasic": -2.35,
        "earningspersharediluted": -2.35,
        "othercomprehensiveincomelosscashflowhedgegainlossafterreclassificationandtaxparent": 145000000,
        "othercomprehensiveincomedefinedbenefitplansadjustmentnetoftaxportionattributabletoparent": 25000000,
        "othercomprehensiveincomeforeigncurrencytransactionandtranslationadjustmentnetoftaxportionattributabletoparent": -137000000,
        "othercomprehensiveincomelossnetoftaxportionattributabletoparent": -137000000,
        "comprehensiveincomenetoftax": -5992000000
    },
    {
        "date": "2023-03-30",
        "symbol": "MRK",
        "period": "Q1",
        "revenues": 545000000,
        "costofgoodsandservicessold": 221000000,
        "sellinggeneralandadministrativeexpense": 27000000,
        "researchanddevelopmentexpense": 4147000000,
        "restructuringcharges": 67000000,
        "othernonoperatingincomeexpense": -89000000,
        "costsexpensesandother": 10837000000,
        "incomelossfromcontinuingoperationsbeforeincometaxesextraordinaryitemsnoncontrollinginterest": 164000000,
        "incometaxexpensebenefit": 825000000,
        "profitloss": 2825000000,
        "incomelossfromcontinuingoperationsattributabletononcontrollingentity": 4000000,
        "netincomeloss": 2821000000,
        "earningspersharebasic": 1.11,
        "earningspersharediluted": 1.11,
        "othercomprehensiveincomelosscashflowhedgegainlossafterreclassificationandtaxparent": -133000000,
        "othercomprehensiveincomedefinedbenefitplansadjustmentnetoftaxportionattributabletoparent": 50000000,
        "othercomprehensiveincomeforeigncurrencytransactionandtranslationadjustmentnetoftaxportionattributabletoparent": 68000000,
        "othercomprehensiveincomelossnetoftaxportionattributabletoparent": 68000000,
        "comprehensiveincomenetoftax": 2706000000
    },
    {
        "date": "2022-12-30",
        "symbol": "MRK",
        "period": "Q4",
        "revenues": 699000000,
        "costofgoodsandservicessold": 458000000,
        "sellinggeneralandadministrativeexpense": 42000000,
        "researchanddevelopmentexpense": 3636000000,
        "restructuringcharges": 48000000,
        "othernonoperatingincomeexpense": 74000000,
        "costsexpensesandother": 10317000000,
        "incomelossfromcontinuingoperationsbeforeincometaxesextraordinaryitemsnoncontrollinginterest": 329000000,
        "incometaxexpensebenefit": 496000000,
        "incomelossfromcontinuingoperationsincludingportionattributabletononcontrollinginterest": 3017000000,
        "incomelossfromcontinuingoperationsattributabletononcontrollingentity": 0,
        "incomelossfromcontinuingoperations": 3017000000,
        "netincomeloss": 3017000000,
        "incomelossfromcontinuingoperationsperbasicshare": 1.1900000000000002,
        "earningspersharebasic": 1.1900000000000002,
        "incomelossfromcontinuingoperationsperdilutedshare": 1.18,
        "earningspersharediluted": 1.18,
        "othercomprehensiveincomelossnetoftaxportionattributabletoparent": 387000000,
        "comprehensiveincomenetoftax": 2992000000
    },
    {
        "date": "2022-09-29",
        "symbol": "MRK",
        "period": "Q3",
        "revenues": 698000000,
        "costofgoodsandservicessold": 234000000,
        "sellinggeneralandadministrativeexpense": 41000000,
        "researchanddevelopmentexpense": 4277000000,
        "restructuringcharges": 94000000,
        "othernonoperatingincomeexpense": -429000000,
        "costsexpensesandother": 11376000000,
        "incomelossfromcontinuingoperationsbeforeincometaxesextraordinaryitemsnoncontrollinginterest": 377000000,
        "incometaxexpensebenefit": 330000000,
        "incomelossfromcontinuingoperationsincludingportionattributabletononcontrollinginterest": 3253000000,
        "incomelossfromcontinuingoperationsattributabletononcontrollingentity": 5000000,
        "incomelossfromcontinuingoperations": 3248000000,
        "netincomeloss": 3248000000,
        "incomelossfromcontinuingoperationsperbasicshare": 1.28,
        "earningspersharebasic": 1.28,
        "incomelossfromcontinuingoperationsperdilutedshare": 1.28,
        "earningspersharediluted": 1.28,
        "othercomprehensiveincomelosscashflowhedgegainlossafterreclassificationandtaxparent": 338000000,
        "othercomprehensiveincomedefinedbenefitplansadjustmentnetoftaxportionattributabletoparent": 186000000,
        "othercomprehensiveincomeforeigncurrencytransactionandtranslationadjustmentnetoftaxportionattributabletoparent": -568000000,
        "othercomprehensiveincomelossnetoftaxportionattributabletoparent": -568000000,
        "comprehensiveincomenetoftax": 2832000000
    },
    {
        "date": "2022-06-29",
        "symbol": "MRK",
        "period": "Q2",
        "revenues": 637000000,
        "costofgoodsandservicessold": 622000000,
        "sellinggeneralandadministrativeexpense": 30000000,
        "researchanddevelopmentexpense": 2652000000,
        "restructuringcharges": 142000000,
        "othernonoperatingincomeexpense": -438000000,
        "costsexpensesandother": 10106000000,
        "incomelossfromcontinuingoperationsbeforeincometaxesextraordinaryitemsnoncontrollinginterest": 260000000,
        "incometaxexpensebenefit": 538000000,
        "incomelossfromcontinuingoperationsincludingportionattributabletononcontrollinginterest": 3949000000,
        "incomelossfromcontinuingoperationsattributabletononcontrollingentity": 5000000,
        "incomelossfromcontinuingoperations": 3944000000,
        "netincomeloss": 3944000000,
        "incomelossfromcontinuingoperationsperbasicshare": 1.56,
        "earningspersharebasic": 1.56,
        "incomelossfromcontinuingoperationsperdilutedshare": 1.55,
        "earningspersharediluted": 1.55,
        "othercomprehensiveincomelosscashflowhedgegainlossafterreclassificationandtaxparent": 183000000,
        "othercomprehensiveincomedefinedbenefitplansadjustmentnetoftaxportionattributabletoparent": -246000000,
        "othercomprehensiveincomeforeigncurrencytransactionandtranslationadjustmentnetoftaxportionattributabletoparent": -387000000,
        "othercomprehensiveincomelossnetoftaxportionattributabletoparent": -387000000,
        "comprehensiveincomenetoftax": 3986000000
    },
    {
        "date": "2022-03-30",
        "symbol": "MRK",
        "period": "Q1",
        "revenues": 534000000,
        "costofgoodsandservicessold": 1724000000,
        "sellinggeneralandadministrativeexpense": 34000000,
        "researchanddevelopmentexpense": 2446000000,
        "restructuringcharges": 53000000,
        "othernonoperatingincomeexpense": -708000000,
        "costsexpensesandother": 11040000000,
        "incomelossfromcontinuingoperationsbeforeincometaxesextraordinaryitemsnoncontrollinginterest": 194000000,
        "incometaxexpensebenefit": 554000000,
        "incomelossfromcontinuingoperationsincludingportionattributabletononcontrollinginterest": 4307000000,
        "incomelossfromcontinuingoperationsattributabletononcontrollingentity": -3000000,
        "incomelossfromcontinuingoperations": 4310000000,
        "netincomeloss": 4310000000,
        "incomelossfromcontinuingoperationsperbasicshare": 1.7,
        "earningspersharebasic": 1.7,
        "incomelossfromcontinuingoperationsperdilutedshare": 1.7,
        "earningspersharediluted": 1.7,
        "othercomprehensiveincomelosscashflowhedgegainlossafterreclassificationandtaxparent": 63000000,
        "othercomprehensiveincomedefinedbenefitplansadjustmentnetoftaxportionattributabletoparent": -32000000,
        "othercomprehensiveincomeforeigncurrencytransactionandtranslationadjustmentnetoftaxportionattributabletoparent": -35000000,
        "othercomprehensiveincomelossnetoftaxportionattributabletoparent": -35000000,
        "comprehensiveincomenetoftax": 4370000000
    },
    {
        "date": "2021-12-30",
        "symbol": "MRK",
        "period": "Q4",
        "revenues": 462000000,
        "costofgoodsandservicessold": 166000000,
        "sellinggeneralandadministrativeexpense": -51000000,
        "researchanddevelopmentexpense": 2917000000,
        "restructuringcharges": 174000000,
        "othernonoperatingincomeexpense": 334000000,
        "costsexpensesandother": 9612000000,
        "incomelossfromcontinuingoperationsbeforeincometaxesextraordinaryitemsnoncontrollinginterest": 127000000,
        "incometaxexpensebenefit": 85000000,
        "netincomeloss": 3758000000,
        "earningspersharebasic": 1.4900000000000004,
        "earningspersharediluted": 1.4799999999999995,
        "othercomprehensiveincomelossnetoftaxportionattributabletoparent": -172000000,
        "comprehensiveincomenetoftax": 3919000000
    },
    {
        "date": "2021-09-29",
        "symbol": "MRK",
        "period": "Q3",
        "revenues": 314000000,
        "costofgoodsandservicessold": 100000000,
        "sellinggeneralandadministrativeexpense": 20000000,
        "researchanddevelopmentexpense": 2242000000,
        "restructuringcharges": 107000000,
        "othernonoperatingincomeexpense": 456000000,
        "costsexpensesandother": 6910000000,
        "incomelossfromcontinuingoperationsbeforeincometaxesextraordinaryitemsnoncontrollinginterest": 142000000,
        "incometaxexpensebenefit": 657000000,
        "netincomeloss": 4567000000,
        "earningspersharebasic": 1.8,
        "earningspersharediluted": 1.8000000000000003,
        "othercomprehensiveincomelosscashflowhedgegainlossafterreclassificationandtaxparent": 84000000,
        "othercomprehensiveincomedefinedbenefitplansadjustmentnetoftaxportionattributabletoparent": -38000000,
        "othercomprehensiveincomeforeigncurrencytransactionandtranslationadjustmentnetoftaxportionattributabletoparent": -84000000,
        "othercomprehensiveincomelossnetoftaxportionattributabletoparent": -84000000,
        "comprehensiveincomenetoftax": 4605000000
    },
    {
        "date": "2021-06-29",
        "symbol": "MRK",
        "period": "Q2",
        "revenues": 11402000000,
        "costofgoodsandservicessold": 3104000000,
        "sellinggeneralandadministrativeexpense": 2281000000,
        "researchanddevelopmentexpense": 4321000000,
        "restructuringcharges": 82000000,
        "othernonoperatingincomeexpense": 103000000,
        "costsexpensesandother": 9685000000,
        "incomelossfromcontinuingoperationsbeforeincometaxesextraordinaryitemsnoncontrollinginterest": 1717000000,
        "incometaxexpensebenefit": 503000000,
        "incomelossfromcontinuingoperationsincludingportionattributabletononcontrollinginterest": 1214000000,
        "incomelossfromcontinuingoperationsattributabletononcontrollingentity": 1000000,
        "incomelossfromcontinuingoperations": 1213000000,
        "incomelossfromdiscontinuedoperationsnetoftaxattributabletoreportingentity": 332000000,
        "netincomeloss": 1545000000,
        "incomelossfromcontinuingoperationsperbasicshare": 0.48,
        "discontinuedoperationincomelossfromdiscontinuedoperationnetoftaxperbasicshare": 0.13,
        "earningspersharebasic": 0.61,
        "incomelossfromcontinuingoperationsperdilutedshare": 0.48,
        "incomelossfromdiscontinuedoperationsnetoftaxperdilutedshare": 0.13,
        "earningspersharediluted": 0.61,
        "othercomprehensiveincomelosscashflowhedgegainlossafterreclassificationandtaxparent": 10000000,
        "othercomprehensiveincomedefinedbenefitplansadjustmentnetoftaxportionattributabletoparent": -1403000000,
        "othercomprehensiveincomeforeigncurrencytransactionandtranslationadjustmentnetoftaxportionattributabletoparent": 132000000,
        "othercomprehensiveincomelossnetoftaxportionattributabletoparent": 1545000000,
        "comprehensiveincomenetoftax": 3090000000
    },
    {
        "date": "2021-03-30",
        "symbol": "MRK",
        "period": "Q1",
        "revenues": 12080000000,
        "costofgoodsandservicessold": 3670000000,
        "sellinggeneralandadministrativeexpense": 2633000000,
        "researchanddevelopmentexpense": 2465000000,
        "restructuringcharges": 298000000,
        "othernonoperatingincomeexpense": 448000000,
        "costsexpensesandother": 8618000000,
        "incomelossfromcontinuingoperationsbeforeincometaxesextraordinaryitemsnoncontrollinginterest": 3462000000,
        "incometaxexpensebenefit": 276000000,
        "profitloss": 3186000000,
        "netincomelossattributabletononcontrollinginterest": 7000000,
        "netincomeloss": 3179000000,
        "earningspersharebasic": 1.26,
        "earningspersharediluted": 1.25,
        "othercomprehensiveincomelosscashflowhedgegainlossafterreclassificationandtaxparent": 230000000,
        "othercomprehensiveincomedefinedbenefitplansadjustmentnetoftaxportionattributabletoparent": -81000000,
        "othercomprehensiveincomeforeigncurrencytransactionandtranslationadjustmentnetoftaxportionattributabletoparent": -299000000,
        "othercomprehensiveincomelossnetoftaxportionattributabletoparent": 12000000,
        "comprehensiveincomenetoftax": 3191000000
    },
    {
        "date": "2020-12-30",
        "symbol": "MRK",
        "period": "Q4",
        "revenues": 12515000000,
        "costofgoodsandservicessold": 5533000000,
        "sellinggeneralandadministrativeexpense": 3085000000,
        "researchanddevelopmentexpense": 5837000000,
        "restructuringcharges": 309000000,
        "othernonoperatingincomeexpense": 256000000,
        "costsexpensesandother": 14508000000,
        "incomelossfromcontinuingoperationsbeforeincometaxesextraordinaryitemsnoncontrollinginterest": -1993000000,
        "incometaxexpensebenefit": 98000000,
        "profitloss": -2091000000,
        "netincomeloss": -2094000000,
        "earningspersharebasic": -0.8300000000000001,
        "earningspersharediluted": -0.8300000000000003,
        "othercomprehensiveincomelossnetoftaxportionattributabletoparent": -251000000,
        "comprehensiveincomenetoftax": -2345000000
    },
    {
        "date": "2020-09-29",
        "symbol": "MRK",
        "period": "Q3",
        "revenues": 34763000000,
        "costofgoodsandservicessold": 9895000000,
        "sellinggeneralandadministrativeexpense": 7355000000,
        "researchanddevelopmentexpense": 3629000000,
        "restructuringcharges": 114000000,
        "othernonoperatingincomeexpense": 312000000,
        "costsexpensesandother": 9123000000,
        "incomelossfromcontinuingoperationsbeforeincometaxesextraordinaryitemsnoncontrollinginterest": 10584000000,
        "incometaxexpensebenefit": 483000000,
        "profitloss": 2944000000,
        "netincomeloss": 2940000000,
        "earningspersharebasic": 1.1600000000000001,
        "earningspersharediluted": 1.16,
        "othercomprehensiveincomelosscashflowhedgegainlossafterreclassificationandtaxparent": -137000000,
        "othercomprehensiveincomedefinedbenefitplansadjustmentnetoftaxportionattributabletoparent": -62000000,
        "othercomprehensiveincomeforeigncurrencytransactionandtranslationadjustmentnetoftaxportionattributabletoparent": 85000000,
        "othercomprehensiveincomelossnetoftaxportionattributabletoparent": 75000000,
        "comprehensiveincomenetoftax": 2950000000
    },
    {
        "date": "2020-06-29",
        "symbol": "MRK",
        "period": "Q2",
        "netincomeloss": 3002000000,
        "othercomprehensiveincomelosscashflowhedgegainlossafterreclassificationandtaxparent": -120000000,
        "othercomprehensiveincomeavailableforsalesecuritiesadjustmentnetoftaxportionattributabletoparent": 0,
        "othercomprehensiveincomedefinedbenefitplansadjustmentnetoftaxportionattributabletoparent": -39000000,
        "othercomprehensiveincomeforeigncurrencytransactionandtranslationadjustmentnetoftaxportionattributabletoparent": 79000000,
        "othercomprehensiveincomelossnetoftaxportionattributabletoparent": 79000000,
        "comprehensiveincomenetoftax": 3000000000,
        "revenues": 289000000,
        "costofgoodsandservicessold": 29000000,
        "sellinggeneralandadministrativeexpense": 13000000,
        "researchanddevelopmentexpense": 1995000000,
        "restructuringcharges": 83000000,
        "othernonoperatingincomeexpense": 389000000,
        "costsexpensesandother": 7353000000,
        "incomelossfromcontinuingoperationsbeforeincometaxesextraordinaryitemsnoncontrollinginterest": 61000000,
        "incometaxexpensebenefit": 509000000,
        "profitloss": 3010000000,
        "earningspersharebasic": 1.19,
        "earningspersharediluted": 1.1900000000000002
    },
    {
        "date": "2020-03-30",
        "symbol": "MRK",
        "period": "Q1",
        "netincomeloss": 3219000000,
        "othercomprehensiveincomelosscashflowhedgegainlossafterreclassificationandtaxparent": 104000000,
        "othercomprehensiveincomeavailableforsalesecuritiesadjustmentnetoftaxportionattributabletoparent": -18000000,
        "othercomprehensiveincomedefinedbenefitplansadjustmentnetoftaxportionattributabletoparent": -60000000,
        "othercomprehensiveincomeforeigncurrencytransactionandtranslationadjustmentnetoftaxportionattributabletoparent": -344000000,
        "othercomprehensiveincomelossnetoftaxportionattributabletoparent": -344000000,
        "comprehensiveincomenetoftax": 3021000000,
        "revenues": 427000000,
        "costofgoodsandservicessold": 28000000,
        "sellinggeneralandadministrativeexpense": 15000000,
        "researchanddevelopmentexpense": 2097000000,
        "restructuringcharges": 72000000,
        "othernonoperatingincomeexpense": -71000000,
        "costsexpensesandother": 8219000000,
        "incomelossfromcontinuingoperationsbeforeincometaxesextraordinaryitemsnoncontrollinginterest": 139000000,
        "incometaxexpensebenefit": 619000000,
        "profitloss": 3219000000,
        "earningspersharebasic": 1.27,
        "earningspersharediluted": 1.26
    },
    {
        "date": "2019-12-30",
        "symbol": "MRK",
        "period": "Q4",
        "netincomeloss": 2357000000,
        "othercomprehensiveincomelossnetoftaxportionattributabletoparent": -754000000,
        "comprehensiveincomenetoftax": 1554000000,
        "revenues": 11867000000,
        "costofgoodsandservicessold": 3669000000,
        "sellinggeneralandadministrativeexpense": 2889000000,
        "researchanddevelopmentexpense": 4770000000,
        "restructuringcharges": 194000000,
        "othernonoperatingincomeexpense": 224000000,
        "costsexpensesandother": 9076000000,
        "incomelossfromcontinuingoperationsbeforeincometaxesextraordinaryitemsnoncontrollinginterest": 2791000000,
        "incometaxexpensebenefit": 427000000,
        "profitloss": 2364000000,
        "netincomelossattributabletononcontrollinginterest": 7000000,
        "earningspersharebasic": 0.9299999999999997,
        "earningspersharediluted": 0.9199999999999999
    },
    {
        "date": "2019-09-29",
        "symbol": "MRK",
        "period": "Q3",
        "netincomeloss": 1901000000,
        "othercomprehensiveincomelosscashflowhedgegainlossafterreclassificationandtaxparent": 91000000,
        "othercomprehensiveincomeavailableforsalesecuritiesadjustmentnetoftaxportionattributabletoparent": -17000000,
        "othercomprehensiveincomedefinedbenefitplansadjustmentnetoftaxportionattributabletoparent": -15000000,
        "othercomprehensiveincomeforeigncurrencytransactionandtranslationadjustmentnetoftaxportionattributabletoparent": -117000000,
        "othercomprehensiveincomelossnetoftaxportionattributabletoparent": -28000000,
        "comprehensiveincomenetoftax": 1873000000,
        "revenues": 12397000000,
        "costofgoodsandservicessold": 3990000000,
        "sellinggeneralandadministrativeexpense": 2589000000,
        "researchanddevelopmentexpense": 982000000,
        "restructuringcharges": 232000000,
        "othernonoperatingincomeexpense": -35000000,
        "costsexpensesandother": 10050000000,
        "incomelossfromcontinuingoperationsbeforeincometaxesextraordinaryitemsnoncontrollinginterest": 2347000000,
        "incometaxexpensebenefit": 440000000,
        "profitloss": 1907000000,
        "netincomelossattributabletononcontrollinginterest": 6000000,
        "earningspersharebasic": 0.74,
        "earningspersharediluted": 0.74
    },
    {
        "date": "2019-06-29",
        "symbol": "MRK",
        "period": "Q2",
        "netincomeloss": 2670000000,
        "othercomprehensiveincomelosscashflowhedgegainlossafterreclassificationandtaxparent": -52000000,
        "othercomprehensiveincomeavailableforsalesecuritiesadjustmentnetoftaxportionattributabletoparent": 44000000,
        "othercomprehensiveincomedefinedbenefitplansadjustmentnetoftaxportionattributabletoparent": -11000000,
        "othercomprehensiveincomeforeigncurrencytransactionandtranslationadjustmentnetoftaxportionattributabletoparent": -19000000,
        "othercomprehensiveincomelossnetoftaxportionattributabletoparent": -16000000,
        "comprehensiveincomenetoftax": 2654000000,
        "revenues": 11760000000,
        "costofgoodsandservicessold": 3401000000,
        "sellinggeneralandadministrativeexpense": 2712000000,
        "researchanddevelopmentexpense": 2189000000,
        "restructuringcharges": 59000000,
        "othernonoperatingincomeexpense": -140000000,
        "costsexpensesandother": 8501000000,
        "incomelossfromcontinuingoperationsbeforeincometaxesextraordinaryitemsnoncontrollinginterest": 3259000000,
        "incometaxexpensebenefit": 615000000,
        "profitloss": 2644000000,
        "netincomelossattributabletononcontrollinginterest": -26000000,
        "earningspersharebasic": 1.04,
        "earningspersharediluted": 1.03
    },
    {
        "date": "2019-03-30",
        "symbol": "MRK",
        "period": "Q1",
        "netincomeloss": 2915000000,
        "othercomprehensiveincomelosscashflowhedgegainlossafterreclassificationandtaxparent": -48000000,
        "othercomprehensiveincomeavailableforsalesecuritiesadjustmentnetoftaxportionattributabletoparent": 82000000,
        "othercomprehensiveincomedefinedbenefitplansadjustmentnetoftaxportionattributabletoparent": -15000000,
        "othercomprehensiveincomeforeigncurrencytransactionandtranslationadjustmentnetoftaxportionattributabletoparent": 150000000,
        "othercomprehensiveincomelossnetoftaxportionattributabletoparent": 150000000,
        "comprehensiveincomenetoftax": 3114000000,
        "revenues": 10816000000,
        "costofgoodsandservicessold": 3052000000,
        "sellinggeneralandadministrativeexpense": 2425000000,
        "researchanddevelopmentexpense": 1931000000,
        "restructuringcharges": 153000000,
        "othernonoperatingincomeexpense": -188000000,
        "costsexpensesandother": 7749000000,
        "incomelossfromcontinuingoperationsbeforeincometaxesextraordinaryitemsnoncontrollinginterest": 3067000000,
        "incometaxexpensebenefit": 205000000,
        "profitloss": 2862000000,
        "netincomelossattributabletononcontrollinginterest": -53000000,
        "earningspersharebasic": 1.13,
        "earningspersharediluted": 1.12
    },
    {
        "date": "2018-12-30",
        "symbol": "MRK",
        "period": "Q4",
        "netincomeloss": 1827000000,
        "comprehensiveincomenetoftax": 1433000000,
        "sellinggeneralandadministrativeexpense": 2643000000,
        "researchanddevelopmentexpense": -5051000000,
        "restructuringcharges": 138000000,
        "othernonoperatingincomeexpense": -109000000,
        "costsexpensesandother": 8393000000,
        "incomelossfromcontinuingoperationsbeforeincometaxesextraordinaryitemsnoncontrollinginterest": 2623000000,
        "incometaxexpensebenefit": 831000000,
        "profitloss": 1778000000,
        "netincomelossattributabletononcontrollinginterest": -49000000,
        "earningspersharebasic": 0.6999999999999998,
        "earningspersharediluted": 0.6899999999999998
    },
    {
        "date": "2018-09-29",
        "symbol": "MRK",
        "period": "Q3",
        "netincomeloss": 1950000000,
        "othercomprehensiveincomelosscashflowhedgegainlossafterreclassificationandtaxparent": 27000000,
        "othercomprehensiveincomeavailableforsalesecuritiesadjustmentnetoftaxportionattributabletoparent": 40000000,
        "othercomprehensiveincomedefinedbenefitplansadjustmentnetoftaxportionattributabletoparent": -40000000,
        "othercomprehensiveincomeforeigncurrencytransactionandtranslationadjustmentnetoftaxportionattributabletoparent": -136000000,
        "othercomprehensiveincomelossnetoftaxportionattributabletoparent": -136000000,
        "comprehensiveincomenetoftax": 1921000000,
        "revenues": 10793000000,
        "costofgoodsandservicessold": 3618000000,
        "sellinggeneralandadministrativeexpense": 2443000000,
        "researchanddevelopmentexpense": 1855000000,
        "restructuringcharges": 171000000,
        "othernonoperatingincomeexpense": 172000000,
        "costsexpensesandother": 8129000000,
        "incomelossfromcontinuingoperationsbeforeincometaxesextraordinaryitemsnoncontrollinginterest": 2665000000,
        "incometaxexpensebenefit": 707000000,
        "profitloss": 1958000000,
        "netincomelossattributabletononcontrollinginterest": 8000000,
        "earningspersharebasic": 0.73,
        "earningspersharediluted": 0.73
    },
    {
        "date": "2018-06-29",
        "symbol": "MRK",
        "period": "Q2",
        "netincomeloss": 1707000000,
        "othercomprehensiveincomelosscashflowhedgegainlossafterreclassificationandtaxparent": 266000000,
        "othercomprehensiveincomeavailableforsalesecuritiesadjustmentnetoftaxportionattributabletoparent": 3000000,
        "othercomprehensiveincomedefinedbenefitplansadjustmentnetoftaxportionattributabletoparent": -30000000,
        "othercomprehensiveincomeforeigncurrencytransactionandtranslationadjustmentnetoftaxportionattributabletoparent": -361000000,
        "othercomprehensiveincomelossnetoftaxportionattributabletoparent": -361000000,
        "comprehensiveincomenetoftax": 1645000000,
        "revenues": 10459000000,
        "costofgoodsandservicessold": 3412000000,
        "sellinggeneralandadministrativeexpense": 2508000000,
        "researchanddevelopmentexpense": 344000000,
        "restructuringcharges": 228000000,
        "othernonoperatingincomeexpense": 48000000,
        "costsexpensesandother": 8379000000,
        "incomelossfromcontinuingoperationsbeforeincometaxesextraordinaryitemsnoncontrollinginterest": 2085000000,
        "incometaxexpensebenefit": 369000000,
        "profitloss": 1716000000,
        "netincomelossattributabletononcontrollinginterest": 9000000,
        "earningspersharebasic": 0.64,
        "earningspersharediluted": 0.63,
        "commonstockdividendspersharedeclared": 0.48
    },
    {
        "date": "2018-03-30",
        "symbol": "MRK",
        "period": "Q1",
        "netincomeloss": 736000000,
        "othercomprehensiveincomederivativesqualifyingashedgesnetoftaxportionattributabletoparent": -70000000,
        "othercomprehensiveincomeavailableforsalesecuritiesadjustmentnetoftaxportionattributabletoparent": -99000000,
        "othercomprehensiveincomedefinedbenefitplansadjustmentnetoftaxportionattributabletoparent": -36000000,
        "othercomprehensiveincomeforeigncurrencytransactionandtranslationadjustmentnetoftaxportionattributabletoparent": 257000000,
        "othercomprehensiveincomelossnetoftaxportionattributabletoparent": 124000000,
        "comprehensiveincomenetoftax": 860000000,
        "salesrevenuegoodsnet": 10013000000,
        "costofgoodssold": 3173000000,
        "sellinggeneralandadministrativeexpense": 2508000000,
        "researchanddevelopmentexpense": 3196000000,
        "restructuringcharges": 95000000,
        "othernonoperatingincomeexpense": 291000000,
        "costsexpensesandother": 8692000000,
        "incomelossfromcontinuingoperationsbeforeincometaxesextraordinaryitemsnoncontrollinginterest": 1332000000,
        "incometaxexpensebenefit": 602000000,
        "profitloss": 741000000,
        "netincomelossattributabletononcontrollinginterest": 5000000,
        "earningspersharebasic": 0.27,
        "earningspersharediluted": 0.27,
        "commonstockdividendspersharedeclared": 0.48
    },
    {
        "date": "2017-12-30",
        "symbol": "MRK",
        "period": "Q4",
        "netincomeloss": -1047000000,
        "comprehensiveincomenetoftax": -1012000000,
        "salesrevenuegoodsnet": -9251000000,
        "costofgoodssold": 3406000000,
        "sellinggeneralandadministrativeexpense": 2580000000,
        "researchanddevelopmentexpense": -2802000000,
        "restructuringcharges": 306000000,
        "othernonoperatingincomeexpense": 18000000,
        "costsexpensesandother": 8554000000,
        "incomelossfromcontinuingoperationsbeforeincometaxesextraordinaryitemsnoncontrollinginterest": -1159000000,
        "incometaxexpensebenefit": 2917000000,
        "profitloss": -1038000000,
        "netincomelossattributabletononcontrollinginterest": 9000000,
        "earningspersharebasic": -0.37,
        "earningspersharediluted": -0.38
    },
    {
        "date": "2017-09-29",
        "symbol": "MRK",
        "period": "Q3",
        "netincomeloss": -56000000,
        "othercomprehensiveincomederivativesqualifyingashedgesnetoftaxportionattributabletoparent": -66000000,
        "othercomprehensiveincomeavailableforsalesecuritiesadjustmentnetoftaxportionattributabletoparent": 135000000,
        "othercomprehensiveincomedefinedbenefitplansadjustmentnetoftaxportionattributabletoparent": -13000000,
        "othercomprehensiveincomeforeigncurrencytransactionandtranslationadjustmentnetoftaxportionattributabletoparent": 67000000,
        "othercomprehensiveincomelossnetoftaxportionattributabletoparent": 149000000,
        "comprehensiveincomenetoftax": 93000000,
        "salesrevenuegoodsnet": 1100000000,
        "costofgoodssold": 3274000000,
        "sellinggeneralandadministrativeexpense": 2401000000,
        "researchanddevelopmentexpense": 1829000000,
        "restructuringcharges": 153000000,
        "othernonoperatingincomeexpense": 86000000,
        "costsexpensesandother": 10125000000,
        "incomelossfromcontinuingoperationsbeforeincometaxesextraordinaryitemsnoncontrollinginterest": 482000000,
        "incometaxexpensebenefit": 251000000,
        "profitloss": -51000000,
        "netincomelossattributabletononcontrollinginterest": 5000000,
        "earningspersharebasic": -0.02,
        "earningspersharediluted": -0.02,
        "commonstockdividendspersharedeclared": 0.47
    },
    {
        "date": "2017-06-29",
        "symbol": "MRK",
        "period": "Q2",
        "netincomeloss": 1946000000,
        "othercomprehensiveincomederivativesqualifyingashedgesnetoftaxportionattributabletoparent": -143000000,
        "othercomprehensiveincomeavailableforsalesecuritiesadjustmentnetoftaxportionattributabletoparent": 35000000,
        "othercomprehensiveincomedefinedbenefitplansadjustmentnetoftaxportionattributabletoparent": -47000000,
        "othercomprehensiveincomeforeigncurrencytransactionandtranslationadjustmentnetoftaxportionattributabletoparent": 47000000,
        "othercomprehensiveincomelossnetoftaxportionattributabletoparent": -14000000,
        "comprehensiveincomenetoftax": 1932000000,
        "salesrevenuegoodsnet": 1056000000,
        "costofgoodssold": 3080000000,
        "sellinggeneralandadministrativeexpense": 2438000000,
        "researchanddevelopmentexpense": 1527000000,
        "restructuringcharges": 166000000,
        "othernonoperatingincomeexpense": -58000000,
        "costsexpensesandother": 7491000000,
        "incomelossfromcontinuingoperationsbeforeincometaxesextraordinaryitemsnoncontrollinginterest": 508000000,
        "incometaxexpensebenefit": 488000000,
        "profitloss": 1951000000,
        "netincomelossattributabletononcontrollinginterest": 5000000,
        "earningspersharebasic": 0.71,
        "earningspersharediluted": 0.71,
        "commonstockdividendspersharedeclared": 0.47
    },
    {
        "date": "2017-03-30",
        "symbol": "MRK",
        "period": "Q1",
        "netincomeloss": 1551000000,
        "othercomprehensiveincomederivativesqualifyingashedgesnetoftaxportionattributabletoparent": -232000000,
        "othercomprehensiveincomeavailableforsalesecuritiesadjustmentnetoftaxportionattributabletoparent": 43000000,
        "othercomprehensiveincomedefinedbenefitplansadjustmentnetoftaxportionattributabletoparent": -26000000,
        "othercomprehensiveincomeforeigncurrencytransactionandtranslationadjustmentnetoftaxportionattributabletoparent": 309000000,
        "othercomprehensiveincomelossnetoftaxportionattributabletoparent": 146000000,
        "comprehensiveincomenetoftax": 1697000000,
        "salesrevenuegoodsnet": 9434000000,
        "costofgoodssold": 3015000000,
        "sellinggeneralandadministrativeexpense": 2411000000,
        "researchanddevelopmentexpense": 1796000000,
        "restructuringcharges": 151000000,
        "othernonoperatingincomeexpense": -58000000,
        "costsexpensesandother": 7431000000,
        "incomelossfromcontinuingoperationsbeforeincometaxesextraordinaryitemsnoncontrollinginterest": 2003000000,
        "incometaxexpensebenefit": 447000000,
        "profitloss": 1556000000,
        "netincomelossattributabletononcontrollinginterest": 5000000,
        "earningspersharebasic": 0.56,
        "earningspersharediluted": 0.56,
        "commonstockdividendspersharedeclared": 0.47
    },
    {
        "date": "2016-09-29",
        "symbol": "MRK",
        "period": "Q3",
        "netincomeloss": 2184000000,
        "othercomprehensiveincomederivativesqualifyingashedgesnetoftaxportionattributabletoparent": -74000000,
        "othercomprehensiveincomeavailableforsalesecuritiesadjustmentnetoftaxportionattributabletoparent": -30000000,
        "othercomprehensiveincomedefinedbenefitplansadjustmentnetoftaxportionattributabletoparent": 144000000,
        "othercomprehensiveincomeforeigncurrencytransactionandtranslationadjustmentnetoftaxportionattributabletoparent": 82000000,
        "othercomprehensiveincomelossnetoftaxportionattributabletoparent": 82000000,
        "comprehensiveincomenetoftax": 2018000000,
        "salesrevenuegoodsnet": 977000000,
        "costofgoodssold": 3409000000,
        "sellinggeneralandadministrativeexpense": 2393000000,
        "researchanddevelopmentexpense": 1444000000,
        "restructuringcharges": 161000000,
        "othernonoperatingincomeexpense": -22000000,
        "costsexpensesandother": 7649000000,
        "incomelossfromcontinuingoperationsbeforeincometaxesextraordinaryitemsnoncontrollinginterest": 389000000,
        "incometaxexpensebenefit": -35000000,
        "profitloss": 2188000000,
        "netincomelossattributabletononcontrollinginterest": 4000000,
        "earningspersharebasic": 0.79,
        "earningspersharediluted": 0.78,
        "commonstockdividendspersharedeclared": 0.46
    },
    {
        "date": "2016-06-29",
        "symbol": "MRK",
        "period": "Q2",
        "netincomeloss": 1205000000,
        "othercomprehensiveincomederivativesqualifyingashedgesnetoftaxportionattributabletoparent": -91000000,
        "othercomprehensiveincomeavailableforsalesecuritiesadjustmentnetoftaxportionattributabletoparent": 63000000,
        "othercomprehensiveincomedefinedbenefitplansadjustmentnetoftaxportionattributabletoparent": 108000000,
        "othercomprehensiveincomeforeigncurrencytransactionandtranslationadjustmentnetoftaxportionattributabletoparent": 244000000,
        "othercomprehensiveincomelossnetoftaxportionattributabletoparent": 244000000,
        "comprehensiveincomenetoftax": 1313000000,
        "salesrevenuegoodsnet": 979000000,
        "costofgoodssold": 3578000000,
        "sellinggeneralandadministrativeexpense": 2458000000,
        "researchanddevelopmentexpense": 1833000000,
        "restructuringcharges": 134000000,
        "othernonoperatingincomeexpense": -19000000,
        "costsexpensesandother": 8340000000,
        "incomelossfromcontinuingoperationsbeforeincometaxesextraordinaryitemsnoncontrollinginterest": 424000000,
        "incometaxexpensebenefit": -29000000,
        "profitloss": 1209000000,
        "netincomelossattributabletononcontrollinginterest": 4000000,
        "earningspersharebasic": 0.44,
        "earningspersharediluted": 0.43,
        "commonstockdividendspersharedeclared": 0.46
    },
    {
        "date": "2016-03-30",
        "symbol": "MRK",
        "period": "Q1",
        "netincomeloss": 1125000000,
        "othercomprehensiveincomederivativesqualifyingashedgesnetoftaxportionattributabletoparent": -202000000,
        "othercomprehensiveincomeavailableforsalesecuritiesadjustmentnetoftaxportionattributabletoparent": 63000000,
        "othercomprehensiveincomedefinedbenefitplansadjustmentnetoftaxportionattributabletoparent": 28000000,
        "othercomprehensiveincomeforeigncurrencytransactionandtranslationadjustmentnetoftaxportionattributabletoparent": 121000000,
        "othercomprehensiveincomelossnetoftaxportionattributabletoparent": -46000000,
        "comprehensiveincomenetoftax": 1079000000,
        "salesrevenuegoodsnet": 9312000000,
        "costofgoodssold": 3572000000,
        "sellinggeneralandadministrativeexpense": 2318000000,
        "researchanddevelopmentexpense": 1659000000,
        "restructuringcharges": 91000000,
        "othernonoperatingincomeexpense": -48000000,
        "costsexpensesandother": 7688000000,
        "incomelossfromcontinuingoperationsbeforeincometaxesextraordinaryitemsnoncontrollinginterest": 1624000000,
        "incometaxexpensebenefit": 494000000,
        "profitloss": 1130000000,
        "netincomelossattributabletononcontrollinginterest": 5000000,
        "earningspersharebasic": 0.41,
        "earningspersharediluted": 0.4,
        "commonstockdividendspersharedeclared": 0.46
    },
    {
        "date": "2015-09-29",
        "symbol": "MRK",
        "period": "Q3",
        "netincomeloss": 1826000000,
        "othercomprehensiveincomederivativesqualifyingashedgesnetoftaxportionattributabletoparent": -118000000,
        "othercomprehensiveincomeavailableforsalesecuritiesadjustmentnetoftaxportionattributabletoparent": -67000000,
        "othercomprehensiveincomedefinedbenefitplansadjustmentnetoftaxportionattributabletoparent": -29000000,
        "othercomprehensiveincomeforeigncurrencytransactionandtranslationadjustmentnetoftaxportionattributabletoparent": -85000000,
        "othercomprehensiveincomelossnetoftaxportionattributabletoparent": -85000000,
        "comprehensiveincomenetoftax": 1585000000,
        "salesrevenuegoodsnet": 846000000,
        "costofgoodssold": 3761000000,
        "sellinggeneralandadministrativeexpense": 2472000000,
        "researchanddevelopmentexpense": 1291000000,
        "restructuringcharges": 113000000,
        "othernonoperatingincomeexpense": 170000000,
        "costsexpensesandother": 7676000000,
        "incomelossfromcontinuingoperationsbeforeincometaxesextraordinaryitemsnoncontrollinginterest": 429000000,
        "incometaxexpensebenefit": 566000000,
        "profitloss": 1831000000,
        "netincomelossattributabletononcontrollinginterest": 5000000,
        "earningspersharebasic": 0.65,
        "earningspersharediluted": 0.64,
        "commonstockdividendspersharedeclared": 0.45
    },
    {
        "date": "2015-06-29",
        "symbol": "MRK",
        "period": "Q2",
        "netincomeloss": 687000000,
        "othercomprehensiveincomelossderivativesqualifyingashedgesnetoftax": -176000000,
        "othercomprehensiveincomelossavailableforsalesecuritiesadjustmentnetoftax": -14000000,
        "othercomprehensiveincomelosspensionandotherpostretirementbenefitplansadjustmentnetoftax": -42000000,
        "othercomprehensiveincomelossforeigncurrencytransactionandtranslationadjustmentnetoftax": -17000000,
        "othercomprehensiveincomelossnetoftax": -17000000,
        "comprehensiveincomenetoftaxincludingportionattributabletononcontrollinginterest": 522000000,
        "salesrevenuegoodsnet": 9422000000,
        "costofgoodssold": 82000000,
        "sellinggeneralandadministrativeexpense": 2000000,
        "researchanddevelopmentexpense": 1460000000,
        "restructuringcharges": 191000000,
        "othernonoperatingincomeexpense": -739000000,
        "costsexpensesandother": 8978000000,
        "incomelossfromcontinuingoperationsbeforeincometaxesextraordinaryitemsnoncontrollinginterest": 5707000000,
        "incometaxexpensebenefit": 119000000,
        "profitloss": 688000000,
        "netincomelossattributabletononcontrollinginterest": 1000000,
        "earningspersharebasic": 0.24,
        "earningspersharediluted": 0.24,
        "commonstockdividendspersharedeclared": 0.45
    },
    {
        "date": "2015-03-30",
        "symbol": "MRK",
        "period": "Q1",
        "netincomeloss": 953000000,
        "othercomprehensiveincomelossderivativesqualifyingashedgesnetoftax": 252000000,
        "othercomprehensiveincomelossavailableforsalesecuritiesadjustmentnetoftax": 46000000,
        "othercomprehensiveincomelosspensionandotherpostretirementbenefitplansadjustmentnetoftax": -35000000,
        "othercomprehensiveincomelossforeigncurrencytransactionandtranslationadjustmentnetoftax": -177000000,
        "othercomprehensiveincomelossnetoftax": 156000000,
        "comprehensiveincomenetoftaxincludingportionattributabletononcontrollinginterest": 1109000000,
        "salesrevenuegoodsnet": 9425000000,
        "costofgoodssold": 3569000000,
        "sellinggeneralandadministrativeexpense": 2601000000,
        "researchanddevelopmentexpense": 1737000000,
        "restructuringcharges": 82000000,
        "othernonoperatingincomeexpense": -55000000,
        "costsexpensesandother": 8044000000,
        "incomelossfromcontinuingoperationsbeforeincometaxesextraordinaryitemsnoncontrollinginterest": 1381000000,
        "incometaxexpensebenefit": 423000000,
        "profitloss": 958000000,
        "netincomelossattributabletononcontrollinginterest": 5000000,
        "earningspersharebasic": 0.34,
        "earningspersharediluted": 0.33,
        "commonstockdividendspersharedeclared": 0.45
    },
    {
        "date": "2014-09-29",
        "symbol": "MRK",
        "period": "Q3",
        "netincomeloss": 895000000,
        "othercomprehensiveincomelossderivativesqualifyingashedgesnetoftax": 254000000,
        "othercomprehensiveincomelossavailableforsalesecuritiesadjustmentnetoftax": -29000000,
        "othercomprehensiveincomelosspensionandotherpostretirementbenefitplansadjustmentnetoftax": 463000000,
        "othercomprehensiveincomelossforeigncurrencytransactionandtranslationadjustmentnetoftax": -316000000,
        "othercomprehensiveincomelossnetoftax": -463000000,
        "comprehensiveincomenetoftaxincludingportionattributabletononcontrollinginterest": 341000000,
        "salesrevenuegoodsnet": 181000000,
        "costofgoodssold": 67000000,
        "sellinggeneralandadministrativeexpense": -6000000,
        "researchanddevelopmentexpense": 1332000000,
        "restructuringcharges": 376000000,
        "incomelossfromequitymethodinvestments": -22000000,
        "othernonoperatingincomeexpense": 142000000,
        "costsexpensesandother": 9067000000,
        "incomelossfromcontinuingoperationsbeforeincometaxesextraordinaryitemsnoncontrollinginterest": 5772000000,
        "incometaxexpensebenefit": 648000000,
        "profitloss": 842000000,
        "netincomelossattributabletononcontrollinginterest": -53000000,
        "earningspersharebasic": 0.31,
        "earningspersharediluted": 0.31,
        "commonstockdividendspersharedeclared": 0.44
    },
    {
        "date": "2014-06-29",
        "symbol": "MRK",
        "period": "Q2",
        "netincomeloss": 2004000000,
        "othercomprehensiveincomelossderivativesqualifyingashedgesnetoftax": -39000000,
        "othercomprehensiveincomelossavailableforsalesecuritiesadjustmentnetoftax": 64000000,
        "othercomprehensiveincomelosspensionandotherpostretirementbenefitplansadjustmentnetoftax": 331000000,
        "othercomprehensiveincomelossforeigncurrencytransactionandtranslationadjustmentnetoftax": 41000000,
        "othercomprehensiveincomelossnetoftax": 64000000,
        "comprehensiveincomenetoftaxincludingportionattributabletononcontrollinginterest": 1739000000,
        "salesrevenuegoodsnet": 258000000,
        "costofgoodssold": 103000000,
        "sellinggeneralandadministrativeexpense": 3000000,
        "researchanddevelopmentexpense": 1363000000,
        "restructuringcharges": 163000000,
        "incomelossfromequitymethodinvestments": 29000000,
        "othernonoperatingincomeexpense": 558000000,
        "costsexpensesandother": 9043000000,
        "incomelossfromcontinuingoperationsbeforeincometaxesextraordinaryitemsnoncontrollinginterest": 6321000000,
        "incometaxexpensebenefit": -142000000,
        "profitloss": 2033000000,
        "netincomelossattributabletononcontrollinginterest": 29000000,
        "earningspersharebasic": 0.69,
        "earningspersharediluted": 0.68,
        "commonstockdividendspersharedeclared": 0.44
    },
    {
        "date": "2014-03-30",
        "symbol": "MRK",
        "period": "Q1",
        "netincomeloss": 1705000000,
        "othercomprehensiveincomelossderivativesqualifyingashedgesnetoftax": -66000000,
        "othercomprehensiveincomelossavailableforsalesecuritiesadjustmentnetoftax": -2000000,
        "othercomprehensiveincomelosspensionandotherpostretirementbenefitplansadjustmentnetoftax": 1000000,
        "othercomprehensiveincomelossforeigncurrencytransactionandtranslationadjustmentnetoftax": 87000000,
        "othercomprehensiveincomelossnetoftax": 87000000,
        "comprehensiveincomenetoftaxincludingportionattributabletononcontrollinginterest": 1723000000,
        "salesrevenuegoodsnet": 383000000,
        "costofgoodssold": 32000000,
        "sellinggeneralandadministrativeexpense": 19000000,
        "researchanddevelopmentexpense": 1289000000,
        "restructuringcharges": 125000000,
        "incomelossfromequitymethodinvestments": 55000000,
        "othernonoperatingincomeexpense": 39000000,
        "costsexpensesandother": 8173000000,
        "incomelossfromcontinuingoperationsbeforeincometaxesextraordinaryitemsnoncontrollinginterest": 5897000000,
        "incometaxexpensebenefit": 360000000,
        "profitloss": 1731000000,
        "netincomelossattributabletononcontrollinginterest": 26000000,
        "earningspersharebasic": 0.58,
        "earningspersharediluted": 0.57,
        "commonstockdividendspersharedeclared": 0.44
    },
    {
        "date": "2013-12-30",
        "symbol": "MRK",
        "period": "Q4",
        "netincomeloss": 781000000,
        "othercomprehensiveincomelossderivativesqualifyingashedgesnetoftax": 60000000,
        "othercomprehensiveincomelossavailableforsalesecuritiesadjustmentnetoftax": 18000000,
        "othercomprehensiveincomelosspensionandotherpostretirementbenefitplansadjustmentnetoftax": -2497000000,
        "othercomprehensiveincomelossforeigncurrencytransactionandtranslationadjustmentnetoftax": -74000000,
        "othercomprehensiveincomelossnetoftax": 2501000000,
        "salesrevenuegoodsnet": 3294000000,
        "costofgoodssold": -51000000,
        "sellinggeneralandadministrativeexpense": 42000000,
        "researchanddevelopmentexpense": 1377000000,
        "restructuringcharges": 565000000,
        "incomelossfromequitymethodinvestments": -88000000,
        "othernonoperatingincomeexpense": -160000000,
        "costsexpensesandother": 10095000000,
        "incomelossfromcontinuingoperationsbeforeincometaxesextraordinaryitemsnoncontrollinginterest": 652000000,
        "incometaxexpensebenefit": 409000000,
        "profitloss": 816000000,
        "netincomelossattributabletononcontrollinginterest": 35000000,
        "earningspersharebasic": 0.2799999999999998,
        "earningspersharediluted": 0.2699999999999998
    },
    {
        "date": "2013-09-29",
        "symbol": "MRK",
        "period": "Q3",
        "netincomeloss": 1124000000,
        "othercomprehensiveincomelossderivativesqualifyingashedgesnetoftax": -102000000,
        "othercomprehensiveincomelossavailableforsalesecuritiesadjustmentnetoftax": 43000000,
        "othercomprehensiveincomelosspensionandotherpostretirementbenefitplansadjustmentnetoftax": -49000000,
        "othercomprehensiveincomelossforeigncurrencytransactionandtranslationadjustmentnetoftax": 72000000,
        "othercomprehensiveincomelossnetoftax": 62000000,
        "comprehensiveincomenetoftaxincludingportionattributabletononcontrollinginterest": 1186000000,
        "salesrevenuegoodsnet": 112000000,
        "costofgoodssold": 20000000,
        "sellinggeneralandadministrativeexpense": 16000000,
        "researchanddevelopmentexpense": 1437000000,
        "restructuringcharges": 870000000,
        "incomelossfromequitymethodinvestments": -67000000,
        "othernonoperatingincomeexpense": -172000000,
        "costsexpensesandother": 9507000000,
        "incomelossfromcontinuingoperationsbeforeincometaxesextraordinaryitemsnoncontrollinginterest": 750000000,
        "incometaxexpensebenefit": 375000000,
        "profitloss": 1150000000,
        "netincomelossattributabletononcontrollinginterest": 26000000,
        "earningspersharebasic": 0.38,
        "earningspersharediluted": 0.38,
        "commonstockdividendspersharedeclared": 0.43
    },
    {
        "date": "2013-06-29",
        "symbol": "MRK",
        "period": "Q2",
        "netincomeloss": 906000000,
        "othercomprehensiveincomelossderivativesqualifyingashedgesnetoftax": 35000000,
        "othercomprehensiveincomelossavailableforsalesecuritiesadjustmentnetoftax": -81000000,
        "othercomprehensiveincomelosspensionandotherpostretirementbenefitplansadjustmentnetoftax": -51000000,
        "othercomprehensiveincomelossforeigncurrencytransactionandtranslationadjustmentnetoftax": -136000000,
        "othercomprehensiveincomelossnetoftax": -131000000,
        "comprehensiveincomenetoftaxincludingportionattributabletononcontrollinginterest": 775000000,
        "salesrevenuegoodsnet": 527000000,
        "costofgoodssold": -2000000,
        "sellinggeneralandadministrativeexpense": 2000000,
        "researchanddevelopmentexpense": 1875000000,
        "restructuringcharges": 155000000,
        "incomelossfromequitymethodinvestments": -12000000,
        "othernonoperatingincomeexpense": -201000000,
        "costsexpensesandother": 9765000000,
        "incomelossfromcontinuingoperationsbeforeincometaxesextraordinaryitemsnoncontrollinginterest": 793000000,
        "incometaxexpensebenefit": 310000000,
        "profitloss": 935000000,
        "netincomelossattributabletononcontrollinginterest": 29000000,
        "earningspersharebasic": 0.3,
        "earningspersharediluted": 0.3,
        "commonstockdividendspersharedeclared": 0.43
    },
    {
        "date": "2013-03-30",
        "symbol": "MRK",
        "period": "Q1",
        "salesrevenuegoodsnet": 111000000,
        "costofgoodssold": 31000000,
        "sellinggeneralandadministrativeexpense": 15000000,
        "researchanddevelopmentexpense": 1692000000,
        "restructuringcharges": 119000000,
        "incomelossfromequitymethodinvestments": 8000000,
        "othernonoperatingincomeexpense": -282000000,
        "costsexpensesandother": 9121000000,
        "incomelossfromcontinuingoperationsbeforeincometaxesextraordinaryitemsnoncontrollinginterest": 899000000,
        "incometaxexpensebenefit": -66000000,
        "profitloss": 1616000000,
        "netincomelossattributabletononcontrollinginterest": 23000000,
        "netincomeloss": 1593000000,
        "earningspersharebasic": 0.53,
        "earningspersharediluted": 0.52,
        "commonstockdividendspersharedeclared": 0.43,
        "othercomprehensiveincomelossderivativesqualifyingashedgesnetoftax": 236000000,
        "othercomprehensiveincomelossavailableforsalesecuritiesadjustmentnetoftax": 1000000,
        "othercomprehensiveincomelosspensionandotherpostretirementbenefitplansadjustmentnetoftax": -161000000,
        "othercomprehensiveincomelossforeigncurrencytransactionandtranslationadjustmentnetoftax": -345000000,
        "othercomprehensiveincomelossnetoftax": 53000000,
        "comprehensiveincomenetoftaxincludingportionattributabletononcontrollinginterest": 1646000000
    },
    {
        "date": "2012-12-30",
        "symbol": "MRK",
        "period": "Q4",
        "salesrevenuegoodsnet": -151000000,
        "costofgoodssold": 34000000,
        "sellinggeneralandadministrativeexpense": 13000000,
        "researchanddevelopmentexpense": 7190000000,
        "restructuringcharges": 550000000,
        "incomelossfromequitymethodinvestments": 6000000,
        "othernonoperatingincomeexpense": -671000000,
        "costsexpensesandother": 10403000000,
        "incomelossfromcontinuingoperationsbeforeincometaxesextraordinaryitemsnoncontrollinginterest": -8454000000,
        "incometaxexpensebenefit": 385000000,
        "profitloss": 949000000,
        "netincomelossattributabletononcontrollinginterest": 41000000,
        "netincomeloss": 908000000,
        "earningspersharebasic": 0.30000000000000004,
        "earningspersharediluted": 0.29999999999999993,
        "comprehensiveincomenetoftaxincludingportionattributabletononcontrollinginterest": -734000000
    },
    {
        "date": "2012-09-29",
        "symbol": "MRK",
        "period": "Q3",
        "salesrevenuegoodsnet": 160000000,
        "costofgoodssold": 55000000,
        "sellinggeneralandadministrativeexpense": 19000000,
        "researchanddevelopmentexpense": -32000000,
        "restructuringcharges": 108000000,
        "incomelossfromequitymethodinvestments": 24000000,
        "othernonoperatingincomeexpense": -200000000,
        "costsexpensesandother": 9270000000,
        "incomelossfromcontinuingoperationsbeforeincometaxesextraordinaryitemsnoncontrollinginterest": -4000000,
        "incometaxexpensebenefit": 455000000,
        "profitloss": 1763000000,
        "netincomelossattributabletononcontrollinginterest": 34000000,
        "netincomeloss": 1729000000,
        "earningspersharebasic": 0.57,
        "earningspersharediluted": 0.56,
        "commonstockdividendspersharedeclared": 0.42,
        "othercomprehensiveincomelossderivativesqualifyingashedgesnetoftax": -143000000,
        "othercomprehensiveincomelossavailableforsalesecuritiesadjustmentnetoftax": 32000000,
        "othercomprehensiveincomelosspensionandotherpostretirementbenefitplansadjustmentnetoftax": -27000000,
        "othercomprehensiveincomelossforeigncurrencytransactionandtranslationadjustmentnetoftax": 170000000,
        "othercomprehensiveincomelossnetoftax": 86000000,
        "comprehensiveincomenetoftaxincludingportionattributabletononcontrollinginterest": 1815000000
    },
    {
        "date": "2012-06-29",
        "symbol": "MRK",
        "period": "Q2",
        "salesrevenuegoodsnet": 316000000,
        "costofgoodssold": 1000000,
        "sellinggeneralandadministrativeexpense": 20000000,
        "researchanddevelopmentexpense": 41000000,
        "restructuringcharges": 4000000,
        "incomelossfromequitymethodinvestments": 11000000,
        "othernonoperatingincomeexpense": -103000000,
        "costsexpensesandother": 9631000000,
        "incomelossfromcontinuingoperationsbeforeincometaxesextraordinaryitemsnoncontrollinginterest": 7680000000,
        "incometaxexpensebenefit": 860000000,
        "profitloss": 1820000000,
        "netincomelossattributabletononcontrollinginterest": 27000000,
        "netincomeloss": 1793000000,
        "earningspersharebasic": 0.59,
        "earningspersharediluted": 0.58,
        "commonstockdividendspersharedeclared": 0.42,
        "othercomprehensiveincomelossderivativesqualifyingashedgesnetoftax": 102000000,
        "othercomprehensiveincomelossavailableforsalesecuritiesadjustmentnetoftax": 1000000,
        "othercomprehensiveincomelosspensionandotherpostretirementbenefitplansadjustmentnetoftax": -18000000,
        "othercomprehensiveincomelossforeigncurrencytransactionandtranslationadjustmentnetoftax": -30000000,
        "othercomprehensiveincomelossnetoftax": 91000000,
        "comprehensiveincomenetoftaxincludingportionattributabletononcontrollinginterest": 1884000000
    },
    {
        "date": "2012-03-30",
        "symbol": "MRK",
        "period": "Q1",
        "salesrevenuegoodsnet": 255000000,
        "costofgoodssold": 2000000,
        "sellinggeneralandadministrativeexpense": 23000000,
        "researchanddevelopmentexpense": 41000000,
        "restructuringcharges": 2000000,
        "incomelossfromequitymethodinvestments": -20000000,
        "othernonoperatingincomeexpense": -142000000,
        "costsexpensesandother": 9224000000,
        "incomelossfromcontinuingoperationsbeforeincometaxesextraordinaryitemsnoncontrollinginterest": 804000000,
        "incometaxexpensebenefit": 740000000,
        "profitloss": 1767000000,
        "netincomelossattributabletononcontrollinginterest": 29000000,
        "netincomeloss": 1738000000,
        "earningspersharebasic": 0.57,
        "earningspersharediluted": 0.56,
        "commonstockdividendspersharedeclared": 0.42,
        "othercomprehensiveincomederivativesqualifyingashedgesnetoftaxperiodincreasedecrease": -58000000,
        "othercomprehensiveincomeavailableforsalesecuritiesadjustmentnetoftaxperiodincreasedecrease": 29000000,
        "othercomprehensiveincomeforeigncurrencytransactionandtranslationadjustmentnetoftaxperiodincreasedecrease": -56000000,
        "othercomprehensiveincomelossnetoftaxperiodincreasedecrease": -85000000,
        "comprehensiveincomenetoftaxincludingportionattributabletononcontrollinginterest": 1653000000
    },
    {
        "date": "2011-12-30",
        "symbol": "MRK",
        "period": "Q4",
        "costofgoodssold": 7000000,
        "sellinggeneralandadministrativeexpense": 41000000,
        "researchanddevelopmentexpense": 44000000,
        "restructuringcharges": -16000000,
        "incomelossfromequitymethodinvestments": 89000000,
        "othernonoperatingincomeexpense": -137000000,
        "incometaxexpensebenefit": 38000000,
        "profitloss": 1543000000,
        "netincomelossattributabletononcontrollinginterest": 30000000,
        "netincomeloss": 1513000000,
        "earningspersharebasic": 0.49999999999999994,
        "earningspersharediluted": 0.4799999999999999
    },
    {
        "date": "2011-09-29",
        "symbol": "MRK",
        "period": "Q3",
        "salesrevenuegoodsnet": 109000000,
        "costofgoodssold": 10000000,
        "sellinggeneralandadministrativeexpense": 22000000,
        "researchanddevelopmentexpense": 27000000,
        "restructuringcharges": 5000000,
        "incomelossfromequitymethodinvestments": 47000000,
        "othernonoperatingincomeexpense": -66000000,
        "costsexpensesandother": 9670000000,
        "incomelossfromcontinuingoperationsbeforeincometaxesextraordinaryitemsnoncontrollinginterest": 7064000000,
        "incometaxexpensebenefit": 628000000,
        "profitloss": 1724000000,
        "netincomelossattributabletononcontrollinginterest": 32000000,
        "netincomeloss": 1692000000,
        "earningspersharebasic": 0.55,
        "earningspersharediluted": 0.55,
        "commonstockdividendspersharedeclared": 0.38
    },
    {
        "date": "2011-06-29",
        "symbol": "MRK",
        "period": "Q2",
        "salesrevenuegoodsnet": 126000000,
        "costofgoodssold": 4000000,
        "sellinggeneralandadministrativeexpense": 22000000,
        "researchanddevelopmentexpense": 38000000,
        "restructuringcharges": 2000000,
        "incomelossfromequitymethodinvestments": 44000000,
        "othernonoperatingincomeexpense": -121000000,
        "costsexpensesandother": 10479000000,
        "incomelossfromcontinuingoperationsbeforeincometaxesextraordinaryitemsnoncontrollinginterest": 6443000000,
        "incometaxexpensebenefit": -382000000,
        "profitloss": 2054000000,
        "netincomelossattributabletononcontrollinginterest": 30000000,
        "netincomeloss": 2024000000,
        "earningspersharebasic": 0.65,
        "earningspersharediluted": 0.65,
        "commonstockdividendspersharedeclared": 0.38
    },
    {
        "date": "2011-03-30",
        "symbol": "MRK",
        "period": "Q1",
        "salesrevenuenet": 11580000000,
        "costofgoodssold": 3000000,
        "sellinggeneralandadministrativeexpense": 23000000,
        "researchanddevelopmentexpense": 42000000,
        "restructuringcharges": 3000000,
        "incomelossfromequitymethodinvestments": 54000000,
        "othernonoperatingincomeexpense": -622000000,
        "totalcostsexpensesandother": 9851000000,
        "incomelossfromcontinuingoperationsbeforeincometaxesminorityinterests": 1729000000,
        "incometaxexpensebenefit": 658000000,
        "profitloss": 1071000000,
        "netincomelossattributabletononcontrollinginterest": 28000000,
        "netincomeloss": 1043000000,
        "earningspersharebasic": 0.34,
        "earningspersharediluted": 0.34,
        "commonstockdividendspersharedeclared": 0.38
    },
    {
        "date": "2010-12-30",
        "symbol": "MRK",
        "period": "Q4",
        "revenues": -33890600000,
        "costofgoodssold": -5204200000,
        "sellinggeneralandadministrativeexpense": -6426800000,
        "researchanddevelopmentexpense": -2095900000,
        "restructuringcharges": 86700000,
        "incomelossfromequitymethodinvestments": 361000000,
        "othernonoperatingincomeexpense": -308400000,
        "totalcostsexpensesandother": 12794900000,
        "incomelossfromcontinuingoperationsbeforeincometaxesminorityinterests": -701300000,
        "incometaxexpensebenefit": -201200000,
        "profitloss": -500100000,
        "netincomelossattributabletononcontrollinginterest": 31700000,
        "netincomeloss": -531800000,
        "earningspersharebasic": -0.16999999999999996,
        "earningspersharediluted": -0.15999999999999995
    },
    {
        "date": "2010-09-29",
        "symbol": "MRK",
        "period": "Q3",
        "revenues": 11124900000,
        "costofgoodssold": 40700000,
        "sellinggeneralandadministrativeexpense": 122900000,
        "researchanddevelopmentexpense": 10000000,
        "restructuringcharges": -40500000,
        "incomelossfromequitymethodinvestments": 44700000,
        "othernonoperatingincomeexpense": -1108300000,
        "totalcostsexpensesandother": 10627200000,
        "incomelossfromcontinuingoperationsbeforeincometaxesminorityinterests": 497700000,
        "incometaxexpensebenefit": 126000000,
        "profitloss": 371700000,
        "netincomelossattributabletononcontrollinginterest": 30100000,
        "netincomeloss": 341600000,
        "earningspersharebasic": 0.11,
        "earningspersharediluted": 0.11,
        "commonstockdividendspersharedeclared": 0.38
    },
    {
        "date": "2010-06-29",
        "symbol": "MRK",
        "period": "Q2",
        "revenues": 11346300000,
        "costofgoodssold": 21900000,
        "sellinggeneralandadministrativeexpense": 3202700000,
        "researchanddevelopmentexpense": 113200000,
        "restructuringcharges": 374100000,
        "incomelossfromequitymethodinvestments": 2800000,
        "othernonoperatingincomeexpense": 280400000,
        "totalcostsexpensesandother": 10105500000,
        "incomelossfromcontinuingoperationsbeforeincometaxesminorityinterests": 1240800000,
        "incometaxexpensebenefit": 460600000,
        "profitloss": 780200000,
        "netincomelossattributabletononcontrollinginterest": 27800000,
        "netincomeloss": 752400000,
        "earningspersharebasic": 0.24,
        "earningspersharediluted": 0.24,
        "commonstockdividendspersharedeclared": 0.38
    },
    {
        "date": "2010-03-30",
        "symbol": "MRK",
        "period": "Q1",
        "revenues": 11422200000,
        "costofgoodssold": 5215600000,
        "sellinggeneralandadministrativeexpense": 3246200000,
        "researchanddevelopmentexpense": 2026700000,
        "restructuringcharges": 287700000,
        "incomelossfromequitymethodinvestments": 137500000,
        "othernonoperatingincomeexpense": -167700000,
        "totalcostsexpensesandother": 10806400000,
        "incomelossfromcontinuingoperationsbeforeincometaxesminorityinterests": 615800000,
        "incometaxexpensebenefit": 285600000,
        "profitloss": 330200000,
        "netincomelossattributabletononcontrollinginterest": 31400000,
        "netincomeloss": 298800000,
        "earningspersharebasic": 0.1,
        "earningspersharediluted": 0.09,
        "commonstockdividendspersharedeclared": 0.38
    },
    {
        "date": "2009-09-29",
        "symbol": "MRK",
        "period": "Q3",
        "salesrevenuenet": 4499000000,
        "costofgoodsandservicessold": 1719000000,
        "sellinggeneralandadministrativeexpense": 1511000000,
        "researchanddevelopmentexpense": 913000000,
        "othernonoperatingincomeexpense": -102000000,
        "specialmergerandacquisitionrelatedcharges": 29000000,
        "incomelossfromequitymethodinvestments": 387000000,
        "incomebeforeincometaxes": 612000000,
        "incometaxexpensebenefit": 97000000,
        "netincomeloss": 515000000,
        "preferredstockdividends": 38000000,
        "netincomelossavailabletocommonstockholdersbasic": 477000000,
        "earningspersharediluted": 0.29,
        "earningspersharebasic": 0.29,
        "commonstockdividendspersharedeclared": 0.065
    }
]