[
    {
        "date": "2024-09-29",
        "symbol": "IR",
        "period": "Q3",
        "revenuefromcontractwithcustomerexcludingassessedtax": 1861000000,
        "costofrevenue": 1046000000,
        "grossprofit": 815000000,
        "sellinggeneralandadministrativeexpense": 334300000,
        "amortizationofintangibleassets": 95000000,
        "otheroperatingincomeexpensenet": -29400000,
        "operatingincomeloss": 356300000,
        "interestexpensenonoperating": 63800000,
        "othernonoperatingincomeexpense": 9500000,
        "incomelossfromcontinuingoperationsbeforeincometaxesminorityinterestandincomelossfromequitymethodinvestments": 302000000,
        "incometaxexpensebenefit": 73800000,
        "incomelossfromequitymethodinvestments": -4800000,
        "profitloss": 223400000,
        "netincomelossattributabletononcontrollinginterest": 1800000,
        "netincomeloss": 221600000,
        "earningspersharebasic": 0.55,
        "earningspersharediluted": 0.54,
        "othercomprehensiveincomelossforeigncurrencytransactionandtranslationadjustmentnetoftax": 142400000,
        "othercomprehensiveincomelosscashflowhedgegainlossafterreclassificationandtaxparent": -3600000,
        "othercomprehensiveincomedefinedbenefitplansadjustmentnetoftaxportionattributabletoparent": 800000,
        "othercomprehensiveincomelossnetoftaxportionattributabletoparent": 138000000,
        "comprehensiveincomenetoftax": 359600000,
        "othercomprehensiveincomeforeigncurrencytransactionandtranslationadjustmentnetoftaxportionattributabletononcontrollinginterest": 700000,
        "othercomprehensiveincomelossnetoftaxportionattributabletononcontrollinginterest": 700000,
        "comprehensiveincomenetoftaxattributabletononcontrollinginterest": 2500000,
        "comprehensiveincomenetoftaxincludingportionattributabletononcontrollinginterest": 362100000
    },
    {
        "date": "2024-06-29",
        "symbol": "IR",
        "period": "Q2",
        "revenuefromcontractwithcustomerexcludingassessedtax": 1805300000,
        "costofrevenue": 1012000000,
        "grossprofit": 793300000,
        "sellinggeneralandadministrativeexpense": 342100000,
        "amortizationofintangibleassets": 91200000,
        "otheroperatingincomeexpensenet": -88200000,
        "operatingincomeloss": 271800000,
        "interestexpensenonoperating": 50800000,
        "gainslossesonextinguishmentofdebt": -3000000,
        "othernonoperatingincomeexpense": 18100000,
        "incomelossfromcontinuingoperationsbeforeincometaxesminorityinterestandincomelossfromequitymethodinvestments": 236100000,
        "incometaxexpensebenefit": 46100000,
        "incomelossfromequitymethodinvestments": -3500000,
        "profitloss": 186500000,
        "netincomelossattributabletononcontrollinginterest": 1500000,
        "netincomeloss": 185000000,
        "earningspersharebasic": 0.46,
        "earningspersharediluted": 0.45,
        "othercomprehensiveincomelossforeigncurrencytransactionandtranslationadjustmentnetoftax": -34000000,
        "othercomprehensiveincomelosscashflowhedgegainlossafterreclassificationandtaxparent": -2100000,
        "othercomprehensiveincomedefinedbenefitplansadjustmentnetoftaxportionattributabletoparent": 1400000,
        "othercomprehensiveincomelossnetoftaxportionattributabletoparent": -37500000,
        "comprehensiveincomenetoftax": 147500000,
        "othercomprehensiveincomeforeigncurrencytransactionandtranslationadjustmentnetoftaxportionattributabletononcontrollinginterest": 100000,
        "othercomprehensiveincomelossnetoftaxportionattributabletononcontrollinginterest": 100000,
        "comprehensiveincomenetoftaxattributabletononcontrollinginterest": 1600000,
        "comprehensiveincomenetoftaxincludingportionattributabletononcontrollinginterest": 149100000
    },
    {
        "date": "2024-03-30",
        "symbol": "IR",
        "period": "Q1",
        "revenuefromcontractwithcustomerexcludingassessedtax": 1670100000,
        "costofrevenue": 923800000,
        "grossprofit": 746300000,
        "sellinggeneralandadministrativeexpense": 336300000,
        "amortizationofintangibleassets": 91600000,
        "otheroperatingincomeexpensenet": -25200000,
        "operatingincomeloss": 293200000,
        "interestexpense": 36800000,
        "othernonoperatingincomeexpense": 13200000,
        "incomelossfromcontinuingoperationsbeforeincometaxesminorityinterestandincomelossfromequitymethodinvestments": 269600000,
        "incometaxexpensebenefit": 54400000,
        "incomelossfromequitymethodinvestments": -10700000,
        "profitloss": 204500000,
        "netincomelossattributabletononcontrollinginterest": 2300000,
        "netincomeloss": 202200000,
        "earningspersharebasic": 0.5,
        "earningspersharediluted": 0.5,
        "othercomprehensiveincomelossforeigncurrencytransactionandtranslationadjustmentnetoftax": -73500000,
        "othercomprehensiveincomelosscashflowhedgegainlossafterreclassificationandtaxparent": -100000,
        "othercomprehensiveincomedefinedbenefitplansadjustmentnetoftaxportionattributabletoparent": 1400000,
        "othercomprehensiveincomelossnetoftaxportionattributabletoparent": -75000000,
        "comprehensiveincomenetoftax": 127200000,
        "othercomprehensiveincomeforeigncurrencytransactionandtranslationadjustmentnetoftaxportionattributabletononcontrollinginterest": -800000,
        "othercomprehensiveincomelossnetoftaxportionattributabletononcontrollinginterest": -800000,
        "comprehensiveincomenetoftaxattributabletononcontrollinginterest": 1500000,
        "comprehensiveincomenetoftaxincludingportionattributabletononcontrollinginterest": 128700000
    },
    {
        "date": "2023-12-30",
        "symbol": "IR",
        "period": "Q4",
        "revenuefromcontractwithcustomerexcludingassessedtax": 4517000000,
        "costofrevenue": 1040200000,
        "grossprofit": 781200000,
        "sellinggeneralandadministrativeexpense": 330800000,
        "amortizationofintangibleassets": 93200000,
        "otheroperatingincomeexpensenet": -24000000,
        "operatingincomeloss": 333200000,
        "interestexpense": 37400000,
        "othernonoperatingincomeexpense": 11600000,
        "incomelossfromcontinuingoperationsbeforeincometaxesminorityinterestandincomelossfromequitymethodinvestments": 307400000,
        "incometaxexpensebenefit": 119100000,
        "incomelossfromequitymethodinvestments": -4800000,
        "incomelossfromcontinuingoperationsincludingportionattributabletononcontrollinginterest": 231500000,
        "profitloss": 572100000,
        "netincomelossattributabletononcontrollinginterest": 1700000,
        "netincomeloss": 396800000,
        "incomelossfromcontinuingoperations": 229800000,
        "incomelossfromcontinuingoperationsperbasicshare": 0.57,
        "earningspersharebasic": 0.57,
        "incomelossfromcontinuingoperationsperdilutedshare": 0.5599999999999999,
        "earningspersharediluted": 0.5599999999999999,
        "othercomprehensiveincomelossforeigncurrencytransactionandtranslationadjustmentnetoftax": 125900000,
        "othercomprehensiveincomelosscashflowhedgegainlossafterreclassificationandtaxparent": -13600000,
        "othercomprehensiveincomedefinedbenefitplansadjustmentnetoftaxportionattributabletoparent": 5000000,
        "othercomprehensiveincomelossnetoftaxportionattributabletoparent": 114000000,
        "comprehensiveincomenetoftax": 343800000,
        "othercomprehensiveincomeforeigncurrencytransactionandtranslationadjustmentnetoftaxportionattributabletononcontrollinginterest": 100000,
        "othercomprehensiveincomelossnetoftaxportionattributabletononcontrollinginterest": 100000,
        "comprehensiveincomenetoftaxattributabletononcontrollinginterest": 1800000,
        "comprehensiveincomenetoftaxincludingportionattributabletononcontrollinginterest": 345600000
    },
    {
        "date": "2023-09-29",
        "symbol": "IR",
        "period": "Q3",
        "revenuefromcontractwithcustomerexcludingassessedtax": 1738900000,
        "costofrevenue": 999600000,
        "grossprofit": 739300000,
        "sellinggeneralandadministrativeexpense": 315200000,
        "amortizationofintangibleassets": 92200000,
        "otheroperatingincomeexpensenet": -13500000,
        "operatingincomeloss": 318400000,
        "interestexpense": 39600000,
        "gainslossesonextinguishmentofdebt": -12600000,
        "othernonoperatingincomeexpense": 7600000,
        "incomelossfromcontinuingoperationsbeforeincometaxesminorityinterestandincomelossfromequitymethodinvestments": 273800000,
        "incometaxexpensebenefit": 60300000,
        "incomelossfromequitymethodinvestments": -3900000,
        "incomelossfromcontinuingoperationsincludingportionattributabletononcontrollinginterest": 209600000,
        "profitloss": 209600000,
        "netincomelossattributabletononcontrollinginterest": 1300000,
        "netincomeloss": 208300000,
        "incomelossfromcontinuingoperations": 208300000,
        "incomelossfromcontinuingoperationsperbasicshare": 0.51,
        "earningspersharebasic": 0.51,
        "incomelossfromcontinuingoperationsperdilutedshare": 0.51,
        "earningspersharediluted": 0.51,
        "othercomprehensiveincomelossforeigncurrencytransactionandtranslationadjustmentnetoftax": -75300000,
        "othercomprehensiveincomelosscashflowhedgegainlossafterreclassificationandtaxparent": -2500000,
        "othercomprehensiveincomedefinedbenefitplansadjustmentnetoftaxportionattributabletoparent": 600000,
        "othercomprehensiveincomelossnetoftaxportionattributabletoparent": -78400000,
        "comprehensiveincomenetoftax": 129900000,
        "othercomprehensiveincomeforeigncurrencytransactionandtranslationadjustmentnetoftaxportionattributabletononcontrollinginterest": 800000,
        "othercomprehensiveincomelossnetoftaxportionattributabletononcontrollinginterest": 800000,
        "comprehensiveincomenetoftaxattributabletononcontrollinginterest": 2100000,
        "comprehensiveincomenetoftaxincludingportionattributabletononcontrollinginterest": 132000000
    },
    {
        "date": "2023-06-29",
        "symbol": "IR",
        "period": "Q2",
        "revenuefromcontractwithcustomerexcludingassessedtax": 308100000,
        "costofrevenue": 989000000,
        "grossprofit": 697500000,
        "sellinggeneralandadministrativeexpense": 315600000,
        "amortizationofintangibleassets": 89700000,
        "otheroperatingincomeexpensenet": -19800000,
        "operatingincomeloss": 272400000,
        "interestexpense": 40800000,
        "gainslossesonextinguishmentofdebt": -900000,
        "othernonoperatingincomeexpense": 8199999.999999999,
        "incomelossfromcontinuingoperationsbeforeincometaxesminorityinterestandincomelossfromequitymethodinvestments": 238900000,
        "incometaxexpensebenefit": 60500000,
        "incomelossfromequitymethodinvestments": 2400000,
        "incomelossfromcontinuingoperationsincludingportionattributabletononcontrollinginterest": 180800000,
        "profitloss": 1300000,
        "netincomelossattributabletononcontrollinginterest": 1300000,
        "netincomeloss": 179500000,
        "incomelossfromcontinuingoperations": 179500000,
        "incomelossfromcontinuingoperationsperbasicshare": 0.44,
        "earningspersharebasic": 0.44,
        "incomelossfromcontinuingoperationsperdilutedshare": 0.44,
        "earningspersharediluted": 0.44,
        "othercomprehensiveincomelossforeigncurrencytransactionandtranslationadjustmentnetoftax": -46600000,
        "othercomprehensiveincomelosscashflowhedgegainlossafterreclassificationandtaxparent": 10900000,
        "othercomprehensiveincomedefinedbenefitplansadjustmentnetoftaxportionattributabletoparent": 1100000,
        "othercomprehensiveincomelossnetoftaxportionattributabletoparent": -36800000,
        "comprehensiveincomenetoftax": 142700000,
        "othercomprehensiveincomeforeigncurrencytransactionandtranslationadjustmentnetoftaxportionattributabletononcontrollinginterest": -100000,
        "othercomprehensiveincomelossnetoftaxportionattributabletononcontrollinginterest": -100000,
        "comprehensiveincomenetoftaxattributabletononcontrollinginterest": 1200000,
        "comprehensiveincomenetoftaxincludingportionattributabletononcontrollinginterest": 143900000
    },
    {
        "date": "2023-03-30",
        "symbol": "IR",
        "period": "Q1",
        "revenuefromcontractwithcustomerexcludingassessedtax": 312100000,
        "costofrevenue": 965100000,
        "grossprofit": 664200000,
        "sellinggeneralandadministrativeexpense": 311100000,
        "amortizationofintangibleassets": 92400000,
        "otheroperatingincomeexpensenet": -20400000,
        "operatingincomeloss": 240300000,
        "interestexpense": 38900000,
        "othernonoperatingincomeexpense": 9600000,
        "incomelossfromcontinuingoperationsbeforeincometaxesminorityinterestandincomelossfromequitymethodinvestments": 211000000,
        "incometaxexpensebenefit": 100000,
        "incomelossfromequitymethodinvestments": 300000,
        "incomelossfromcontinuingoperationsincludingportionattributabletononcontrollinginterest": 163200000,
        "profitloss": 2100000,
        "netincomelossattributabletononcontrollinginterest": 2100000,
        "netincomeloss": -5900000,
        "incomelossfromcontinuingoperations": 161100000,
        "incomelossfromcontinuingoperationsperbasicshare": 0.4,
        "earningspersharebasic": 0.4,
        "incomelossfromcontinuingoperationsperdilutedshare": 0.39,
        "earningspersharediluted": 0.39,
        "othercomprehensiveincomelossforeigncurrencytransactionandtranslationadjustmentnetoftax": 30800000,
        "othercomprehensiveincomelosscashflowhedgegainlossafterreclassificationandtaxparent": 1400000,
        "othercomprehensiveincomedefinedbenefitplansadjustmentnetoftaxportionattributabletoparent": 200000,
        "othercomprehensiveincomelossnetoftaxportionattributabletoparent": 25300000,
        "comprehensiveincomenetoftax": 186400000,
        "othercomprehensiveincomeforeigncurrencytransactionandtranslationadjustmentnetoftaxportionattributabletononcontrollinginterest": 900000,
        "othercomprehensiveincomelossnetoftaxportionattributabletononcontrollinginterest": 900000,
        "comprehensiveincomenetoftaxattributabletononcontrollinginterest": 3000000,
        "comprehensiveincomenetoftaxincludingportionattributabletononcontrollinginterest": 189400000
    },
    {
        "date": "2022-12-30",
        "symbol": "IR",
        "period": "Q4",
        "revenuefromcontractwithcustomerexcludingassessedtax": 308300000,
        "costofrevenue": 969300000,
        "grossprofit": 654400000,
        "sellinggeneralandadministrativeexpense": 276000000,
        "amortizationofintangibleassets": 83999999.99999997,
        "otheroperatingincomeexpensenet": -21500000.000000007,
        "operatingincomeloss": 272900000,
        "interestexpense": 34400000,
        "othernonoperatingincomeexpense": 7400000,
        "incometaxexpensebenefit": -3000000,
        "incomelossfromequitymethodinvestments": 3200000,
        "incomelossfromcontinuingoperationsincludingportionattributabletononcontrollinginterest": 204100000,
        "incomelossfromdiscontinuedoperationsnetoftax": 14600000,
        "profitloss": 1300000,
        "netincomelossattributabletononcontrollinginterest": 1300000,
        "netincomeloss": -3800000,
        "incomelossfromcontinuingoperations": 202800000,
        "incomelossfromdiscontinuedoperationsnetoftaxattributabletoreportingentity": 14600000,
        "incomelossfromcontinuingoperationsperbasicshare": 0.5,
        "earningspersharebasic": 0.53,
        "incomelossfromcontinuingoperationsperdilutedshare": 0.5,
        "earningspersharediluted": 0.53,
        "othercomprehensiveincomelossforeigncurrencytransactionandtranslationadjustmentnetoftax": 195900000,
        "othercomprehensiveincomedefinedbenefitplansadjustmentnetoftaxportionattributabletoparent": -24600000,
        "othercomprehensiveincomelossnetoftaxportionattributabletoparent": 222300000,
        "comprehensiveincomenetoftax": 439700000,
        "othercomprehensiveincomeforeigncurrencytransactionandtranslationadjustmentnetoftaxportionattributabletononcontrollinginterest": -1100000,
        "othercomprehensiveincomelossnetoftaxportionattributabletononcontrollinginterest": -1100000,
        "comprehensiveincomenetoftaxattributabletononcontrollinginterest": 200000,
        "comprehensiveincomenetoftaxincludingportionattributabletononcontrollinginterest": 439900000
    },
    {
        "date": "2022-09-29",
        "symbol": "IR",
        "period": "Q3",
        "revenuefromcontractwithcustomerexcludingassessedtax": 316100000,
        "costofrevenue": 940400000,
        "grossprofit": 575300000,
        "sellinggeneralandadministrativeexpense": 278700000,
        "amortizationofintangibleassets": 93800000.00000003,
        "otheroperatingincomeexpensenet": -12800000,
        "operatingincomeloss": 190000000,
        "interestexpense": 26600000,
        "othernonoperatingincomeexpense": 9800000,
        "incomelossfromcontinuingoperationsbeforeincometaxesextraordinaryitemsnoncontrollinginterest": 173200000,
        "incometaxexpensebenefit": -42000000,
        "incomelossfromequitymethodinvestments": 2600000,
        "incomelossfromcontinuingoperationsincludingportionattributabletononcontrollinginterest": 145500000,
        "incomelossfromdiscontinuedoperationsnetoftax": 500000,
        "profitloss": 900000,
        "netincomelossattributabletononcontrollinginterest": 900000,
        "netincomeloss": -140700000,
        "incomelossfromcontinuingoperations": 144600000,
        "incomelossfromdiscontinuedoperationsnetoftaxattributabletoreportingentity": 500000,
        "incomelossfromcontinuingoperationsperbasicshare": 0.34999999999999987,
        "earningspersharebasic": 0.3699999999999999,
        "incomelossfromcontinuingoperationsperdilutedshare": 0.3599999999999999,
        "earningspersharediluted": 0.34999999999999987,
        "othercomprehensiveincomelossforeigncurrencytransactionandtranslationadjustmentnetoftax": -207900000,
        "othercomprehensiveincomedefinedbenefitplansadjustmentnetoftaxportionattributabletoparent": -5300000,
        "othercomprehensiveincomelossnetoftaxportionattributabletoparent": -183000000,
        "comprehensiveincomenetoftax": -37900000,
        "othercomprehensiveincomeforeigncurrencytransactionandtranslationadjustmentnetoftaxportionattributabletononcontrollinginterest": -1900000,
        "othercomprehensiveincomelossnetoftaxportionattributabletononcontrollinginterest": -1900000,
        "comprehensiveincomenetoftaxattributabletononcontrollinginterest": -1000000,
        "comprehensiveincomenetoftaxincludingportionattributabletononcontrollinginterest": -38900000
    },
    {
        "date": "2022-06-29",
        "symbol": "IR",
        "period": "Q2",
        "revenuefromcontractwithcustomerexcludingassessedtax": 289400000,
        "costofrevenue": 870100000,
        "grossprofit": 569800000,
        "sellinggeneralandadministrativeexpense": 275600000,
        "amortizationofintangibleassets": 83600000,
        "otheroperatingincomeexpensenet": -13200000,
        "operatingincomeloss": 197400000,
        "interestexpense": 23200000,
        "gainslossesonextinguishmentofdebt": -1100000,
        "othernonoperatingincomeexpense": 7400000,
        "incomelossfromcontinuingoperationsbeforeincometaxesextraordinaryitemsnoncontrollinginterest": 180500000,
        "incometaxexpensebenefit": 41900000,
        "incomelossfromequitymethodinvestments": -800000,
        "incomelossfromcontinuingoperationsincludingportionattributabletononcontrollinginterest": 137800000,
        "incomelossfromdiscontinuedoperationsnetoftax": 1500000,
        "profitloss": 800000,
        "netincomelossattributabletononcontrollinginterest": 800000,
        "netincomeloss": 138500000,
        "incomelossfromcontinuingoperations": 137000000,
        "incomelossfromdiscontinuedoperationsnetoftaxattributabletoreportingentity": 1500000,
        "incomelossfromcontinuingoperationsperbasicshare": 0.34,
        "earningspersharebasic": 0.34,
        "incomelossfromcontinuingoperationsperdilutedshare": 0.33,
        "earningspersharediluted": 0.34,
        "othercomprehensiveincomelossforeigncurrencytransactionandtranslationadjustmentnetoftax": -212100000,
        "othercomprehensiveincomelosscashflowhedgegainlossafterreclassificationandtaxparent": -5400000,
        "othercomprehensiveincomedefinedbenefitplansadjustmentnetoftaxportionattributabletoparent": 2000000,
        "othercomprehensiveincomelossnetoftaxportionattributabletoparent": -219500000,
        "comprehensiveincomenetoftax": -81000000,
        "othercomprehensiveincomeforeigncurrencytransactionandtranslationadjustmentnetoftaxportionattributabletononcontrollinginterest": -4800000,
        "othercomprehensiveincomelossnetoftaxportionattributabletononcontrollinginterest": -4800000,
        "comprehensiveincomenetoftaxattributabletononcontrollinginterest": -4000000,
        "comprehensiveincomenetoftaxincludingportionattributabletononcontrollinginterest": -85000000
    },
    {
        "date": "2022-03-30",
        "symbol": "IR",
        "period": "Q1",
        "revenuefromcontractwithcustomerexcludingassessedtax": 297400000,
        "costofrevenue": 810900000,
        "grossprofit": 526100000,
        "sellinggeneralandadministrativeexpense": 265500000,
        "amortizationofintangibleassets": 86200000,
        "otheroperatingincomeexpensenet": -17400000,
        "operatingincomeloss": 157000000,
        "interestexpense": 19000000,
        "othernonoperatingincomeexpense": 4600000,
        "incomelossfromcontinuingoperationsbeforeincometaxesextraordinaryitemsnoncontrollinginterest": 142600000,
        "incometaxexpensebenefit": 200000,
        "incomelossfromequitymethodinvestments": -4300000,
        "incomelossfromcontinuingoperationsincludingportionattributabletononcontrollinginterest": 105900000,
        "incomelossfromdiscontinuedoperationsnetoftax": -1400000,
        "profitloss": 800000,
        "netincomelossattributabletononcontrollinginterest": 800000,
        "netincomeloss": -600000,
        "incomelossfromcontinuingoperations": 105100000,
        "incomelossfromdiscontinuedoperationsnetoftaxattributabletoreportingentity": -1400000,
        "incomelossfromcontinuingoperationsperbasicshare": 0.26,
        "earningspersharebasic": 0.25,
        "incomelossfromcontinuingoperationsperdilutedshare": 0.25,
        "earningspersharediluted": 0.25,
        "othercomprehensiveincomelossforeigncurrencytransactionandtranslationadjustmentnetoftax": -28800000,
        "othercomprehensiveincomedefinedbenefitplansadjustmentnetoftaxportionattributabletoparent": 1100000,
        "othercomprehensiveincomelossnetoftaxportionattributabletoparent": -29900000,
        "comprehensiveincomenetoftax": 73800000,
        "othercomprehensiveincomeforeigncurrencytransactionandtranslationadjustmentnetoftaxportionattributabletononcontrollinginterest": 600000,
        "othercomprehensiveincomelossnetoftaxportionattributabletononcontrollinginterest": 600000,
        "comprehensiveincomenetoftaxattributabletononcontrollinginterest": 1400000,
        "comprehensiveincomenetoftaxincludingportionattributabletononcontrollinginterest": 75200000
    },
    {
        "date": "2021-12-30",
        "symbol": "IR",
        "period": "Q4",
        "revenuefromcontractwithcustomerexcludingassessedtax": 265200000,
        "costofrevenue": -2430500000,
        "grossprofit": -1543400000,
        "sellinggeneralandadministrativeexpense": 237500000,
        "amortizationofintangibleassets": 78600000,
        "othercostandexpenseoperating": -52300000,
        "operatingincomeloss": -514200000,
        "interestexpense": 19400000,
        "othernonoperatingincomeexpense": 3900000,
        "incomelossfromcontinuingoperationsbeforeincometaxesextraordinaryitemsnoncontrollinginterest": -505800000,
        "incometaxexpensebenefit": -33600000,
        "incomelossfromcontinuingoperationsincludingportionattributabletononcontrollinginterest": 140000000,
        "incomelossfromdiscontinuedoperationsnetoftax": 151200000,
        "profitloss": 700000,
        "netincomelossattributabletononcontrollinginterest": 700000,
        "netincomeloss": 201600000,
        "incomelossfromcontinuingoperations": 141800000,
        "incomelossfromdiscontinuedoperationsnetoftaxattributabletoreportingentity": 151200000,
        "incomelossfromcontinuingoperationsperbasicshare": 0.33999999999999986,
        "incomelossfromdiscontinuedoperationsnetoftaxperbasicshare": 0.36,
        "earningspersharebasic": 0.71,
        "incomelossfromcontinuingoperationsperdilutedshare": 0.34999999999999987,
        "incomelossfromdiscontinuedoperationsnetoftaxperdilutedshare": 0.35,
        "earningspersharediluted": 0.7,
        "othercomprehensiveincomelossforeigncurrencytransactionandtranslationadjustmentnetoftax": -4700000,
        "othercomprehensiveincomedefinedbenefitplansadjustmentnetoftaxportionattributabletoparent": -44400000,
        "othercomprehensiveincomelossnetoftaxportionattributabletoparent": -60100000,
        "comprehensiveincomenetoftax": 332700000,
        "othercomprehensiveincomeforeigncurrencytransactionandtranslationadjustmentnetoftaxportionattributabletononcontrollinginterest": -200000,
        "othercomprehensiveincomelossnetoftaxportionattributabletononcontrollinginterest": -200000,
        "comprehensiveincomenetoftaxattributabletononcontrollinginterest": 500000,
        "comprehensiveincomenetoftaxincludingportionattributabletononcontrollinginterest": 333200000
    },
    {
        "date": "2021-09-29",
        "symbol": "IR",
        "period": "Q3",
        "revenuefromcontractwithcustomerexcludingassessedtax": 1325000000,
        "costofrevenue": 810700000,
        "grossprofit": 514300000,
        "sellinggeneralandadministrativeexpense": 252600000,
        "amortizationofintangibleassets": 80300000,
        "othercostandexpenseoperating": 17500000,
        "operatingincomeloss": 163900000,
        "interestexpense": 22500000,
        "gainslossesonextinguishmentofdebt": -9000000,
        "othernonoperatingincomeexpense": 3500000,
        "incomelossfromcontinuingoperationsbeforeincometaxesextraordinaryitemsnoncontrollinginterest": 135900000,
        "incometaxexpensebenefit": 2700000,
        "incomelossfromequitymethodinvestments": -2200000,
        "incomelossfromcontinuingoperationsincludingportionattributabletononcontrollinginterest": 131000000,
        "incomelossfromdiscontinuedoperationsnetoftax": -4200000,
        "profitloss": 126800000,
        "netincomelossattributabletononcontrollinginterest": 800000,
        "netincomeloss": 126000000,
        "incomelossfromcontinuingoperations": 130200000,
        "incomelossfromdiscontinuedoperationsnetoftaxattributabletoreportingentity": -4200000,
        "incomelossfromcontinuingoperationsperbasicshare": 0.32,
        "incomelossfromdiscontinuedoperationsnetoftaxperbasicshare": -0.01,
        "earningspersharebasic": 0.31,
        "incomelossfromcontinuingoperationsperdilutedshare": 0.31,
        "incomelossfromdiscontinuedoperationsnetoftaxperdilutedshare": -0.01,
        "earningspersharediluted": 0.3,
        "othercomprehensiveincomelossforeigncurrencytransactionandtranslationadjustmentnetoftax": -47600000,
        "othercomprehensiveincomedefinedbenefitplansadjustmentnetoftaxportionattributabletoparent": -1800000,
        "othercomprehensiveincomelossnetoftaxportionattributabletoparent": -45800000,
        "comprehensiveincomenetoftax": 80200000,
        "othercomprehensiveincomeforeigncurrencytransactionandtranslationadjustmentnetoftaxportionattributabletononcontrollinginterest": 200000,
        "othercomprehensiveincomelossnetoftaxportionattributabletononcontrollinginterest": 200000,
        "comprehensiveincomenetoftaxattributabletononcontrollinginterest": 1000000,
        "comprehensiveincomenetoftaxincludingportionattributabletononcontrollinginterest": 81200000
    },
    {
        "date": "2021-06-29",
        "symbol": "IR",
        "period": "Q2",
        "revenuefromcontractwithcustomerexcludingassessedtax": 1279100000,
        "costofrevenue": 766400000,
        "grossprofit": 512700000,
        "sellinggeneralandadministrativeexpense": 267200000,
        "amortizationofintangibleassets": 80300000,
        "othercostandexpenseoperating": 25100000,
        "operatingincomeloss": 140100000,
        "interestexpense": 22700000,
        "othernonoperatingincomeexpense": 34100000,
        "incomelossfromcontinuingoperationsbeforeincometaxesextraordinaryitemsnoncontrollinginterest": 151500000,
        "incometaxexpensebenefit": 12500000,
        "incomelossfromequitymethodinvestments": -700000,
        "incomelossfromcontinuingoperationsincludingportionattributabletononcontrollinginterest": 138300000,
        "incomelossfromdiscontinuedoperationsnetoftax": 96300000,
        "profitloss": 234600000,
        "netincomelossattributabletononcontrollinginterest": 700000,
        "netincomeloss": 233900000,
        "incomelossfromcontinuingoperations": 137600000,
        "incomelossfromdiscontinuedoperationsnetoftaxattributabletoreportingentity": 96300000,
        "incomelossfromcontinuingoperationsperbasicshare": 0.33,
        "incomelossfromdiscontinuedoperationsnetoftaxperbasicshare": 0.23,
        "earningspersharebasic": 0.56,
        "incomelossfromcontinuingoperationsperdilutedshare": 0.32,
        "incomelossfromdiscontinuedoperationsnetoftaxperdilutedshare": 0.23,
        "earningspersharediluted": 0.55,
        "othercomprehensiveincomelossforeigncurrencytransactionandtranslationadjustmentnetoftax": 49100000,
        "othercomprehensiveincomedefinedbenefitplansadjustmentnetoftaxportionattributabletoparent": -1300000,
        "othercomprehensiveincomelossnetoftaxportionattributabletoparent": 50400000,
        "comprehensiveincomenetoftax": 284300000,
        "othercomprehensiveincomeforeigncurrencytransactionandtranslationadjustmentnetoftaxportionattributabletononcontrollinginterest": -1200000,
        "othercomprehensiveincomelossnetoftaxportionattributabletononcontrollinginterest": -1200000,
        "comprehensiveincomenetoftaxattributabletononcontrollinginterest": -500000,
        "comprehensiveincomenetoftaxincludingportionattributabletononcontrollinginterest": 283800000
    },
    {
        "date": "2021-03-30",
        "symbol": "IR",
        "period": "Q1",
        "revenuefromcontractwithcustomerexcludingassessedtax": 1369800000,
        "costofrevenue": 854400000,
        "grossprofit": 515400000,
        "sellinggeneralandadministrativeexpense": 270700000,
        "amortizationofintangibleassets": 93700000,
        "othercostandexpenseoperating": 1300000,
        "operatingincomeloss": 149700000,
        "interestexpense": 23100000,
        "othernonoperatingincomeexpense": 2500000,
        "incomelossfromcontinuingoperationsbeforeincometaxesextraordinaryitemsnoncontrollinginterest": 129100000,
        "incometaxexpensebenefit": 17500000,
        "incomelossfromcontinuingoperationsincludingportionattributabletononcontrollinginterest": 111600000,
        "incomelossfromdiscontinuedoperationsnetoftax": -201700000,
        "profitloss": -90100000,
        "netincomelossattributabletononcontrollinginterest": 300000,
        "netincomeloss": -90400000,
        "incomelossfromcontinuingoperations": 111300000,
        "incomelossfromdiscontinuedoperationsnetoftaxattributabletoreportingentity": -201700000,
        "incomelossfromcontinuingoperationsperbasicshare": 0.27,
        "incomelossfromdiscontinuedoperationsnetoftaxperbasicshare": -0.48,
        "earningspersharebasic": -0.22,
        "incomelossfromcontinuingoperationsperdilutedshare": 0.26,
        "incomelossfromdiscontinuedoperationsnetoftaxperdilutedshare": -0.47,
        "earningspersharediluted": -0.21,
        "othercomprehensiveincomelossforeigncurrencytransactionandtranslationadjustmentnetoftax": -99800000,
        "othercomprehensiveincomedefinedbenefitplansadjustmentnetoftaxportionattributabletoparent": -1200000,
        "othercomprehensiveincomelossnetoftaxportionattributabletoparent": -98600000,
        "comprehensiveincomenetoftax": -189000000,
        "othercomprehensiveincomeforeigncurrencytransactionandtranslationadjustmentnetoftaxportionattributabletononcontrollinginterest": -1100000,
        "othercomprehensiveincomelossnetoftaxportionattributabletononcontrollinginterest": -1100000,
        "comprehensiveincomenetoftaxattributabletononcontrollinginterest": -800000,
        "comprehensiveincomenetoftaxincludingportionattributabletononcontrollinginterest": -189800000
    },
    {
        "date": "2020-12-30",
        "symbol": "IR",
        "period": "Q4",
        "revenuefromcontractwithcustomerexcludingassessedtax": 797400000,
        "costofrevenue": 983800000,
        "grossprofit": 526900000,
        "sellinggeneralandadministrativeexpense": 246100000,
        "amortizationofintangibleassets": 111800000,
        "othercostandexpenseoperating": 38600000,
        "operatingincomeloss": 130400000,
        "interestexpense": 24400000,
        "othernonoperatingincomeexpense": 2900000,
        "incomelossfromcontinuingoperationsbeforeincometaxesextraordinaryitemsnoncontrollinginterest": 205300000,
        "incometaxexpensebenefit": 16900000,
        "profitloss": 151100000,
        "netincomelossattributabletononcontrollinginterest": -500000,
        "netincomeloss": 192900000,
        "earningspersharebasic": 0.41000000000000003,
        "earningspersharediluted": 0.41000000000000003,
        "othercomprehensiveincomelossforeigncurrencytransactionandtranslationadjustmentnetoftax": 172900000,
        "othercomprehensiveincomedefinedbenefitplansadjustmentnetoftaxportionattributabletoparent": 11300000,
        "othercomprehensiveincomelossnetoftaxportionattributabletoparent": 252600000,
        "comprehensiveincomenetoftax": 313200000,
        "othercomprehensiveincomeforeigncurrencytransactionandtranslationadjustmentnetoftaxportionattributabletononcontrollinginterest": 200000,
        "othercomprehensiveincomelossnetoftaxportionattributabletononcontrollinginterest": 200000,
        "comprehensiveincomenetoftaxattributabletononcontrollinginterest": -300000,
        "comprehensiveincomenetoftaxincludingportionattributabletononcontrollinginterest": 312900000
    },
    {
        "date": "2020-09-29",
        "symbol": "IR",
        "period": "Q3",
        "revenuefromcontractwithcustomerexcludingassessedtax": 1335200000,
        "costofrevenue": 853200000,
        "grossprofit": 482000000,
        "sellinggeneralandadministrativeexpense": 245600000,
        "amortizationofintangibleassets": 114200000,
        "othercostandexpenseoperating": 28000000,
        "operatingincomeloss": 74300000,
        "interestexpense": 28800000,
        "othernonoperatingincomeexpense": 2600000,
        "incomelossfromcontinuingoperationsbeforeincometaxesextraordinaryitemsnoncontrollinginterest": 48100000,
        "incometaxexpensebenefit": 18200000,
        "profitloss": 29900000,
        "netincomelossattributabletononcontrollinginterest": 400000,
        "netincomeloss": 29500000,
        "earningspersharebasic": 0.12,
        "earningspersharediluted": 0.12,
        "othercomprehensiveincomelossforeigncurrencytransactionandtranslationadjustmentnetoftax": 142600000,
        "othercomprehensiveincomedefinedbenefitplansadjustmentnetoftaxportionattributabletoparent": 1000000,
        "othercomprehensiveincomelossnetoftaxportionattributabletoparent": 145800000,
        "comprehensiveincomenetoftax": 175300000,
        "othercomprehensiveincomeforeigncurrencytransactionandtranslationadjustmentnetoftaxportionattributabletononcontrollinginterest": 2800000,
        "othercomprehensiveincomelossnetoftaxportionattributabletononcontrollinginterest": 2800000,
        "comprehensiveincomenetoftaxattributabletononcontrollinginterest": 3200000,
        "comprehensiveincomenetoftaxincludingportionattributabletononcontrollinginterest": 178500000
    },
    {
        "date": "2020-06-29",
        "symbol": "IR",
        "period": "Q2",
        "revenuefromcontractwithcustomerexcludingassessedtax": 1977700000,
        "costofrevenue": 904400000,
        "grossprofit": 360000000,
        "sellinggeneralandadministrativeexpense": 247700000,
        "amortizationofintangibleassets": 114600000,
        "othercostandexpenseoperating": 49900000,
        "operatingincomeloss": -52200000,
        "interestexpense": 30800000,
        "gainslossesonextinguishmentofdebt": 0,
        "othernonoperatingincomeexpense": 2300000,
        "incomelossfromcontinuingoperationsbeforeincometaxesextraordinaryitemsnoncontrollinginterest": -177100000,
        "incometaxexpensebenefit": 36800000,
        "profitloss": -176600000,
        "netincomelossattributabletononcontrollinginterest": -72300000,
        "netincomeloss": -218900000,
        "earningspersharebasic": -0.49,
        "earningspersharediluted": -0.49,
        "othercomprehensiveincomelossforeigncurrencytransactionandtranslationadjustmentnetoftax": 44900000,
        "othercomprehensiveincomederivativesqualifyingashedgesnetoftaxportionattributabletoparent": 5500000,
        "othercomprehensiveincomedefinedbenefitplansadjustmentnetoftaxportionattributabletoparent": -500000,
        "othercomprehensiveincomelossnetoftaxportionattributabletoparent": -40100000,
        "comprehensiveincomenetoftax": -126700000,
        "othercomprehensiveincomeforeigncurrencytransactionandtranslationadjustmentnetoftaxportionattributabletononcontrollinginterest": -400000,
        "othercomprehensiveincomelossnetoftaxportionattributabletononcontrollinginterest": -400000,
        "comprehensiveincomenetoftaxattributabletononcontrollinginterest": 600000,
        "comprehensiveincomenetoftaxincludingportionattributabletononcontrollinginterest": -126100000
    },
    {
        "date": "2020-03-30",
        "symbol": "IR",
        "period": "Q1",
        "revenuefromcontractwithcustomerexcludingassessedtax": 799900000,
        "costofrevenue": 555400000,
        "grossprofit": 244500000,
        "sellinggeneralandadministrativeexpense": 155400000,
        "amortizationofintangibleassets": 55200000,
        "othercostandexpenseoperating": 100700000,
        "operatingincomeloss": -66800000,
        "interestexpense": 27100000,
        "gainslossesonextinguishmentofdebt": -2000000,
        "othernonoperatingincomeexpense": 200000,
        "incomelossfromcontinuingoperationsbeforeincometaxesextraordinaryitemsnoncontrollinginterest": -95700000,
        "incometaxexpensebenefit": -58900000,
        "profitloss": -36800000,
        "netincomelossattributabletononcontrollinginterest": 73300000,
        "netincomeloss": -36800000,
        "earningspersharebasic": -0.13,
        "earningspersharediluted": -0.13,
        "othercomprehensiveincomelossforeigncurrencytransactionandtranslationadjustmentnetoftax": -92200000,
        "othercomprehensiveincomederivativesqualifyingashedgesnetoftaxportionattributabletoparent": 1200000,
        "othercomprehensiveincomedefinedbenefitplansadjustmentnetoftaxportionattributabletoparent": -2900000,
        "othercomprehensiveincomelossnetoftaxportionattributabletoparent": -88100000,
        "comprehensiveincomenetoftax": -124900000,
        "othercomprehensiveincomeforeigncurrencytransactionandtranslationadjustmentnetoftaxportionattributabletononcontrollinginterest": -4000000,
        "othercomprehensiveincomelossnetoftaxportionattributabletononcontrollinginterest": -4000000,
        "comprehensiveincomenetoftaxattributabletononcontrollinginterest": -4000000,
        "comprehensiveincomenetoftaxincludingportionattributabletononcontrollinginterest": -128900000
    },
    {
        "date": "2019-12-30",
        "symbol": "IR",
        "period": "Q4",
        "revenuefromcontractwithcustomerexcludingassessedtax": 605800000,
        "costofrevenue": 380500000,
        "grossprofit": 225300000,
        "sellinggeneralandadministrativeexpense": 113400000,
        "amortizationofintangibleassets": 31700000,
        "othercostandexpenseoperating": 32600000,
        "operatingincomeloss": 47600000,
        "interestexpense": 20900000,
        "othernonoperatingincomeexpense": 1600000,
        "incomelossfromcontinuingoperationsbeforeincometaxesextraordinaryitemsnoncontrollinginterest": 28300000,
        "incometaxexpensebenefit": 2600000,
        "netincomeloss": 25700000,
        "earningspersharebasic": 0.11999999999999997,
        "earningspersharediluted": 0.11999999999999997,
        "othercomprehensiveincomelossforeigncurrencytranslationadjustmentnetoftaxportionattributabletoparent": 53800000,
        "othercomprehensiveincomederivativesqualifyingashedgesnetoftaxportionattributabletoparent": 2500000,
        "othercomprehensiveincomedefinedbenefitplansadjustmentnetoftaxportionattributabletoparent": 9800000,
        "othercomprehensiveincomelossnetoftaxportionattributabletoparent": 46500000,
        "comprehensiveincomenetoftaxincludingportionattributabletononcontrollinginterest": 72200000
    },
    {
        "date": "2019-09-29",
        "symbol": "IR",
        "period": "Q3",
        "revenuefromcontractwithcustomerexcludingassessedtax": 624200000,
        "costofrevenue": 375200000,
        "grossprofit": 221500000,
        "sellinggeneralandadministrativeexpense": 111700000,
        "amortizationofintangibleassets": 30300000,
        "othercostandexpenseoperating": 6600000,
        "operatingincomeloss": 72900000,
        "interestexpense": 23200000,
        "othernonoperatingincomeexpense": 600000,
        "incomelossfromcontinuingoperationsbeforeincometaxesextraordinaryitemsnoncontrollinginterest": 108900000,
        "incometaxexpensebenefit": 20000000,
        "netincomeloss": 85300000,
        "earningspersharebasic": 0.21000000000000005,
        "earningspersharediluted": 0.20000000000000004,
        "othercomprehensiveincomelossforeigncurrencytranslationadjustmentnetoftaxportionattributabletoparent": -48800000,
        "othercomprehensiveincomederivativesqualifyingashedgesnetoftaxportionattributabletoparent": 3300000,
        "othercomprehensiveincomedefinedbenefitplansadjustmentnetoftaxportionattributabletoparent": -1900000,
        "othercomprehensiveincomelossnetoftaxportionattributabletoparent": -43500000,
        "comprehensiveincomenetoftaxincludingportionattributabletononcontrollinginterest": -2200000
    },
    {
        "date": "2019-06-29",
        "symbol": "IR",
        "period": "Q2",
        "revenuefromcontractwithcustomerexcludingassessedtax": 629100000,
        "costofrevenue": 394700000,
        "grossprofit": 234400000,
        "sellinggeneralandadministrativeexpense": 103600000,
        "amortizationofintangibleassets": 30900000,
        "othercostandexpenseoperating": 25300000,
        "operatingincomeloss": 74600000,
        "interestexpense": 22400000,
        "gainslossesonextinguishmentofdebt": -200000,
        "othernonoperatingincomeexpense": 1200000,
        "incomelossfromcontinuingoperationsbeforeincometaxesextraordinaryitemsnoncontrollinginterest": 53200000,
        "incometaxexpensebenefit": 8300000,
        "netincomeloss": 44900000,
        "earningspersharebasic": 0.22,
        "earningspersharediluted": 0.21,
        "othercomprehensiveincomelossforeigncurrencytranslationadjustmentnetoftaxportionattributabletoparent": -6400000,
        "othercomprehensiveincomederivativesqualifyingashedgesnetoftaxportionattributabletoparent": -500000,
        "othercomprehensiveincomedefinedbenefitplansadjustmentnetoftaxportionattributabletoparent": -1200000,
        "othercomprehensiveincomelossnetoftaxportionattributabletoparent": -5700000,
        "comprehensiveincomenetoftaxincludingportionattributabletononcontrollinginterest": 39200000
    },
    {
        "date": "2019-03-30",
        "symbol": "IR",
        "period": "Q1",
        "revenuefromcontractwithcustomerexcludingassessedtax": 592800000,
        "costofrevenue": 389800000,
        "grossprofit": 230500000,
        "sellinggeneralandadministrativeexpense": 107700000,
        "amortizationofintangibleassets": 31400000,
        "othercostandexpenseoperating": 11200000,
        "operatingincomeloss": 80200000,
        "interestexpense": 22400000,
        "othernonoperatingincomeexpense": 1300000,
        "incomelossfromcontinuingoperationsbeforeincometaxesextraordinaryitemsnoncontrollinginterest": 500000,
        "incometaxexpensebenefit": 900000,
        "netincomeloss": 3200000,
        "earningspersharebasic": 0.23,
        "earningspersharediluted": 0.23,
        "othercomprehensiveincomelossforeigncurrencytranslationadjustmentnetoftaxportionattributabletoparent": -100000,
        "othercomprehensiveincomederivativesqualifyingashedgesnetoftaxportionattributabletoparent": 1900000,
        "othercomprehensiveincomedefinedbenefitplansadjustmentnetoftaxportionattributabletoparent": -200000,
        "othercomprehensiveincomelossnetoftaxportionattributabletoparent": 1900000,
        "comprehensiveincomenetoftaxincludingportionattributabletononcontrollinginterest": 49100000
    },
    {
        "date": "2018-12-30",
        "symbol": "IR",
        "period": "Q4",
        "revenuefromcontractwithcustomerexcludingassessedtax": 370300000,
        "costofrevenue": -849600000,
        "grossprofit": 268900000,
        "sellinggeneralandadministrativeexpense": 104200000,
        "amortizationofintangibleassets": 32400000,
        "othercostandexpenseoperating": -33300000,
        "operatingincomeloss": -285300000,
        "interestexpense": 23100000,
        "othernonoperatingincomeexpense": 400000,
        "incomelossfromcontinuingoperationsbeforeincometaxesextraordinaryitemsnoncontrollinginterest": -111700000,
        "incometaxexpensebenefit": -17800000,
        "profitloss": 270000000,
        "netincomeloss": -112900000,
        "earningspersharebasic": 0.4700000000000002,
        "earningspersharediluted": 0.4500000000000001,
        "othercomprehensiveincomelossforeigncurrencytranslationadjustmentnetoftaxportionattributabletoparent": 9000000,
        "othercomprehensiveincomederivativesqualifyingashedgesnetoftaxportionattributabletoparent": -2400000,
        "othercomprehensiveincomedefinedbenefitplansadjustmentnetoftaxportionattributabletoparent": 8600000,
        "othercomprehensiveincomelossnetoftaxportionattributabletoparent": 700000,
        "comprehensiveincomenetoftax": 73900000,
        "comprehensiveincomenetoftaxincludingportionattributabletononcontrollinginterest": 73900000
    },
    {
        "date": "2018-09-29",
        "symbol": "IR",
        "period": "Q3",
        "revenuefromcontractwithcustomerexcludingassessedtax": 30900000,
        "costofrevenue": 421500000,
        "grossprofit": 262400000,
        "sellinggeneralandadministrativeexpense": 107700000,
        "amortizationofintangibleassets": 31000000,
        "othercostandexpenseoperating": 6000000,
        "operatingincomeloss": 117700000,
        "interestexpense": 24400000,
        "gainslossesonextinguishmentofdebt": -900000,
        "othernonoperatingincomeexpense": 2400000,
        "incomelossfromcontinuingoperationsbeforeincometaxesextraordinaryitemsnoncontrollinginterest": 94800000,
        "incometaxexpensebenefit": 21800000,
        "profitloss": -2500000,
        "netincomeloss": 72200000,
        "earningspersharebasic": 0.36,
        "earningspersharediluted": 0.35,
        "othercomprehensiveincomelossforeigncurrencytranslationadjustmentnetoftaxportionattributabletoparent": -21900000,
        "othercomprehensiveincomelossforeigncurrencytransactionadjustmentnetoftaxportionattributabletoparent": 3600000,
        "othercomprehensiveincomederivativesqualifyingashedgesnetoftaxportionattributabletoparent": 4400000,
        "othercomprehensiveincomedefinedbenefitplansadjustmentnetoftaxportionattributabletoparent": -900000,
        "othercomprehensiveincomelossnetoftaxportionattributabletoparent": -13000000,
        "comprehensiveincomenetoftax": 59200000,
        "comprehensiveincomenetoftaxincludingportionattributabletononcontrollinginterest": 59200000
    },
    {
        "date": "2018-06-29",
        "symbol": "IR",
        "period": "Q2",
        "revenuefromcontractwithcustomerexcludingassessedtax": 639400000,
        "costofrevenue": 415800000,
        "grossprofit": 249300000,
        "sellinggeneralandadministrativeexpense": 115800000,
        "amortizationofintangibleassets": 31500000,
        "othercostandexpenseoperating": 600000,
        "operatingincomeloss": 101400000,
        "interestexpense": 26100000,
        "gainslossesonextinguishmentofdebt": -200000,
        "othernonoperatingincomeexpense": 2400000,
        "incomelossfromcontinuingoperationsbeforeincometaxesextraordinaryitemsnoncontrollinginterest": 77500000,
        "incometaxexpensebenefit": -700000,
        "profitloss": -1700000,
        "netincomeloss": 60300000,
        "earningspersharebasic": 0.3,
        "earningspersharediluted": 0.29,
        "othercomprehensiveincomelossforeigncurrencytranslationadjustmentnetoftaxportionattributabletoparent": -99500000,
        "othercomprehensiveincomelossforeigncurrencytransactionadjustmentnetoftaxportionattributabletoparent": 32000000,
        "othercomprehensiveincomederivativesqualifyingashedgesnetoftaxportionattributabletoparent": 4700000,
        "othercomprehensiveincomedefinedbenefitplansadjustmentnetoftaxportionattributabletoparent": -2700000,
        "othercomprehensiveincomelossnetoftaxportionattributabletoparent": -60100000,
        "comprehensiveincomenetoftax": 200000,
        "comprehensiveincomenetoftaxincludingportionattributabletononcontrollinginterest": 200000
    },
    {
        "date": "2018-03-30",
        "symbol": "IR",
        "period": "Q1",
        "revenuefromcontractwithcustomerexcludingassessedtax": 215600000,
        "costofrevenue": -2700000,
        "grossprofit": 231900000,
        "sellinggeneralandadministrativeexpense": 106900000,
        "amortizationofintangibleassets": 30900000,
        "othercostandexpenseoperating": 4300000,
        "operatingincomeloss": 89800000,
        "interestexpense": 26000000,
        "othernonoperatingincomeexpense": 2000000,
        "incomelossfromcontinuingoperationsbeforeincometaxesextraordinaryitemsnoncontrollinginterest": 4800000,
        "incometaxexpensebenefit": 100000,
        "profitloss": 3600000,
        "netincomeloss": 42400000,
        "earningspersharebasic": 0.21,
        "earningspersharediluted": 0.2,
        "othercomprehensiveincomelossforeigncurrencytranslationadjustmentnetoftaxportionattributabletoparent": 51400000,
        "othercomprehensiveincomelossforeigncurrencytransactionadjustmentnetoftaxportionattributabletoparent": -17000000,
        "othercomprehensiveincomederivativesqualifyingashedgesnetoftaxportionattributabletoparent": 11400000,
        "othercomprehensiveincomedefinedbenefitplansadjustmentnetoftaxportionattributabletoparent": -400000,
        "othercomprehensiveincomelossnetoftaxportionattributabletoparent": 11400000,
        "comprehensiveincomenetoftax": 88600000,
        "comprehensiveincomenetoftaxincludingportionattributabletononcontrollinginterest": 88600000
    }
]