[
    {
        "date": "2024-09-29",
        "symbol": "CAT",
        "period": "Q3",
        "revenues": 6005000000,
        "costofrevenue": 10066000000,
        "sellinggeneralandadministrativeexpense": 1669000000,
        "researchanddevelopmentexpense": 533000000,
        "financinginterestexpense": 336000000,
        "otheroperatingincomeexpensenet": -355000000,
        "costsandexpenses": 12959000000,
        "operatingincomeloss": 3147000000,
        "interestexpensenonoperating": 125000000,
        "othernonoperatingincomeexpense": 76000000,
        "incomelossfromcontinuingoperationsbeforeincometaxesminorityinterestandincomelossfromequitymethodinvestments": 3098000000,
        "incometaxexpensebenefit": 642000000,
        "profitofconsolidatedcompanies": 2456000000,
        "incomelossfromequitymethodinvestments": 7000000,
        "profitloss": 2463000000,
        "netincomelossattributabletononcontrollinginterest": -1000000,
        "netincomelossavailabletocommonstockholdersbasic": 2464000000,
        "earningspersharebasic": 5.09,
        "earningspersharediluted": 5.06,
        "weightedaveragenumberofsharesoutstandingbasic": 484200000,
        "weightedaveragenumberofdilutedsharesoutstanding": 486700000,
        "othercomprehensiveincomelossforeigncurrencytransactionandtranslationadjustmentnetoftax": 397000000,
        "othercomprehensiveincomelosspensionandotherpostretirementbenefitplansadjustmentnetoftax": 3000000,
        "othercomprehensiveincomelosscashflowhedgegainlossafterreclassificationandtax": 58000000,
        "othercomprehensiveincomelossavailableforsalesecuritiesadjustmentnetoftax": 61000000,
        "othercomprehensiveincomelossnetoftax": 61000000,
        "comprehensiveincomenetoftaxincludingportionattributabletononcontrollinginterest": 2976000000,
        "comprehensiveincomenetoftax": 2977000000
    },
    {
        "date": "2024-03-30",
        "symbol": "CAT",
        "period": "Q1",
        "revenues": 14960000000,
        "costofrevenue": 9662000000,
        "sellinggeneralandadministrativeexpense": 1577000000,
        "researchanddevelopmentexpense": 520000000,
        "financinginterestexpense": 298000000,
        "otheroperatingincomeexpensenet": -223000000,
        "costsandexpenses": 12280000000,
        "operatingincomeloss": 3519000000,
        "interestexpense": 143000000,
        "othernonoperatingincomeexpense": 156000000,
        "incomelossfromcontinuingoperationsbeforeincometaxesminorityinterestandincomelossfromequitymethodinvestments": 3532000000,
        "incometaxexpensebenefit": 688000000,
        "profitofconsolidatedcompanies": 2844000000,
        "incomelossfromequitymethodinvestments": 10000000,
        "profitloss": 2854000000,
        "netincomelossattributabletononcontrollinginterest": -2000000,
        "netincomelossavailabletocommonstockholdersbasic": 2856000000,
        "earningspersharebasic": 5.78,
        "earningspersharediluted": 5.75,
        "weightedaveragenumberofsharesoutstandingbasic": 493900000,
        "weightedaveragenumberofdilutedsharesoutstanding": 496900000,
        "othercomprehensiveincomelossforeigncurrencytransactionandtranslationadjustmentnetoftax": -257000000,
        "othercomprehensiveincomelosspensionandotherpostretirementbenefitplansadjustmentnetoftax": 3000000,
        "othercomprehensiveincomelossavailableforsalesecuritiesadjustmentnetoftax": -13000000,
        "othercomprehensiveincomelossnetoftax": -273000000,
        "comprehensiveincomenetoftaxincludingportionattributabletononcontrollinginterest": 2581000000,
        "comprehensiveincomenetoftax": 2583000000
    },
    {
        "date": "2023-12-30",
        "symbol": "CAT",
        "period": "Q4",
        "revenues": 36869000000,
        "costofrevenue": 11016000000,
        "sellinggeneralandadministrativeexpense": 1756000000,
        "researchanddevelopmentexpense": 554000000,
        "financinginterestexpense": 288000000,
        "otheroperatingincomeexpensenet": -322000000,
        "costsandexpenses": 13936000000,
        "operatingincomeloss": 3134000000,
        "interestexpense": 126000000,
        "othernonoperatingincomeexpense": 241000000,
        "incomelossfromcontinuingoperationsbeforeincometaxesminorityinterestandincomelossfromequitymethodinvestments": 9578000000,
        "incometaxexpensebenefit": 587000000,
        "profitofconsolidatedcompanies": 2662000000,
        "incomelossfromequitymethodinvestments": 11000000,
        "profitloss": 7538000000,
        "netincomelossattributabletononcontrollinginterest": -3000000,
        "netincomelossavailabletocommonstockholdersbasic": 2676000000,
        "earningspersharebasic": 5.299999999999999,
        "earningspersharediluted": 5.260000000000002,
        "weightedaveragenumberofsharesoutstandingbasic": 510600000,
        "weightedaveragenumberofdilutedsharesoutstanding": 513600000,
        "othercomprehensiveincomelossforeigncurrencytransactionandtranslationadjustmentnetoftax": 286000000,
        "othercomprehensiveincomelosspensionandotherpostretirementbenefitplansadjustmentnetoftax": 2000000,
        "othercomprehensiveincomelosscashflowhedgegainlossafterreclassificationandtax": 58000000,
        "othercomprehensiveincomelossavailableforsalesecuritiesadjustmentnetoftax": 70000000,
        "othercomprehensiveincomelossnetoftax": 226000000,
        "comprehensiveincomenetoftaxincludingportionattributabletononcontrollinginterest": 3085000000,
        "comprehensiveincomenetoftax": 3088000000
    },
    {
        "date": "2023-09-29",
        "symbol": "CAT",
        "period": "Q3",
        "revenues": 15988000000,
        "costofrevenue": 10583000000,
        "sellinggeneralandadministrativeexpense": 1624000000,
        "researchanddevelopmentexpense": 554000000,
        "financinginterestexpense": 280000000,
        "otheroperatingincomeexpensenet": -320000000,
        "costsandexpenses": 13361000000,
        "operatingincomeloss": 3449000000,
        "interestexpense": 129000000,
        "othernonoperatingincomeexpense": 195000000,
        "incomelossfromcontinuingoperationsbeforeincometaxesminorityinterestandincomelossfromequitymethodinvestments": 3515000000,
        "incometaxexpensebenefit": 734000000,
        "profitofconsolidatedcompanies": 2781000000,
        "incomelossfromequitymethodinvestments": 12000000,
        "profitloss": 2793000000,
        "netincomelossattributabletononcontrollinginterest": -1000000,
        "netincomelossavailabletocommonstockholdersbasic": 2794000000,
        "earningspersharebasic": 5.48,
        "earningspersharediluted": 5.45,
        "weightedaveragenumberofsharesoutstandingbasic": 509800000,
        "weightedaveragenumberofdilutedsharesoutstanding": 512600000,
        "othercomprehensiveincomelossforeigncurrencytransactionandtranslationadjustmentnetoftax": -205000000,
        "othercomprehensiveincomelosspensionandotherpostretirementbenefitplansadjustmentnetoftax": 3000000,
        "othercomprehensiveincomelosscashflowhedgegainlossafterreclassificationandtax": -62000000,
        "othercomprehensiveincomelossavailableforsalesecuritiesadjustmentnetoftax": -16000000,
        "othercomprehensiveincomelossnetoftax": -286000000,
        "comprehensiveincomenetoftaxincludingportionattributabletononcontrollinginterest": 2507000000,
        "comprehensiveincomenetoftax": 2508000000
    },
    {
        "date": "2023-06-29",
        "symbol": "CAT",
        "period": "Q2",
        "revenues": 5957000000,
        "costofrevenue": 11065000000,
        "sellinggeneralandadministrativeexpense": 1528000000,
        "researchanddevelopmentexpense": 528000000,
        "financinginterestexpense": 245000000,
        "otheroperatingincomeexpensenet": -300000000,
        "costsandexpenses": 13666000000,
        "operatingincomeloss": 3652000000,
        "interestexpense": 127000000,
        "othernonoperatingincomeexpense": 127000000,
        "incomelossfromcontinuingoperationsbeforeincometaxesminorityinterestandincomelossfromequitymethodinvestments": -19000000,
        "incometaxexpensebenefit": 752000000,
        "profitofconsolidatedcompanies": 2900000000,
        "incomelossfromequitymethodinvestments": 24000000,
        "profitloss": 2000000,
        "netincomelossattributabletononcontrollinginterest": 2000000,
        "netincomelossavailabletocommonstockholdersbasic": 2922000000,
        "earningspersharebasic": 5.7,
        "earningspersharediluted": 5.67,
        "weightedaveragenumberofsharesoutstandingbasic": 512900000,
        "weightedaveragenumberofdilutedsharesoutstanding": 515000000,
        "othercomprehensiveincomelossforeigncurrencytransactionandtranslationadjustmentnetoftax": -142000000,
        "othercomprehensiveincomelosspensionandotherpostretirementbenefitplansadjustmentnetoftax": 3000000,
        "othercomprehensiveincomelosscashflowhedgegainlossafterreclassificationandtax": -41000000,
        "othercomprehensiveincomelossavailableforsalesecuritiesadjustmentnetoftax": -14000000,
        "othercomprehensiveincomelossnetoftax": -14000000,
        "comprehensiveincomenetoftaxincludingportionattributabletononcontrollinginterest": 2724000000,
        "comprehensiveincomenetoftax": 2722000000
    },
    {
        "date": "2023-03-30",
        "symbol": "CAT",
        "period": "Q1",
        "revenues": 5055000000,
        "costofrevenue": 10103000000,
        "sellinggeneralandadministrativeexpense": 1463000000,
        "researchanddevelopmentexpense": 472000000,
        "financinginterestexpense": 217000000,
        "otheroperatingincomeexpensenet": -876000000,
        "costsandexpenses": 13131000000,
        "operatingincomeloss": 2731000000,
        "interestexpense": 129000000,
        "othernonoperatingincomeexpense": 32000000,
        "incomelossfromcontinuingoperationsbeforeincometaxesminorityinterestandincomelossfromequitymethodinvestments": -24000000,
        "incometaxexpensebenefit": 708000000,
        "profitofconsolidatedcompanies": 1926000000,
        "incomelossfromequitymethodinvestments": 16000000,
        "profitloss": -1000000,
        "netincomelossattributabletononcontrollinginterest": -1000000,
        "netincomelossavailabletocommonstockholdersbasic": 1943000000,
        "earningspersharebasic": 3.76,
        "earningspersharediluted": 3.74,
        "weightedaveragenumberofsharesoutstandingbasic": 516200000.00000006,
        "weightedaveragenumberofdilutedsharesoutstanding": 519400000,
        "othercomprehensiveincomelossforeigncurrencytransactionandtranslationadjustmentnetoftax": 607000000,
        "othercomprehensiveincomelosspensionandotherpostretirementbenefitplansadjustmentnetoftax": 2000000,
        "othercomprehensiveincomelosscashflowhedgegainlossafterreclassificationandtax": 84000000,
        "othercomprehensiveincomelossavailableforsalesecuritiesadjustmentnetoftax": 22000000,
        "othercomprehensiveincomelossnetoftax": 711000000,
        "comprehensiveincomenetoftaxincludingportionattributabletononcontrollinginterest": 2653000000,
        "comprehensiveincomenetoftax": 2654000000
    },
    {
        "date": "2022-12-30",
        "symbol": "CAT",
        "period": "Q4",
        "revenues": 21390000000,
        "costofrevenue": 11614000000,
        "sellinggeneralandadministrativeexpense": 1479000000,
        "researchanddevelopmentexpense": 401000000,
        "financinginterestexpense": 188000000,
        "otheroperatingincomeexpensenet": -310000000,
        "costsandexpenses": 14917000000,
        "operatingincomeloss": 1680000000,
        "interestexpense": 117000000,
        "othernonoperatingincomeexpense": 536000000,
        "incomelossfromcontinuingoperationsbeforeincometaxesminorityinterestandincomelossfromequitymethodinvestments": -20000000,
        "incometaxexpensebenefit": 644000000,
        "profitofconsolidatedcompanies": 1455000000,
        "incomelossfromequitymethodinvestments": -1000000,
        "profitloss": -3210000000,
        "netincomelossavailabletocommonstockholdersbasic": 1454000000,
        "earningspersharebasic": 2.8,
        "earningspersharediluted": 2.78,
        "weightedaveragenumberofsharesoutstandingbasic": -1063600000,
        "weightedaveragenumberofdilutedsharesoutstanding": -1069600000,
        "othercomprehensiveincomelossforeigncurrencytransactionandtranslationadjustmentnetoftax": 572000000,
        "othercomprehensiveincomelosspensionandotherpostretirementbenefitplansadjustmentnetoftax": -26000000,
        "othercomprehensiveincomelosscashflowhedgegainlossafterreclassificationandtax": 285000000,
        "othercomprehensiveincomelossavailableforsalesecuritiesadjustmentnetoftax": 13000000,
        "othercomprehensiveincomelossnetoftax": 896000000,
        "comprehensiveincomenetoftaxincludingportionattributabletononcontrollinginterest": 2350000000,
        "comprehensiveincomenetoftax": 2350000000
    },
    {
        "date": "2022-09-29",
        "symbol": "CAT",
        "period": "Q3",
        "revenues": 4997000000,
        "costofrevenue": 10202000000,
        "sellinggeneralandadministrativeexpense": 1401000000,
        "researchanddevelopmentexpense": 476000000,
        "financinginterestexpense": 151000000,
        "otheroperatingincomeexpensenet": -339000000,
        "costsandexpenses": 12569000000,
        "operatingincomeloss": 2425000000,
        "interestexpense": 109000000,
        "othernonoperatingincomeexpense": 242000000,
        "incomelossfromcontinuingoperationsbeforeincometaxesminorityinterestandincomelossfromequitymethodinvestments": -16000000,
        "incometaxexpensebenefit": 527000000,
        "profitofconsolidatedcompanies": 2031000000,
        "incomelossfromequitymethodinvestments": 9000000,
        "profitloss": -1000000,
        "netincomelossattributabletononcontrollinginterest": -1000000,
        "netincomelossavailabletocommonstockholdersbasic": 2041000000,
        "earningspersharebasic": 3.89,
        "earningspersharediluted": 3.87,
        "weightedaveragenumberofsharesoutstandingbasic": 525000000,
        "weightedaveragenumberofdilutedsharesoutstanding": 527600000,
        "othercomprehensiveincomelossforeigncurrencytransactionandtranslationadjustmentnetoftax": -618000000,
        "othercomprehensiveincomelosspensionandotherpostretirementbenefitplansadjustmentnetoftax": 1000000,
        "othercomprehensiveincomelosscashflowhedgegainlossafterreclassificationandtax": -191000000,
        "othercomprehensiveincomelossavailableforsalesecuritiesadjustmentnetoftax": -44000000,
        "othercomprehensiveincomelossnetoftax": -854000000,
        "comprehensiveincomenetoftaxincludingportionattributabletononcontrollinginterest": 1186000000,
        "comprehensiveincomenetoftax": 1187000000
    },
    {
        "date": "2022-06-29",
        "symbol": "CAT",
        "period": "Q2",
        "revenues": 4640000000,
        "costofrevenue": 9975000000,
        "sellinggeneralandadministrativeexpense": 1425000000,
        "researchanddevelopmentexpense": 480000000,
        "financinginterestexpense": 120000000,
        "otheroperatingincomeexpensenet": -303000000,
        "costsandexpenses": 12303000000,
        "operatingincomeloss": 1944000000,
        "interestexpense": 108000000,
        "othernonoperatingincomeexpense": 260000000,
        "incomelossfromcontinuingoperationsbeforeincometaxesminorityinterestandincomelossfromequitymethodinvestments": -33000000,
        "incometaxexpensebenefit": 427000000,
        "profitofconsolidatedcompanies": 1669000000,
        "incomelossfromequitymethodinvestments": 4000000,
        "profitloss": 1673000000,
        "netincomelossavailabletocommonstockholdersbasic": 1673000000,
        "earningspersharebasic": 3.15,
        "earningspersharediluted": 3.13,
        "weightedaveragenumberofsharesoutstandingbasic": 531000000,
        "weightedaveragenumberofdilutedsharesoutstanding": 534100000,
        "othercomprehensiveincomelossforeigncurrencytransactionandtranslationadjustmentnetoftax": -659000000,
        "othercomprehensiveincomelosspensionandotherpostretirementbenefitplansadjustmentnetoftax": 1000000,
        "othercomprehensiveincomelosscashflowhedgegainlossafterreclassificationandtax": -86000000,
        "othercomprehensiveincomelossavailableforsalesecuritiesadjustmentnetoftax": -43000000,
        "othercomprehensiveincomelossnetoftax": -789000000,
        "comprehensiveincomenetoftaxincludingportionattributabletononcontrollinginterest": 884000000,
        "comprehensiveincomenetoftax": 884000000
    },
    {
        "date": "2022-03-30",
        "symbol": "CAT",
        "period": "Q1",
        "revenues": 4032000000,
        "costofrevenue": 9559000000,
        "sellinggeneralandadministrativeexpense": 1346000000,
        "researchanddevelopmentexpense": 457000000,
        "financinginterestexpense": 106000000,
        "otheroperatingincomeexpensenet": -266000000,
        "costsandexpenses": 11734000000,
        "operatingincomeloss": 1855000000,
        "interestexpense": 109000000,
        "othernonoperatingincomeexpense": 253000000,
        "incomelossfromcontinuingoperationsbeforeincometaxesminorityinterestandincomelossfromequitymethodinvestments": -33000000,
        "incometaxexpensebenefit": 469000000,
        "profitofconsolidatedcompanies": 1530000000,
        "incomelossfromequitymethodinvestments": 7000000,
        "profitloss": 1537000000,
        "netincomelossavailabletocommonstockholdersbasic": 1537000000,
        "earningspersharebasic": 2.88,
        "earningspersharediluted": 2.86,
        "weightedaveragenumberofsharesoutstandingbasic": 534500000,
        "weightedaveragenumberofdilutedsharesoutstanding": 538300000,
        "othercomprehensiveincomelossforeigncurrencytransactionandtranslationadjustmentnetoftax": -115000000,
        "othercomprehensiveincomelosspensionandotherpostretirementbenefitplansadjustmentnetoftax": 1000000,
        "othercomprehensiveincomelosscashflowhedgegainlossafterreclassificationandtax": 23000000,
        "othercomprehensiveincomelossavailableforsalesecuritiesadjustmentnetoftax": -64000000,
        "othercomprehensiveincomelossnetoftax": -157000000,
        "comprehensiveincomenetoftaxincludingportionattributabletononcontrollinginterest": 1380000000,
        "comprehensiveincomenetoftax": 1380000000
    },
    {
        "date": "2021-12-30",
        "symbol": "CAT",
        "period": "Q4",
        "revenues": 19754000000,
        "costofrevenue": 10003000000,
        "sellinggeneralandadministrativeexpense": 1422000000,
        "researchanddevelopmentexpense": 439000000,
        "otheroperatingincomeexpensenet": -220000000,
        "costsandexpenses": 12187000000,
        "operatingincomeloss": 1611000000,
        "interestexpense": 112000000,
        "othernonoperatingincomeexpense": 1063000000,
        "incomelossfromcontinuingoperationsbeforeincometaxesminorityinterestandincomelossfromequitymethodinvestments": -8000000,
        "incometaxexpensebenefit": 429000000,
        "profitofconsolidatedcompanies": 2133000000,
        "incomelossfromequitymethodinvestments": -13000000,
        "profitloss": 0,
        "netincomelossattributabletononcontrollinginterest": 0,
        "netincomelossavailabletocommonstockholdersbasic": 2120000000,
        "earningspersharebasic": 3.929999999999999,
        "earningspersharediluted": 3.9,
        "weightedaveragenumberofsharesoutstandingbasic": -1094300000,
        "weightedaveragenumberofdilutedsharesoutstanding": -1102600000,
        "othercomprehensiveincomelossforeigncurrencytransactionandtranslationadjustmentnetoftax": -108000000,
        "othercomprehensiveincomelosspensionandotherpostretirementbenefitplansadjustmentnetoftax": 7000000,
        "othercomprehensiveincomelosscashflowhedgegainlossafterreclassificationandtax": 16000000,
        "othercomprehensiveincomelossavailableforsalesecuritiesadjustmentnetoftax": -14000000,
        "othercomprehensiveincomelossnetoftax": -113000000,
        "comprehensiveincomenetoftaxincludingportionattributabletononcontrollinginterest": 2007000000,
        "comprehensiveincomenetoftax": 2007000000
    },
    {
        "date": "2021-09-29",
        "symbol": "CAT",
        "period": "Q3",
        "revenues": 4141000000,
        "costofrevenue": 8617000000,
        "sellinggeneralandadministrativeexpense": 1340000000,
        "researchanddevelopmentexpense": 427000000,
        "financinginterestexpense": 111000000,
        "otheroperatingincomeexpensenet": -238000000,
        "costsandexpenses": 10733000000,
        "operatingincomeloss": 1664000000,
        "interestexpense": 114000000,
        "othernonoperatingincomeexpense": 225000000,
        "incomelossfromcontinuingoperationsbeforeincometaxesminorityinterestandincomelossfromequitymethodinvestments": 23000000,
        "incometaxexpensebenefit": 368000000,
        "profitofconsolidatedcompanies": 1407000000,
        "incomelossfromequitymethodinvestments": 21000000,
        "profitloss": 2000000,
        "netincomelossattributabletononcontrollinginterest": 2000000,
        "netincomelossavailabletocommonstockholdersbasic": 1426000000,
        "earningspersharebasic": 2.62,
        "earningspersharediluted": 2.6,
        "weightedaveragenumberofsharesoutstandingbasic": 544000000,
        "weightedaveragenumberofdilutedsharesoutstanding": 547600000,
        "othercomprehensiveincomelossforeigncurrencytransactionandtranslationadjustmentnetoftax": -242000000,
        "othercomprehensiveincomelosspensionandotherpostretirementbenefitplansadjustmentnetoftax": 8000000,
        "othercomprehensiveincomelosscashflowhedgegainlossafterreclassificationandtax": -31000000,
        "othercomprehensiveincomelossavailableforsalesecuritiesadjustmentnetoftax": -5000000,
        "othercomprehensiveincomelossnetoftax": -286000000,
        "comprehensiveincomenetoftaxincludingportionattributabletononcontrollinginterest": 1142000000,
        "comprehensiveincomenetoftax": 1140000000
    },
    {
        "date": "2021-06-29",
        "symbol": "CAT",
        "period": "Q2",
        "revenues": 12193000000,
        "costofrevenue": 8881000000,
        "sellinggeneralandadministrativeexpense": 1364000000,
        "researchanddevelopmentexpense": 446000000,
        "otheroperatingincomeexpensenet": -293000000,
        "costsandexpenses": 11100000000,
        "operatingincomeloss": 1789000000,
        "interestexpense": 116000000,
        "othernonoperatingincomeexpense": 201000000,
        "incomelossfromcontinuingoperationsbeforeincometaxesminorityinterestandincomelossfromequitymethodinvestments": 1870000000,
        "incometaxexpensebenefit": 470000000,
        "profitofconsolidatedcompanies": 1400000000,
        "incomelossfromequitymethodinvestments": 14000000,
        "profitloss": 1414000000,
        "netincomelossattributabletononcontrollinginterest": 1000000,
        "netincomelossavailabletocommonstockholdersbasic": 1413000000,
        "earningspersharebasic": 2.58,
        "earningspersharediluted": 2.56,
        "weightedaveragenumberofsharesoutstandingbasic": 547900000,
        "weightedaveragenumberofdilutedsharesoutstanding": 552100000,
        "othercomprehensiveincomelossforeigncurrencytransactionandtranslationadjustmentnetoftax": 99000000,
        "othercomprehensiveincomelosspensionandotherpostretirementbenefitplansadjustmentnetoftax": 7000000,
        "othercomprehensiveincomelosscashflowhedgegainlossafterreclassificationandtax": 43000000,
        "othercomprehensiveincomelossavailableforsalesecuritiesadjustmentnetoftax": 1000000,
        "othercomprehensiveincomelossnetoftax": 136000000,
        "comprehensiveincomenetoftaxincludingportionattributabletononcontrollinginterest": 1550000000,
        "comprehensiveincomenetoftax": 1549000000
    },
    {
        "date": "2021-03-30",
        "symbol": "CAT",
        "period": "Q1",
        "revenues": 11191000000,
        "costofrevenue": 8012000000,
        "sellinggeneralandadministrativeexpense": 1239000000,
        "researchanddevelopmentexpense": 374000000,
        "otheroperatingincomeexpensenet": -323000000,
        "costsandexpenses": 10073000000,
        "operatingincomeloss": 1814000000,
        "interestexpense": 125000000,
        "othernonoperatingincomeexpense": 325000000,
        "incomelossfromcontinuingoperationsbeforeincometaxesminorityinterestandincomelossfromequitymethodinvestments": 1997000000,
        "incometaxexpensebenefit": 475000000,
        "profitofconsolidatedcompanies": 1522000000,
        "incomelossfromequitymethodinvestments": 9000000,
        "profitloss": 1531000000,
        "netincomelossattributabletononcontrollinginterest": 1000000,
        "netincomelossavailabletocommonstockholdersbasic": 1530000000,
        "earningspersharebasic": 2.8,
        "earningspersharediluted": 2.77,
        "weightedaveragenumberofsharesoutstandingbasic": 546400000,
        "weightedaveragenumberofdilutedsharesoutstanding": 551400000,
        "othercomprehensiveincomelossforeigncurrencytransactionandtranslationadjustmentnetoftax": -347000000,
        "othercomprehensiveincomelosspensionandotherpostretirementbenefitplansadjustmentnetoftax": -8000000,
        "othercomprehensiveincomelosscashflowhedgegainlossafterreclassificationandtax": -31000000,
        "othercomprehensiveincomelossavailableforsalesecuritiesadjustmentnetoftax": -16000000,
        "othercomprehensiveincomelossnetoftax": -402000000,
        "comprehensiveincomenetoftaxincludingportionattributabletononcontrollinginterest": 1129000000,
        "comprehensiveincomenetoftax": 1128000000
    },
    {
        "date": "2020-12-30",
        "symbol": "CAT",
        "period": "Q4",
        "revenues": -32339000000,
        "costofrevenue": 507000000,
        "sellinggeneralandadministrativeexpense": 1216000000,
        "researchanddevelopmentexpense": 374000000,
        "otheroperatingincomeexpensenet": 2581000000,
        "costsandexpenses": 9855000000,
        "operatingincomeloss": 1380000000,
        "othernonoperatingincomeexpense": -460000000,
        "incomelossfromcontinuingoperationsbeforeincometaxesminorityinterestandincomelossfromequitymethodinvestments": 1086000000,
        "incometaxexpensebenefit": -243000000,
        "profitofconsolidatedcompanies": 774000000,
        "incomelossfromequitymethodinvestments": 6000000,
        "profitloss": -312000000,
        "netincomelossattributabletononcontrollinginterest": 0,
        "netincomelossavailabletocommonstockholdersbasic": -274000000,
        "earningspersharebasic": 1.4299999999999993,
        "earningspersharediluted": 1.4100000000000001,
        "weightedaveragenumberofsharesoutstandingbasic": 200000,
        "weightedaveragenumberofdilutedsharesoutstanding": 800000,
        "othercomprehensiveincomelossforeigncurrencytransactionandtranslationadjustmentnetoftax": 471000000,
        "othercomprehensiveincomelossnetoftax": 560000000,
        "comprehensiveincomenetoftaxincludingportionattributabletononcontrollinginterest": 1340000000,
        "comprehensiveincomenetoftax": 1340000000
    },
    {
        "date": "2020-09-29",
        "symbol": "CAT",
        "period": "Q3",
        "revenues": 9228000000,
        "costofrevenue": 6919000000,
        "sellinggeneralandadministrativeexpense": 1126000000,
        "researchanddevelopmentexpense": 344000000,
        "otheroperatingincomeexpensenet": -370000000,
        "costsandexpenses": 8896000000,
        "operatingincomeloss": 985000000,
        "othernonoperatingincomeexpense": 14000000,
        "incomelossfromcontinuingoperationsbeforeincometaxesminorityinterestandincomelossfromequitymethodinvestments": 863000000,
        "incometaxexpensebenefit": 187000000,
        "profitofconsolidatedcompanies": 676000000,
        "incomelossfromequitymethodinvestments": -5000000,
        "profitloss": 671000000,
        "netincomelossattributabletononcontrollinginterest": 3000000,
        "netincomelossavailabletocommonstockholdersbasic": 668000000,
        "earningspersharebasic": 1.23,
        "earningspersharediluted": 1.2199999999999998,
        "weightedaveragenumberofsharesoutstandingbasic": -600000,
        "weightedaveragenumberofdilutedsharesoutstanding": -400000,
        "othercomprehensiveincomelossforeigncurrencytransactionandtranslationadjustmentnetoftax": 291000000,
        "othercomprehensiveincomelossamortizationadjustmentfromaocipensionandotherpostretirementbenefitplansfornetpriorservicecostcreditnetoftax": -7000000,
        "othercomprehensiveincomeunrealizedholdinggainlossonsecuritiesarisingduringperiodnetoftax": 8000000,
        "othercomprehensiveincomelossnetoftax": 367000000,
        "comprehensiveincomenetoftaxincludingportionattributabletononcontrollinginterest": 1038000000,
        "comprehensiveincomenetoftax": 1035000000,
        "othercomprehensiveincomelossforeigncurrencytranslationadjustmenttax": -21000000,
        "othercomprehensiveincomelossamortizationadjustmentfromaocipensionandotherpostretirementbenefitplansfornetpriorservicecostcredittax": -2000000,
        "othercomprehensiveincomelosscashflowhedgegainlossbeforereclassificationtax": -2000000,
        "othercomprehensiveincomelosscashflowhedgegainlossreclassificationtax": -20000000,
        "othercomprehensiveincomeunrealizedholdinggainlossonsecuritiesarisingduringperiodtax": 0
    },
    {
        "date": "2020-06-29",
        "symbol": "CAT",
        "period": "Q2",
        "othercomprehensiveincomelossforeigncurrencytranslationadjustmenttax": -9000000,
        "othercomprehensiveincomelossamortizationadjustmentfromaocipensionandotherpostretirementbenefitplansfornetpriorservicecostcredittax": -3000000,
        "othercomprehensiveincomelosscashflowhedgegainlossbeforereclassificationtax": 20000000,
        "othercomprehensiveincomelosscashflowhedgegainlossreclassificationtax": -17000000,
        "othercomprehensiveincomeunrealizedholdinggainlossonsecuritiesarisingduringperiodtax": 5000000,
        "profitloss": 1551000000,
        "othercomprehensiveincomelossforeigncurrencytransactionandtranslationadjustmentnetoftax": 175000000,
        "othercomprehensiveincomelossamortizationadjustmentfromaocipensionandotherpostretirementbenefitplansfornetpriorservicecostcreditnetoftax": -7000000,
        "othercomprehensiveincomeunrealizedholdinggainlossonsecuritiesarisingduringperiodnetoftax": 39000000,
        "othercomprehensiveincomelossnetoftax": 197000000,
        "comprehensiveincomenetoftaxincludingportionattributabletononcontrollinginterest": 656000000,
        "netincomelossattributabletononcontrollinginterest": 1000000,
        "comprehensiveincomenetoftax": 655000000,
        "revenues": 16898000000,
        "costofrevenue": 14390000000,
        "sellinggeneralandadministrativeexpense": 1179000000,
        "researchanddevelopmentexpense": 341000000,
        "interestexpenseoffinancialproducts": 329000000,
        "otheroperatingincomeexpensenet": -431000000,
        "costsandexpenses": 9213000000,
        "operatingincomeloss": 784000000,
        "interestexpenseexcludingfinancialproducts": 249000000,
        "othernonoperatingincomeexpense": 180000000,
        "incomelossfromcontinuingoperationsbeforeincometaxesminorityinterestandincomelossfromequitymethodinvestments": 533000000,
        "incometaxexpensebenefit": 637000000,
        "profitofconsolidatedcompanies": 451000000,
        "incomelossfromequitymethodinvestments": 8000000,
        "netincomelossavailabletocommonstockholdersbasic": 1512000000,
        "earningspersharebasic": 0.8500000000000001,
        "earningspersharediluted": 0.8500000000000001,
        "weightedaveragenumberofsharesoutstandingbasic": -2300000,
        "weightedaveragenumberofdilutedsharesoutstanding": -2900000
    },
    {
        "date": "2020-03-30",
        "symbol": "CAT",
        "period": "Q1",
        "othercomprehensiveincomelossforeigncurrencytranslationadjustmenttax": 10000000,
        "othercomprehensiveincomelossamortizationadjustmentfromaocipensionandotherpostretirementbenefitplansfornetpriorservicecostcredittax": -2000000,
        "othercomprehensiveincomeunrealizedholdinggainlossonsecuritiesarisingduringperiodtax": 4000000,
        "othercomprehensiveincomelosscashflowhedgegainlossbeforereclassificationtax": 3000000,
        "othercomprehensiveincomelosscashflowhedgegainlossreclassificationtax": 15000000,
        "profitloss": 1093000000,
        "othercomprehensiveincomelossforeigncurrencytransactionandtranslationadjustmentnetoftax": -360000000,
        "othercomprehensiveincomelossamortizationadjustmentfromaocipensionandotherpostretirementbenefitplansfornetpriorservicecostcreditnetoftax": -7000000,
        "othercomprehensiveincomelosscashflowhedgegainlossbeforereclassificationaftertax": -5000000,
        "othercomprehensiveincomelosscashflowhedgegainlossreclassificationaftertax": 55000000,
        "othercomprehensiveincomeunrealizedholdinggainlossonsecuritiesarisingduringperiodnetoftax": -18000000,
        "othercomprehensiveincomelossnetoftax": -445000000,
        "comprehensiveincomenetoftaxincludingportionattributabletononcontrollinginterest": 648000000,
        "netincomelossattributabletononcontrollinginterest": 1000000,
        "comprehensiveincomenetoftax": 647000000,
        "revenues": 9914000000,
        "costofrevenue": 7266000000,
        "sellinggeneralandadministrativeexpense": 1121000000,
        "researchanddevelopmentexpense": 356000000,
        "interestexpenseoffinancialproducts": 175000000,
        "otheroperatingincomeexpensenet": -313000000,
        "costsandexpenses": 9231000000,
        "operatingincomeloss": 1404000000,
        "interestexpenseexcludingfinancialproducts": 113000000,
        "othernonoperatingincomeexpense": 222000000,
        "incomelossfromcontinuingoperationsbeforeincometaxesminorityinterestandincomelossfromequitymethodinvestments": 1513000000,
        "incometaxexpensebenefit": 425000000,
        "profitofconsolidatedcompanies": 1088000000,
        "incomelossfromequitymethodinvestments": 5000000,
        "netincomelossavailabletocommonstockholdersbasic": 1092000000,
        "earningspersharebasic": 2,
        "earningspersharediluted": 1.98,
        "weightedaveragenumberofsharesoutstandingbasic": 546800000,
        "weightedaveragenumberofdilutedsharesoutstanding": 551100000
    },
    {
        "date": "2019-12-30",
        "symbol": "CAT",
        "period": "Q4",
        "profitloss": 1097000000,
        "othercomprehensiveincomelossforeigncurrencytransactionandtranslationadjustmentnetoftax": 202000000,
        "othercomprehensiveincomelossamortizationadjustmentfromaocipensionandotherpostretirementbenefitplansfornetpriorservicecostcreditnetoftax": -8000000,
        "othercomprehensiveincomeunrealizedholdinggainlossonsecuritiesarisingduringperiodnetoftax": 1000000,
        "othercomprehensiveincomelossnetoftax": 216000000,
        "comprehensiveincomenetoftaxincludingportionattributabletononcontrollinginterest": 1313000000,
        "comprehensiveincomenetoftax": 1314000000,
        "othercomprehensiveincomelossforeigncurrencytranslationadjustmenttax": -14000000,
        "othercomprehensiveincomelossamortizationadjustmentfromaocipensionandotherpostretirementbenefitplansfornetpriorservicecostcredittax": -2000000,
        "othercomprehensiveincomelosscashflowhedgegainlossbeforereclassificationtax": 1000000,
        "othercomprehensiveincomelosscashflowhedgegainlossreclassificationtax": -8000000,
        "othercomprehensiveincomeunrealizedholdinggainlossonsecuritiesarisingduringperiodtax": 0,
        "revenues": 12386000000,
        "costofrevenue": 9117000000,
        "sellinggeneralandadministrativeexpense": 1283000000,
        "researchanddevelopmentexpense": 386000000,
        "interestexpenseoffinancialproducts": 183000000,
        "otheroperatingincomeexpensenet": -325000000,
        "operatingexpenses": 11294000000,
        "operatingincomeloss": 1850000000,
        "interestexpenseexcludingfinancialproducts": 112000000,
        "othernonoperatingincomeexpense": -373000000,
        "incomelossfromcontinuingoperationsbeforeincometaxesminorityinterestandincomelossfromequitymethodinvestments": 1365000000,
        "incometaxexpensebenefit": 276000000,
        "profitofconsolidatedcompanies": 1089000000,
        "incomelossfromequitymethodinvestments": 8000000,
        "netincomelossavailabletocommonstockholdersbasic": 1098000000,
        "earningspersharebasic": 2.009999999999999,
        "earningspersharediluted": 1.9900000000000002,
        "weightedaveragenumberofsharesoutstandingbasic": -3600000,
        "weightedaveragenumberofdilutedsharesoutstanding": -3300000
    },
    {
        "date": "2019-09-29",
        "symbol": "CAT",
        "period": "Q3",
        "othercomprehensiveincomelossforeigncurrencytranslationadjustmenttax": 21000000,
        "othercomprehensiveincomelossamortizationadjustmentfromaocipensionandotherpostretirementbenefitplansfornetpriorservicecostcredittax": -2000000,
        "othercomprehensiveincomeunrealizedholdinggainlossonsecuritiesarisingduringperiodtax": 2000000,
        "othercomprehensiveincomelosscashflowhedgegainlossbeforereclassificationtax": -14000000,
        "othercomprehensiveincomelosscashflowhedgegainlossreclassificationtax": 20000000,
        "profitloss": 1497000000,
        "othercomprehensiveincomelossforeigncurrencytransactionandtranslationadjustmentnetoftax": -263000000,
        "othercomprehensiveincomelossamortizationadjustmentfromaocipensionandotherpostretirementbenefitplansfornetpriorservicecostcreditnetoftax": -8000000,
        "othercomprehensiveincomeunrealizedholdinggainlossonsecuritiesarisingduringperiodnetoftax": 4000000,
        "othercomprehensiveincomelossnetoftax": -284000000,
        "comprehensiveincomenetoftaxincludingportionattributabletononcontrollinginterest": 1210000000,
        "comprehensiveincomenetoftaxattributabletononcontrollinginterest": 0,
        "comprehensiveincomenetoftax": 1210000000,
        "revenues": 11232000000,
        "costofrevenue": 8569000000,
        "sellinggeneralandadministrativeexpense": 1251000000,
        "researchanddevelopmentexpense": 431000000,
        "interestexpenseoffinancialproducts": 189000000,
        "otheroperatingincomeexpensenet": -298000000,
        "operatingexpenses": 10738000000,
        "operatingincomeloss": 2020000000,
        "interestexpenseexcludingfinancialproducts": 103000000,
        "othernonoperatingincomeexpense": 88000000,
        "incomelossfromcontinuingoperationsbeforeincometaxesminorityinterestandincomelossfromequitymethodinvestments": 2005000000,
        "incometaxexpensebenefit": 518000000,
        "profitofconsolidatedcompanies": 1487000000,
        "incomelossfromequitymethodinvestments": 7000000,
        "netincomelossattributabletononcontrollinginterest": 0,
        "netincomelossavailabletocommonstockholdersbasic": 1494000000,
        "earningspersharebasic": 2.7,
        "earningspersharediluted": 2.67,
        "weightedaveragenumberofsharesoutstandingbasic": -575000000,
        "weightedaveragenumberofdilutedsharesoutstanding": -581100000
    },
    {
        "date": "2019-06-29",
        "symbol": "CAT",
        "period": "Q2",
        "othercomprehensiveincomelossforeigncurrencytranslationadjustmenttax": -6000000,
        "othercomprehensiveincomelossamortizationadjustmentfromaocipensionandotherpostretirementbenefitplansfornetpriorservicecostcredittax": -3000000,
        "othercomprehensiveincomeunrealizedholdinggainlossonsecuritiesarisingduringperiodtax": 2000000,
        "othercomprehensiveincomelosscashflowhedgegainlossbeforereclassificationtax": -4000000,
        "othercomprehensiveincomelosscashflowhedgegainlossreclassificationtax": 1000000,
        "profitloss": 1619000000,
        "othercomprehensiveincomelossforeigncurrencytransactionandtranslationadjustmentnetoftax": 99000000,
        "othercomprehensiveincomelossamortizationadjustmentfromaocipensionandotherpostretirementbenefitplansfornetpriorservicecostcreditnetoftax": -7000000,
        "othercomprehensiveincomelosscashflowhedgegainlossbeforereclassificationaftertax": -16000000,
        "othercomprehensiveincomelosscashflowhedgegainlossreclassificationaftertax": 1000000,
        "othercomprehensiveincomeunrealizedholdinggainlossonsecuritiesarisingduringperiodnetoftax": 15000000,
        "othercomprehensiveincomelossreclassificationadjustmentfromaociforsaleofsecuritiesnetoftax": 1000000,
        "othercomprehensiveincomelossnetoftax": 89000000,
        "comprehensiveincomenetoftaxincludingportionattributabletononcontrollinginterest": 1708000000,
        "comprehensiveincomenetoftaxattributabletononcontrollinginterest": -1000000,
        "comprehensiveincomenetoftax": 1709000000,
        "revenues": 13671000000,
        "costofrevenue": 9941000000,
        "sellinggeneralandadministrativeexpense": 1309000000,
        "researchanddevelopmentexpense": 441000000,
        "interestexpenseoffinancialproducts": 192000000,
        "otheroperatingincomeexpensenet": -336000000,
        "operatingexpenses": 12219000000,
        "operatingincomeloss": 2213000000,
        "interestexpenseexcludingfinancialproducts": 103000000,
        "othernonoperatingincomeexpense": 68000000,
        "incomelossfromcontinuingoperationsbeforeincometaxesminorityinterestandincomelossfromequitymethodinvestments": 2178000000,
        "incometaxexpensebenefit": 565000000,
        "profitofconsolidatedcompanies": 1613000000,
        "incomelossfromequitymethodinvestments": 6000000,
        "netincomelossattributabletononcontrollinginterest": -1000000,
        "netincomelossavailabletocommonstockholdersbasic": 1620000000,
        "earningspersharebasic": 2.85,
        "earningspersharediluted": 2.83,
        "weightedaveragenumberofsharesoutstandingbasic": 567800000,
        "weightedaveragenumberofdilutedsharesoutstanding": 573100000
    },
    {
        "date": "2019-03-30",
        "symbol": "CAT",
        "period": "Q1",
        "profitloss": 1881000000,
        "othercomprehensiveincomelossforeigncurrencytransactionandtranslationadjustmentnetoftax": -22000000,
        "othercomprehensiveincomelossamortizationadjustmentfromaocipensionandotherpostretirementbenefitplansfornetpriorservicecostcreditnetoftax": -7000000,
        "othercomprehensiveincomelosscashflowhedgegainlossbeforereclassificationaftertax": 10000000,
        "othercomprehensiveincomelosscashflowhedgegainlossreclassificationaftertax": 9000000,
        "othercomprehensiveincomeunrealizedholdinggainlossonsecuritiesarisingduringperiodnetoftax": 15000000,
        "othercomprehensiveincomelossreclassificationadjustmentfromaociforsaleofsecuritiesnetoftax": -1000000,
        "othercomprehensiveincomelossnetoftax": -12000000,
        "comprehensiveincomenetoftaxincludingportionattributabletononcontrollinginterest": 1872000000,
        "comprehensiveincomenetoftaxattributabletononcontrollinginterest": 3000000,
        "comprehensiveincomenetoftax": 1869000000,
        "othercomprehensiveincomelossforeigncurrencytranslationadjustmenttax": 4000000,
        "othercomprehensiveincomelossamortizationadjustmentfromaocipensionandotherpostretirementbenefitplansfornetpriorservicecostcredittax": -3000000,
        "othercomprehensiveincomelosscashflowhedgegainlossbeforereclassificationtax": 3000000,
        "othercomprehensiveincomelosscashflowhedgegainlossreclassificationtax": 2000000,
        "othercomprehensiveincomeunrealizedholdinggainlossonsecuritiesarisingduringperiodtax": 6000000,
        "revenues": 13466000000,
        "costofrevenue": 9003000000,
        "sellinggeneralandadministrativeexpense": 1319000000,
        "researchanddevelopmentexpense": 435000000,
        "interestexpenseoffinancialproducts": 190000000,
        "otheroperatingincomeexpensenet": -312000000,
        "operatingexpenses": 11259000000,
        "operatingincomeloss": 2207000000,
        "interestexpenseexcludingfinancialproducts": 103000000,
        "othernonoperatingincomeexpense": 160000000,
        "incomelossfromcontinuingoperationsbeforeincometaxesminorityinterestandincomelossfromequitymethodinvestments": 2264000000,
        "incometaxexpensebenefit": 387000000,
        "profitofconsolidatedcompanies": 1877000000,
        "incomelossfromequitymethodinvestments": 7000000,
        "netincomelossattributabletononcontrollinginterest": 3000000,
        "netincomelossavailabletocommonstockholdersbasic": 1881000000,
        "earningspersharebasic": 3.29,
        "earningspersharediluted": 3.25,
        "weightedaveragenumberofsharesoutstandingbasic": 572400000,
        "weightedaveragenumberofdilutedsharesoutstanding": 578800000
    },
    {
        "date": "2018-09-29",
        "symbol": "CAT",
        "period": "Q3",
        "profitloss": 1710000000,
        "othercomprehensiveincomelossforeigncurrencytransactionandtranslationadjustmentnetoftax": -65000000,
        "othercomprehensiveincomelossamortizationadjustmentfromaocipensionandotherpostretirementbenefitplansfornetpriorservicecostcreditnetoftax": -7000000,
        "othercomprehensiveincomeunrealizedgainlossonderivativesarisingduringperiodnetoftax": 32000000,
        "othercomprehensiveincomelossreclassificationadjustmentfromaocionderivativesnetoftax": 31000000,
        "othercomprehensiveincomeunrealizedholdinggainlossonsecuritiesarisingduringperiodnetoftax": -1000000,
        "othercomprehensiveincomelossnetoftax": -72000000,
        "comprehensiveincomenetoftaxincludingportionattributabletononcontrollinginterest": 1655000000,
        "comprehensiveincomenetoftax": 1655000000,
        "othercomprehensiveincomelossforeigncurrencytranslationadjustmenttax": 3000000,
        "othercomprehensiveincomelossamortizationadjustmentfromaocipensionandotherpostretirementbenefitplansfornetpriorservicecostcredittax": -2000000,
        "othercomprehensiveincomeunrealizedgainlossonderivativesarisingduringperiodtax": 9000000,
        "othercomprehensiveincomelossreclassificationadjustmentfromaocionderivativestax": 8000000,
        "othercomprehensiveincomeunrealizedholdinggainlossonsecuritiesarisingduringperiodtax": 0,
        "revenues": 20457000000,
        "sellinggeneralandadministrativeexpense": 1299000000,
        "researchanddevelopmentexpense": 479000000,
        "interestexpenseoffinancialproducts": -172000000,
        "otheroperatingincomeexpensenet": -396000000,
        "operatingexpenses": 11375000000,
        "operatingincomeloss": 2111000000,
        "interestexpenseexcludingfinancialproducts": -101000000,
        "othernonoperatingincomeexpense": -251000000,
        "incomelossfromcontinuingoperationsbeforeincometaxesminorityinterestandincomelossfromequitymethodinvestments": 4778000000,
        "incometaxexpensebenefit": 410000000,
        "profitofconsolidatedcompanies": 1701000000,
        "incomelossfromequitymethodinvestments": 7000000,
        "netincomelossavailabletocommonstockholdersbasic": 1708000000,
        "earningspersharebasic": 2.930000000000001,
        "earningspersharediluted": 2.889999999999999,
        "weightedaveragenumberofsharesoutstandingbasic": -598900000,
        "weightedaveragenumberofdilutedsharesoutstanding": -608400000
    },
    {
        "date": "2018-06-29",
        "symbol": "CAT",
        "period": "Q2",
        "profitloss": 1713000000,
        "othercomprehensiveincomelossforeigncurrencytransactionandtranslationadjustmentnetoftax": -411000000,
        "othercomprehensiveincomelossamortizationadjustmentfromaocipensionandotherpostretirementbenefitplansfornetpriorservicecostcreditnetoftax": -7000000,
        "othercomprehensiveincomeunrealizedgainlossonderivativesarisingduringperiodnetoftax": 36000000,
        "othercomprehensiveincomelossreclassificationadjustmentfromaocionderivativesnetoftax": 96000000,
        "othercomprehensiveincomeunrealizedholdinggainlossonsecuritiesarisingduringperiodnetoftax": -2000000,
        "othercomprehensiveincomelossnetoftax": -480000000,
        "comprehensiveincomenetoftaxincludingportionattributabletononcontrollinginterest": 1225000000,
        "comprehensiveincomenetoftaxattributabletononcontrollinginterest": -2000000,
        "comprehensiveincomenetoftax": 1227000000,
        "othercomprehensiveincomelossforeigncurrencytranslationadjustmenttax": 30000000,
        "othercomprehensiveincomelossamortizationadjustmentfromaocipensionandotherpostretirementbenefitplansfornetpriorservicecostcredittax": -1000000,
        "othercomprehensiveincomeunrealizedgainlossonderivativesarisingduringperiodtax": 13000000,
        "othercomprehensiveincomelossreclassificationadjustmentfromaocionderivativestax": 30000000,
        "othercomprehensiveincomeunrealizedholdinggainlossonsecuritiesarisingduringperiodtax": -1000000,
        "salesrevenuenet": 13330000000,
        "financialservicesrevenue": 829000000,
        "revenues": 14111000000,
        "costofgoodssold": 9463000000,
        "sellinggeneralandadministrativeexpense": 1440000000,
        "researchanddevelopmentexpense": 462000000,
        "interestexpenseoffinancialproducts": 5000000,
        "otheroperatingincomeexpensenet": -338000000,
        "operatingexpenses": 11844000000,
        "operatingincomeloss": 2177000000,
        "interestexpenseexcludingfinancialproducts": 2000000,
        "othernonoperatingincomeexpense": 123000000,
        "incomelossfromcontinuingoperationsbeforeincometaxesminorityinterestandincomelossfromequitymethodinvestments": 2711000000,
        "incometaxexpensebenefit": 492000000,
        "profitofconsolidatedcompanies": 1704000000,
        "incomelossfromequitymethodinvestments": 9000000,
        "netincomelossattributabletononcontrollinginterest": -2000000,
        "netincomelossavailabletocommonstockholdersbasic": 1715000000,
        "earningspersharebasic": 2.86,
        "earningspersharediluted": 2.82,
        "weightedaveragenumberofsharesoutstandingbasic": 596200000,
        "weightedaveragenumberofdilutedsharesoutstanding": 604200000,
        "commonstockdividendspersharedeclared": 1.64
    },
    {
        "date": "2018-03-30",
        "symbol": "CAT",
        "period": "Q1",
        "profitloss": 1665000000,
        "othercomprehensiveincomelossforeigncurrencytransactionandtranslationadjustmentnetoftax": 184000000,
        "othercomprehensiveincomedefinedbenefitplannetpriorservicecostscreditarisingduringperiodnetoftax": 2000000,
        "othercomprehensiveincomelossamortizationadjustmentfromaocipensionandotherpostretirementbenefitplansfornetpriorservicecostcreditnetoftax": -7000000,
        "othercomprehensiveincomeunrealizedgainlossonderivativesarisingduringperiodnetoftax": 5000000,
        "othercomprehensiveincomelossreclassificationadjustmentfromaocionderivativesnetoftax": -18000000,
        "othercomprehensiveincomeunrealizedholdinggainlossonsecuritiesarisingduringperiodnetoftax": -11000000,
        "othercomprehensiveincomelossnetoftax": 187000000,
        "comprehensiveincomenetoftaxincludingportionattributabletononcontrollinginterest": 1854000000,
        "comprehensiveincomenetoftaxattributabletononcontrollinginterest": 2000000,
        "comprehensiveincomenetoftax": 1852000000,
        "othercomprehensiveincomelossforeigncurrencytranslationadjustmenttax": -15000000,
        "othercomprehensiveincomelosspensionandotherpostretirementbenefitplansbenefitplanimprovementtaxeffect": 1000000,
        "othercomprehensiveincomelossamortizationadjustmentfromaocipensionandotherpostretirementbenefitplansfornetpriorservicecostcredittax": -2000000,
        "othercomprehensiveincomeunrealizedgainlossonderivativesarisingduringperiodtax": 1000000,
        "othercomprehensiveincomelossreclassificationadjustmentfromaocionderivativestax": -6000000,
        "othercomprehensiveincomeunrealizedholdinggainlossonsecuritiesarisingduringperiodtax": -2000000,
        "salesrevenuenet": 12150000000,
        "financialservicesrevenue": 793000000,
        "revenues": 6093000000,
        "costofgoodssold": 8566000000,
        "sellinggeneralandadministrativeexpense": 1276000000,
        "researchanddevelopmentexpense": 443000000,
        "interestexpenseoffinancialproducts": 166000000,
        "otheroperatingincomeexpensenet": -300000000,
        "operatingexpenses": 10751000000,
        "operatingincomeloss": 2108000000,
        "interestexpenseexcludingfinancialproducts": 101000000,
        "othernonoperatingincomeexpense": 127000000,
        "incomelossfromcontinuingoperationsbeforeincometaxesminorityinterestandincomelossfromequitymethodinvestments": 378000000,
        "incometaxexpensebenefit": 472000000,
        "profitofconsolidatedcompanies": 1662000000,
        "incomelossfromequitymethodinvestments": 5000000,
        "netincomelossattributabletononcontrollinginterest": 2000000,
        "netincomelossavailabletocommonstockholdersbasic": 1665000000,
        "earningspersharebasic": 2.78,
        "earningspersharediluted": 2.74,
        "weightedaveragenumberofsharesoutstandingbasic": 598000000,
        "weightedaveragenumberofdilutedsharesoutstanding": 608000000
    },
    {
        "date": "2017-09-29",
        "symbol": "CAT",
        "period": "Q3",
        "profitloss": 1059000000,
        "othercomprehensiveincomelossforeigncurrencytransactionandtranslationadjustmentnetoftax": 248000000,
        "othercomprehensiveincomelossamortizationadjustmentfromaocipensionandotherpostretirementbenefitplansfornetpriorservicecostcreditnetoftax": -4000000,
        "othercomprehensiveincomelossreclassificationadjustmentfromaocionderivativesnetoftax": -11000000,
        "othercomprehensiveincomeunrealizedholdinggainlossonsecuritiesarisingduringperiodnetoftax": 11000000,
        "othercomprehensiveincomelossnetoftax": 238000000,
        "comprehensiveincomenetoftaxincludingportionattributabletononcontrollinginterest": 1299000000,
        "comprehensiveincomenetoftaxattributabletononcontrollinginterest": 2000000,
        "comprehensiveincomenetoftax": 1297000000,
        "othercomprehensiveincomelossforeigncurrencytranslationadjustmenttax": -28000000,
        "othercomprehensiveincomelossamortizationadjustmentfromaocipensionandotherpostretirementbenefitplansfornetpriorservicecostcredittax": -2000000,
        "othercomprehensiveincomelossreclassificationadjustmentfromaocionderivativestax": -5000000,
        "othercomprehensiveincomeunrealizedholdinggainlossonsecuritiesarisingduringperiodtax": 8000000,
        "salesrevenuenet": 10713000000,
        "financialservicesrevenue": 700000000,
        "revenues": 11459000000,
        "costofgoodssold": 7633000000,
        "sellinggeneralandadministrativeexpense": 1237000000,
        "researchanddevelopmentexpense": 455000000,
        "interestexpenseoffinancialproducts": -2000000,
        "otheroperatingincomeexpensenet": -348000000,
        "operatingexpenses": 9836000000,
        "operatingincomeloss": 1577000000,
        "interestexpenseexcludingfinancialproducts": 2000000,
        "othernonoperatingincomeexpense": -11000000,
        "incomelossfromcontinuingoperationsbeforeincometaxesminorityinterestandincomelossfromequitymethodinvestments": 2045000000,
        "incometaxexpensebenefit": 12000000,
        "profitofconsolidatedcompanies": 1053000000,
        "netincomelossattributabletononcontrollinginterest": 2000000,
        "netincomelossavailabletocommonstockholdersbasic": -11000000,
        "earningspersharebasic": 1.79,
        "earningspersharediluted": 1.7699999999999998,
        "weightedaveragenumberofsharesoutstandingbasic": 1500000,
        "weightedaveragenumberofdilutedsharesoutstanding": 2100000
    },
    {
        "date": "2017-06-29",
        "symbol": "CAT",
        "period": "Q2",
        "profitloss": 802000000,
        "othercomprehensiveincomelossforeigncurrencytransactionandtranslationadjustmentnetoftax": 324000000,
        "othercomprehensiveincomedefinedbenefitplannetpriorservicecostscreditarisingduringperiodnetoftax": 0,
        "othercomprehensiveincomelossamortizationadjustmentfromaocipensionandotherpostretirementbenefitplansfornetpriorservicecostcreditnetoftax": -4000000,
        "othercomprehensiveincomeunrealizedgainlossonderivativesarisingduringperiodnetoftax": 0,
        "othercomprehensiveincomelossreclassificationadjustmentfromaocionderivativesnetoftax": -26000000,
        "othercomprehensiveincomeunrealizedholdinggainlossonsecuritiesarisingduringperiodnetoftax": 10000000,
        "othercomprehensiveincomelossreclassificationadjustmentfromaociforsaleofsecuritiesnetoftax": 0,
        "othercomprehensiveincomelossnetoftax": 356000000,
        "comprehensiveincomenetoftaxincludingportionattributabletononcontrollinginterest": 1159000000,
        "comprehensiveincomenetoftaxattributabletononcontrollinginterest": 1000000,
        "comprehensiveincomenetoftax": 1158000000,
        "othercomprehensiveincomelossforeigncurrencytranslationadjustmenttax": -51000000,
        "othercomprehensiveincomelosspensionandotherpostretirementbenefitplansbenefitplanimprovementtaxeffect": 0,
        "othercomprehensiveincomelossamortizationadjustmentfromaocipensionandotherpostretirementbenefitplansfornetpriorservicecostcredittax": -3000000,
        "othercomprehensiveincomeunrealizedgainlossonderivativesarisingduringperiodtax": 0,
        "othercomprehensiveincomelossreclassificationadjustmentfromaocionderivativestax": -14000000,
        "othercomprehensiveincomeunrealizedholdinggainlossonsecuritiesarisingduringperiodtax": 3000000,
        "othercomprehensiveincomelossreclassificationadjustmentfromaociforsaleofsecuritiestax": 0,
        "salesrevenuenet": 10639000000,
        "financialservicesrevenue": 692000000,
        "revenues": 11461000000,
        "costofgoodssold": 7769000000,
        "sellinggeneralandadministrativeexpense": 1289000000,
        "researchanddevelopmentexpense": 453000000,
        "interestexpenseoffinancialproducts": -162000000,
        "otheroperatingincomeexpensenet": -407000000,
        "operatingexpenses": 10080000000,
        "operatingincomeloss": 1251000000,
        "interestexpenseexcludingfinancialproducts": -120000000,
        "othernonoperatingincomeexpense": 3000000,
        "incomelossfromcontinuingoperationsbeforeincometaxesminorityinterestandincomelossfromequitymethodinvestments": 3128000000,
        "incometaxexpensebenefit": -91000000,
        "profitofconsolidatedcompanies": 798000000,
        "netincomelossattributabletononcontrollinginterest": 1000000,
        "netincomelossavailabletocommonstockholdersbasic": -194000000,
        "earningspersharebasic": 1.3599999999999999,
        "earningspersharediluted": 1.3499999999999999,
        "weightedaveragenumberofsharesoutstandingbasic": 1300000,
        "weightedaveragenumberofdilutedsharesoutstanding": 1200000
    },
    {
        "date": "2017-03-30",
        "symbol": "CAT",
        "period": "Q1",
        "profitloss": 192000000,
        "othercomprehensiveincomelossforeigncurrencytransactionandtranslationadjustmentnetoftax": 147000000,
        "othercomprehensiveincomedefinedbenefitplannetpriorservicecostscreditarisingduringperiodnetoftax": -8000000,
        "othercomprehensiveincomelossamortizationadjustmentfromaocipensionandotherpostretirementbenefitplansfornetpriorservicecostcreditnetoftax": -4000000,
        "othercomprehensiveincomeunrealizedgainlossonderivativesarisingduringperiodnetoftax": 10000000,
        "othercomprehensiveincomelossreclassificationadjustmentfromaocionderivativesnetoftax": -40000000,
        "othercomprehensiveincomeunrealizedholdinggainlossonsecuritiesarisingduringperiodnetoftax": 8000000,
        "othercomprehensiveincomelossreclassificationadjustmentfromaociforsaleofsecuritiesnetoftax": -3000000,
        "othercomprehensiveincomelossnetoftax": 212000000,
        "comprehensiveincomenetoftaxincludingportionattributabletononcontrollinginterest": 406000000,
        "comprehensiveincomenetoftaxattributabletononcontrollinginterest": 2000000,
        "comprehensiveincomenetoftax": 404000000,
        "othercomprehensiveincomelossforeigncurrencytranslationadjustmenttax": -7000000,
        "othercomprehensiveincomelosspensionandotherpostretirementbenefitplansbenefitplanimprovementtaxeffect": -4000000,
        "othercomprehensiveincomelossamortizationadjustmentfromaocipensionandotherpostretirementbenefitplansfornetpriorservicecostcredittax": -1000000,
        "othercomprehensiveincomeunrealizedgainlossonderivativesarisingduringperiodtax": 5000000,
        "othercomprehensiveincomelossreclassificationadjustmentfromaocionderivativestax": -22000000,
        "othercomprehensiveincomeunrealizedholdinggainlossonsecuritiesarisingduringperiodtax": 6000000,
        "othercomprehensiveincomelossreclassificationadjustmentfromaociforsaleofsecuritiestax": -1000000,
        "salesrevenuenet": 9130000000,
        "financialservicesrevenue": 692000000,
        "revenues": 9822000000,
        "costofgoodssold": 6758000000,
        "sellinggeneralandadministrativeexpense": 1045000000,
        "researchanddevelopmentexpense": 418000000,
        "interestexpenseoffinancialproducts": 159000000,
        "otheroperatingincomeexpensenet": -1025000000,
        "operatingexpenses": 9405000000,
        "operatingincomeloss": 417000000,
        "interestexpenseexcludingfinancialproducts": 123000000,
        "othernonoperatingincomeexpense": -5000000,
        "incomelossfromcontinuingoperationsbeforeincometaxesminorityinterestandincomelossfromequitymethodinvestments": 289000000,
        "incometaxexpensebenefit": 90000000,
        "profitofconsolidatedcompanies": 199000000,
        "incomelossfromequitymethodinvestments": -5000000,
        "netincomelossattributabletononcontrollinginterest": 2000000,
        "netincomelossavailabletocommonstockholdersbasic": 192000000,
        "earningspersharebasic": 0.33,
        "earningspersharediluted": 0.32,
        "weightedaveragenumberofsharesoutstandingbasic": 587500000,
        "weightedaveragenumberofdilutedsharesoutstanding": 593200000
    },
    {
        "date": "2016-09-29",
        "symbol": "CAT",
        "period": "Q3",
        "profitloss": 204000000,
        "othercomprehensiveincomelossforeigncurrencytransactionandtranslationadjustmentnetoftax": 139000000,
        "othercomprehensiveincomedefinedbenefitplannetpriorservicecostscreditarisingduringperiodnetoftax": -2000000,
        "othercomprehensiveincomelossamortizationadjustmentfromaocipensionandotherpostretirementbenefitplansfornetpriorservicecostcreditnetoftax": -10000000,
        "othercomprehensiveincomeunrealizedgainlossonderivativesarisingduringperiodnetoftax": -28000000,
        "othercomprehensiveincomelossreclassificationadjustmentfromaocionderivativesnetoftax": -6000000,
        "othercomprehensiveincomeunrealizedholdinggainlossonsecuritiesarisingduringperiodnetoftax": 5000000,
        "othercomprehensiveincomelossreclassificationadjustmentfromaociforsaleofsecuritiesnetoftax": 6000000,
        "othercomprehensiveincomelossnetoftax": 185000000,
        "comprehensiveincomenetoftaxincludingportionattributabletononcontrollinginterest": 389000000,
        "comprehensiveincomenetoftaxattributabletononcontrollinginterest": 0,
        "comprehensiveincomenetoftax": 389000000,
        "othercomprehensiveincomelossforeigncurrencytranslationadjustmenttax": -4000000,
        "othercomprehensiveincomelossamortizationadjustmentfromaocipensionandotherpostretirementbenefitplansfornetpriorservicecostcredittax": -5000000,
        "othercomprehensiveincomeunrealizedgainlossonderivativesarisingduringperiodtax": -16000000,
        "othercomprehensiveincomelossreclassificationadjustmentfromaocionderivativestax": -2000000,
        "othercomprehensiveincomeunrealizedholdinggainlossonsecuritiesarisingduringperiodtax": 1000000,
        "othercomprehensiveincomelossreclassificationadjustmentfromaociforsaleofsecuritiestax": 3000000,
        "salesrevenuenet": 8463000000,
        "financialservicesrevenue": 697000000,
        "revenues": 9214000000,
        "costofgoodssold": 6588000000,
        "sellinggeneralandadministrativeexpense": 1025000000,
        "researchanddevelopmentexpense": 464000000,
        "interestexpenseoffinancialproducts": 0,
        "otheroperatingincomeexpensenet": -560000000,
        "operatingexpenses": 8784000000,
        "operatingincomeloss": 376000000,
        "interestexpenseexcludingfinancialproducts": 2000000,
        "othernonoperatingincomeexpense": 13000000,
        "incomelossfromcontinuingoperationsbeforeincometaxesminorityinterestandincomelossfromequitymethodinvestments": 1004000000,
        "incometaxexpensebenefit": 55000000,
        "profitofconsolidatedcompanies": 208000000,
        "incomelossfromequitymethodinvestments": -4000000,
        "netincomelossattributabletononcontrollinginterest": 0,
        "netincomelossavailabletocommonstockholdersbasic": 204000000,
        "earningspersharebasic": 0.3499999999999998,
        "earningspersharediluted": 0.3499999999999998,
        "weightedaveragenumberofsharesoutstandingbasic": 400000,
        "weightedaveragenumberofdilutedsharesoutstanding": 500000
    },
    {
        "date": "2016-06-29",
        "symbol": "CAT",
        "period": "Q2",
        "profitloss": 386000000,
        "othercomprehensiveincomelossforeigncurrencytransactionandtranslationadjustmentnetoftax": -100000000,
        "othercomprehensiveincomedefinedbenefitplannetpriorservicecostscreditarisingduringperiodnetoftax": 1000000,
        "othercomprehensiveincomelossamortizationadjustmentfromaocipensionandotherpostretirementbenefitplansfornetpriorservicecostcreditnetoftax": -9000000,
        "othercomprehensiveincomeunrealizedgainlossonderivativesarisingduringperiodnetoftax": -18000000,
        "othercomprehensiveincomelossreclassificationadjustmentfromaocionderivativesnetoftax": -1000000,
        "othercomprehensiveincomeunrealizedholdinggainlossonsecuritiesarisingduringperiodnetoftax": 10000000,
        "othercomprehensiveincomelossreclassificationadjustmentfromaociforsaleofsecuritiesnetoftax": 20000000,
        "othercomprehensiveincomelossnetoftax": 18000000,
        "comprehensiveincomenetoftaxincludingportionattributabletononcontrollinginterest": 403000000,
        "comprehensiveincomenetoftaxattributabletononcontrollinginterest": 3000000,
        "comprehensiveincomenetoftax": 400000000,
        "othercomprehensiveincomelossforeigncurrencytranslationadjustmenttax": 20000000,
        "othercomprehensiveincomelosspensionandotherpostretirementbenefitplansbenefitplanimprovementtaxeffect": 0,
        "othercomprehensiveincomelossamortizationadjustmentfromaocipensionandotherpostretirementbenefitplansfornetpriorservicecostcredittax": -6000000,
        "othercomprehensiveincomeunrealizedgainlossonderivativesarisingduringperiodtax": -11000000,
        "othercomprehensiveincomelossreclassificationadjustmentfromaocionderivativestax": -1000000,
        "othercomprehensiveincomeunrealizedholdinggainlossonsecuritiesarisingduringperiodtax": 3000000,
        "othercomprehensiveincomelossreclassificationadjustmentfromaociforsaleofsecuritiestax": 10000000,
        "salesrevenuenet": 9645000000,
        "financialservicesrevenue": 697000000,
        "revenues": 10392000000,
        "costofgoodssold": 7539000000,
        "sellinggeneralandadministrativeexpense": 1192000000,
        "researchanddevelopmentexpense": 489000000,
        "interestexpenseoffinancialproducts": -149000000,
        "otheroperatingincomeexpensenet": -399000000,
        "operatingexpenses": 9767000000,
        "operatingincomeloss": 575000000,
        "interestexpenseexcludingfinancialproducts": -126000000,
        "othernonoperatingincomeexpense": 43000000,
        "incomelossfromcontinuingoperationsbeforeincometaxesminorityinterestandincomelossfromequitymethodinvestments": 1191000000,
        "incometaxexpensebenefit": 105000000,
        "profitofconsolidatedcompanies": 387000000,
        "incomelossfromequitymethodinvestments": -2000000,
        "netincomelossattributabletononcontrollinginterest": 3000000,
        "netincomelossavailabletocommonstockholdersbasic": 382000000,
        "earningspersharebasic": 0.6600000000000001,
        "earningspersharediluted": 0.6500000000000001,
        "weightedaveragenumberofsharesoutstandingbasic": 600000,
        "weightedaveragenumberofdilutedsharesoutstanding": 500000
    },
    {
        "date": "2016-03-30",
        "symbol": "CAT",
        "period": "Q1",
        "profitloss": 271000000,
        "othercomprehensiveincomelossforeigncurrencytransactionandtranslationadjustmentnetoftax": 408000000,
        "othercomprehensiveincomedefinedbenefitplannetpriorservicecostscreditarisingduringperiodnetoftax": -118000000,
        "othercomprehensiveincomelossamortizationadjustmentfromaocipensionandotherpostretirementbenefitplansfornetpriorservicecostcreditnetoftax": -10000000,
        "othercomprehensiveincomeunrealizedgainlossonderivativesarisingduringperiodnetoftax": 9000000,
        "othercomprehensiveincomelossreclassificationadjustmentfromaocionderivativesnetoftax": -9000000,
        "othercomprehensiveincomeunrealizedholdinggainlossonsecuritiesarisingduringperiodnetoftax": 6000000,
        "othercomprehensiveincomelossreclassificationadjustmentfromaociforsaleofsecuritiesnetoftax": -2000000,
        "othercomprehensiveincomelossnetoftax": 542000000,
        "comprehensiveincomenetoftaxincludingportionattributabletononcontrollinginterest": 814000000,
        "comprehensiveincomenetoftaxattributabletononcontrollinginterest": 1000000,
        "comprehensiveincomenetoftax": 813000000,
        "othercomprehensiveincomelossforeigncurrencytranslationadjustmenttax": -32000000,
        "othercomprehensiveincomelosspensionandotherpostretirementbenefitplansbenefitplanimprovementtaxeffect": -69000000,
        "othercomprehensiveincomelossamortizationadjustmentfromaocipensionandotherpostretirementbenefitplansfornetpriorservicecostcredittax": -5000000,
        "othercomprehensiveincomeunrealizedgainlossonderivativesarisingduringperiodtax": 6000000,
        "othercomprehensiveincomelossreclassificationadjustmentfromaocionderivativestax": -5000000,
        "othercomprehensiveincomeunrealizedholdinggainlossonsecuritiesarisingduringperiodtax": 5000000,
        "othercomprehensiveincomelossreclassificationadjustmentfromaociforsaleofsecuritiestax": -1000000,
        "salesrevenuenet": 8780000000,
        "financialservicesrevenue": 681000000,
        "revenues": 9513000000,
        "costofgoodssold": 6822000000,
        "sellinggeneralandadministrativeexpense": 1088000000,
        "researchanddevelopmentexpense": 508000000,
        "interestexpenseoffinancialproducts": 152000000,
        "otheroperatingincomeexpensenet": -397000000,
        "operatingexpenses": 8967000000,
        "operatingincomeloss": 494000000,
        "interestexpenseexcludingfinancialproducts": 129000000,
        "othernonoperatingincomeexpense": 4000000,
        "incomelossfromcontinuingoperationsbeforeincometaxesminorityinterestandincomelossfromequitymethodinvestments": 922000000,
        "incometaxexpensebenefit": 92000000,
        "profitofconsolidatedcompanies": 273000000,
        "incomelossfromequitymethodinvestments": -1000000,
        "netincomelossattributabletononcontrollinginterest": 1000000,
        "netincomelossavailabletocommonstockholdersbasic": 271000000,
        "earningspersharebasic": 0.46,
        "earningspersharediluted": 0.46,
        "weightedaveragenumberofsharesoutstandingbasic": 582800000,
        "weightedaveragenumberofdilutedsharesoutstanding": 587700000
    },
    {
        "date": "2015-09-29",
        "symbol": "CAT",
        "period": "Q3",
        "profitloss": 367000000,
        "othercomprehensiveincomelossforeigncurrencytransactionandtranslationadjustmentnetoftax": 566000000,
        "othercomprehensiveincomedefinedbenefitplansnetunamortizedgainlossarisingduringperiodnetoftax": 44000000,
        "othercomprehensiveincomelossreclassificationadjustmentfromaocipensionandotherpostretirementbenefitplansfornetgainlossnetoftax": -108000000,
        "othercomprehensiveincomelossamortizationadjustmentfromaocipensionandotherpostretirementbenefitplansfornetpriorservicecostcreditnetoftax": -8000000,
        "othercomprehensiveincomeunrealizedgainlossonderivativesarisingduringperiodnetoftax": -12000000,
        "othercomprehensiveincomelossreclassificationadjustmentfromaocionderivativesnetoftax": -20000000,
        "othercomprehensiveincomeunrealizedholdinggainlossonsecuritiesarisingduringperiodnetoftax": -15000000,
        "othercomprehensiveincomelossreclassificationadjustmentfromaociforsaleofsecuritiesnetoftax": 18000000,
        "othercomprehensiveincomelossnetoftax": -115000000,
        "comprehensiveincomenetoftaxincludingportionattributabletononcontrollinginterest": 256000000,
        "comprehensiveincomenetoftaxattributabletononcontrollinginterest": 2000000,
        "comprehensiveincomenetoftax": 254000000,
        "othercomprehensiveincomelossforeigncurrencytranslationadjustmenttax": 5000000,
        "othercomprehensiveincomedefinedbenefitplansnetunamortizedgainlossarisingduringperiodtax": 21000000,
        "othercomprehensiveincomelossreclassificationadjustmentfromaocipensionandotherpostretirementbenefitplansfornetgainlosstax": -56000000,
        "othercomprehensiveincomelossamortizationadjustmentfromaocipensionandotherpostretirementbenefitplansfornetpriorservicecostcredittax": -5000000,
        "othercomprehensiveincomeunrealizedgainlossonderivativesarisingduringperiodtax": -7000000,
        "othercomprehensiveincomelossreclassificationadjustmentfromaocionderivativestax": -11000000,
        "othercomprehensiveincomeunrealizedholdinggainlossonsecuritiesarisingduringperiodtax": -10000000,
        "salesrevenuenet": 10285000000,
        "financialservicesrevenue": 677000000,
        "revenues": 10553000000,
        "costofgoodssold": 7954000000,
        "sellinggeneralandadministrativeexpense": 1225000000,
        "researchanddevelopmentexpense": 534000000,
        "interestexpenseoffinancialproducts": -148000000,
        "otheroperatingincomeexpensenet": -394000000,
        "operatingexpenses": 10249000000,
        "operatingincomeloss": 713000000,
        "interestexpenseexcludingfinancialproducts": -126000000,
        "othernonoperatingincomeexpense": -127000000,
        "incomelossfromcontinuingoperationsbeforeincometaxesminorityinterestandincomelossfromequitymethodinvestments": 1152000000,
        "incometaxexpensebenefit": -418000000,
        "profitofconsolidatedcompanies": 374000000,
        "incomelossfromequitymethodinvestments": -3000000,
        "netincomelossattributabletononcontrollinginterest": 3000000,
        "netincomelossavailabletocommonstockholdersbasic": -1091000000,
        "earningspersharebasic": 0.6400000000000003,
        "earningspersharediluted": 0.6499999999999999,
        "weightedaveragenumberofsharesoutstandingbasic": -610200000,
        "weightedaveragenumberofdilutedsharesoutstanding": -618100000
    },
    {
        "date": "2015-06-29",
        "symbol": "CAT",
        "period": "Q2",
        "profitloss": 711000000,
        "othercomprehensiveincomelossforeigncurrencytransactionandtranslationadjustmentnetoftax": 216000000,
        "othercomprehensiveincomedefinedbenefitplansnetunamortizedgainlossarisingduringperiodnetoftax": 19000000,
        "othercomprehensiveincomelossreclassificationadjustmentfromaocipensionandotherpostretirementbenefitplansfornetgainlossnetoftax": -109000000,
        "othercomprehensiveincomelossamortizationadjustmentfromaocipensionandotherpostretirementbenefitplansfornetpriorservicecostcreditnetoftax": -9000000,
        "othercomprehensiveincomeunrealizedgainlossonderivativesarisingduringperiodnetoftax": 11000000,
        "othercomprehensiveincomelossreclassificationadjustmentfromaocionderivativesnetoftax": -25000000,
        "othercomprehensiveincomeunrealizedholdinggainlossonsecuritiesarisingduringperiodnetoftax": -6000000,
        "othercomprehensiveincomelossreclassificationadjustmentfromaociforsaleofsecuritiesnetoftax": 1000000,
        "othercomprehensiveincomelossnetoftax": 364000000,
        "comprehensiveincomenetoftaxincludingportionattributabletononcontrollinginterest": 1075000000,
        "comprehensiveincomenetoftaxattributabletononcontrollinginterest": -7000000,
        "comprehensiveincomenetoftax": 1082000000,
        "othercomprehensiveincomelossforeigncurrencytranslationadjustmenttax": -30000000,
        "othercomprehensiveincomedefinedbenefitplansnetunamortizedgainlossarisingduringperiodtax": 12000000,
        "othercomprehensiveincomelossreclassificationadjustmentfromaocipensionandotherpostretirementbenefitplansfornetgainlosstax": -56000000,
        "othercomprehensiveincomelossamortizationadjustmentfromaocipensionandotherpostretirementbenefitplansfornetpriorservicecostcredittax": -5000000,
        "othercomprehensiveincomeunrealizedgainlossonderivativesarisingduringperiodtax": 7000000,
        "othercomprehensiveincomelossreclassificationadjustmentfromaocionderivativestax": -15000000,
        "othercomprehensiveincomeunrealizedholdinggainlossonsecuritiesarisingduringperiodtax": -4000000,
        "salesrevenuenet": 11583000000,
        "financialservicesrevenue": 734000000,
        "revenues": 11761000000,
        "costofgoodssold": 8762000000,
        "sellinggeneralandadministrativeexpense": 1389000000,
        "researchanddevelopmentexpense": 532000000,
        "interestexpenseoffinancialproducts": 2000000,
        "otheroperatingincomeexpensenet": -356000000,
        "operatingexpenses": 11187000000,
        "operatingincomeloss": 1130000000,
        "interestexpenseexcludingfinancialproducts": 1000000,
        "othernonoperatingincomeexpense": 1000000,
        "incomelossfromcontinuingoperationsbeforeincometaxesminorityinterestandincomelossfromequitymethodinvestments": 1677000000,
        "incometaxexpensebenefit": -15000000,
        "profitofconsolidatedcompanies": 709000000,
        "incomelossfromequitymethodinvestments": 2000000,
        "netincomelossattributabletononcontrollinginterest": 1000000,
        "netincomelossavailabletocommonstockholdersbasic": 1000000,
        "earningspersharebasic": 1.18,
        "earningspersharediluted": 1.16,
        "weightedaveragenumberofsharesoutstandingbasic": 603200000,
        "weightedaveragenumberofdilutedsharesoutstanding": 610700000,
        "commonstockdividendspersharedeclared": 1.47
    },
    {
        "date": "2015-03-30",
        "symbol": "CAT",
        "period": "Q1",
        "profitloss": 1111000000,
        "othercomprehensiveincomelossforeigncurrencytransactionandtranslationadjustmentnetoftax": -791000000,
        "othercomprehensiveincomedefinedbenefitplansnetunamortizedgainlossarisingduringperiodnetoftax": 5000000,
        "othercomprehensiveincomelossreclassificationadjustmentfromaocipensionandotherpostretirementbenefitplansfornetgainlossnetoftax": -109000000,
        "othercomprehensiveincomelossamortizationadjustmentfromaocipensionandotherpostretirementbenefitplansfornetpriorservicecostcreditnetoftax": -9000000,
        "othercomprehensiveincomeunrealizedgainlossonderivativesarisingduringperiodnetoftax": -14000000,
        "othercomprehensiveincomelossreclassificationadjustmentfromaocionderivativesnetoftax": -24000000,
        "othercomprehensiveincomeunrealizedholdinggainlossonsecuritiesarisingduringperiodnetoftax": 8000000,
        "othercomprehensiveincomelossreclassificationadjustmentfromaociforsaleofsecuritiesnetoftax": 2000000,
        "othercomprehensiveincomelossnetoftax": -670000000,
        "comprehensiveincomenetoftaxincludingportionattributabletononcontrollinginterest": 444000000,
        "comprehensiveincomenetoftaxattributabletononcontrollinginterest": 3000000,
        "comprehensiveincomenetoftax": 441000000,
        "othercomprehensiveincomelossforeigncurrencytranslationadjustmenttax": 85000000,
        "othercomprehensiveincomedefinedbenefitplansnetunamortizedgainlossarisingduringperiodtax": 2000000,
        "othercomprehensiveincomelossreclassificationadjustmentfromaocipensionandotherpostretirementbenefitplansfornetgainlosstax": -56000000,
        "othercomprehensiveincomelossamortizationadjustmentfromaocipensionandotherpostretirementbenefitplansfornetpriorservicecostcredittax": -4000000,
        "othercomprehensiveincomeunrealizedgainlossonderivativesarisingduringperiodtax": -9000000,
        "othercomprehensiveincomelossreclassificationadjustmentfromaocionderivativestax": -14000000,
        "othercomprehensiveincomeunrealizedholdinggainlossonsecuritiesarisingduringperiodtax": 4000000,
        "othercomprehensiveincomelossreclassificationadjustmentfromaociforsaleofsecuritiestax": 1000000,
        "salesrevenuenet": 11961000000,
        "financialservicesrevenue": 741000000,
        "revenues": 12180000000,
        "costofgoodssold": 8843000000,
        "sellinggeneralandadministrativeexpense": 1318000000,
        "researchanddevelopmentexpense": 546000000,
        "interestexpenseoffinancialproducts": 150000000,
        "otheroperatingincomeexpensenet": -318000000,
        "operatingexpenses": 11175000000,
        "operatingincomeloss": 1527000000,
        "interestexpenseexcludingfinancialproducts": 129000000,
        "othernonoperatingincomeexpense": 157000000,
        "incomelossfromcontinuingoperationsbeforeincometaxesminorityinterestandincomelossfromequitymethodinvestments": 2038000000,
        "incometaxexpensebenefit": 443000000,
        "profitofconsolidatedcompanies": 1112000000,
        "incomelossfromequitymethodinvestments": 2000000,
        "netincomelossattributabletononcontrollinginterest": 3000000,
        "netincomelossavailabletocommonstockholdersbasic": 1111000000,
        "earningspersharebasic": 1.84,
        "earningspersharediluted": 1.81,
        "weightedaveragenumberofsharesoutstandingbasic": 604900000,
        "weightedaveragenumberofdilutedsharesoutstanding": 612700000
    },
    {
        "date": "2014-09-29",
        "symbol": "CAT",
        "period": "Q3",
        "profitloss": 4000000,
        "othercomprehensiveincomelossforeigncurrencytransactionandtranslationadjustmentnetoftax": -710000000,
        "othercomprehensiveincomelossreclassificationadjustmentfromaocipensionandotherpostretirementbenefitplansfornetgainlossnetoftax": -86000000,
        "othercomprehensiveincomelossamortizationadjustmentfromaocipensionandotherpostretirementbenefitplansfornetpriorservicecostcreditnetoftax": -6000000,
        "othercomprehensiveincomeunrealizedgainlossonderivativesarisingduringperiodnetoftax": -30000000,
        "othercomprehensiveincomelossreclassificationadjustmentfromaocionderivativesnetoftax": 0,
        "othercomprehensiveincomeunrealizedholdinggainlossonsecuritiesarisingduringperiodnetoftax": -5000000,
        "othercomprehensiveincomelossnetoftax": -674000000,
        "comprehensiveincomenetoftaxincludingportionattributabletononcontrollinginterest": 347000000,
        "comprehensiveincomenetoftaxattributabletononcontrollinginterest": 4000000,
        "comprehensiveincomenetoftax": 343000000,
        "othercomprehensiveincomelossreclassificationadjustmentfromaocipensionandotherpostretirementbenefitplansfornetgainlosstax": -44000000,
        "othercomprehensiveincomelossamortizationadjustmentfromaocipensionandotherpostretirementbenefitplansfornetpriorservicecostcredittax": -3000000,
        "othercomprehensiveincomeunrealizedgainlossonderivativesarisingduringperiodtax": -17000000,
        "othercomprehensiveincomelossreclassificationadjustmentfromaocionderivativestax": 1000000,
        "othercomprehensiveincomeunrealizedholdinggainlossonsecuritiesarisingduringperiodtax": -5000000,
        "salesrevenuenet": 12758000000,
        "financialservicesrevenue": 791000000,
        "revenues": 67000000,
        "costofgoodssold": 9634000000,
        "sellinggeneralandadministrativeexpense": 1446000000,
        "researchanddevelopmentexpense": 533000000,
        "interestexpenseoffinancialproducts": 2000000,
        "otheroperatingincomeexpensenet": -387000000,
        "operatingexpenses": 12157000000,
        "operatingincomeloss": 1392000000,
        "interestexpenseexcludingfinancialproducts": 1000000,
        "othernonoperatingincomeexpense": 20000000,
        "incomelossfromcontinuingoperationsbeforeincometaxesminorityinterestandincomelossfromequitymethodinvestments": 2956000000,
        "incometaxexpensebenefit": 1000000,
        "profitofconsolidatedcompanies": 1017000000,
        "incomelossfromequitymethodinvestments": 4000000,
        "netincomelossattributabletononcontrollinginterest": 4000000,
        "netincomelossavailabletocommonstockholdersbasic": -67000000,
        "earningspersharebasic": 1.6700000000000006,
        "earningspersharediluted": 1.6399999999999997,
        "weightedaveragenumberofsharesoutstandingbasic": -6200000
    },
    {
        "date": "2014-06-29",
        "symbol": "CAT",
        "period": "Q2",
        "profitloss": 3000000,
        "othercomprehensiveincomelossforeigncurrencytransactionandtranslationadjustmentnetoftax": 69000000,
        "othercomprehensiveincomelossreclassificationadjustmentfromaocipensionandotherpostretirementbenefitplansfornetgainlossnetoftax": -86000000,
        "othercomprehensiveincomelossamortizationadjustmentfromaocipensionandotherpostretirementbenefitplansfornetpriorservicecostcreditnetoftax": -6000000,
        "othercomprehensiveincomeunrealizedgainlossonderivativesarisingduringperiodnetoftax": -11000000,
        "othercomprehensiveincomelossreclassificationadjustmentfromaocionderivativesnetoftax": 5000000,
        "othercomprehensiveincomeunrealizedholdinggainlossonsecuritiesarisingduringperiodnetoftax": 15000000,
        "othercomprehensiveincomelossreclassificationadjustmentfromaociforsaleofsecuritiesnetoftax": 0,
        "othercomprehensiveincomelossnetoftax": 118000000,
        "comprehensiveincomenetoftaxincludingportionattributabletononcontrollinginterest": 1120000000,
        "comprehensiveincomenetoftaxattributabletononcontrollinginterest": 3000000,
        "comprehensiveincomenetoftax": 1117000000,
        "othercomprehensiveincomelossreclassificationadjustmentfromaocipensionandotherpostretirementbenefitplansfornetgainlosstax": -44000000,
        "othercomprehensiveincomelossamortizationadjustmentfromaocipensionandotherpostretirementbenefitplansfornetpriorservicecostcredittax": -4000000,
        "othercomprehensiveincomeunrealizedgainlossonderivativesarisingduringperiodtax": -6000000,
        "othercomprehensiveincomelossreclassificationadjustmentfromaocionderivativestax": 3000000,
        "othercomprehensiveincomeunrealizedholdinggainlossonsecuritiesarisingduringperiodtax": 8000000,
        "othercomprehensiveincomelossreclassificationadjustmentfromaociforsaleofsecuritiestax": 0,
        "salesrevenuenet": 13391000000,
        "financialservicesrevenue": 759000000,
        "revenues": -2105000000,
        "costofgoodssold": 10197000000,
        "sellinggeneralandadministrativeexpense": 1437000000,
        "researchanddevelopmentexpense": 516000000,
        "interestexpenseoffinancialproducts": 1000000,
        "otheroperatingincomeexpensenet": -372000000,
        "operatingexpenses": 12675000000,
        "operatingincomeloss": 1475000000,
        "interestexpenseexcludingfinancialproducts": -108000000,
        "othernonoperatingincomeexpense": 15000000,
        "incomelossfromcontinuingoperationsbeforeincometaxesminorityinterestandincomelossfromequitymethodinvestments": 335000000,
        "incometaxexpensebenefit": 2000000,
        "profitofconsolidatedcompanies": 1001000000,
        "incomelossfromequitymethodinvestments": 1000000,
        "netincomelossattributabletononcontrollinginterest": 3000000,
        "netincomelossavailabletocommonstockholdersbasic": -60000000,
        "earningspersharebasic": 1.59,
        "earningspersharediluted": 1.56,
        "weightedaveragenumberofsharesoutstandingbasic": 100000,
        "weightedaveragenumberofdilutedsharesoutstanding": 0
    },
    {
        "date": "2014-03-30",
        "symbol": "CAT",
        "period": "Q1",
        "profitloss": 3000000,
        "othercomprehensiveincomelossforeigncurrencytransactionandtranslationadjustmentnetoftax": -1000000,
        "othercomprehensiveincomelossreclassificationadjustmentfromaocipensionandotherpostretirementbenefitplansfornetgainlossnetoftax": -86000000,
        "othercomprehensiveincomelossamortizationadjustmentfromaocipensionandotherpostretirementbenefitplansfornetpriorservicecostcreditnetoftax": -6000000,
        "othercomprehensiveincomeunrealizedgainlossonderivativesarisingduringperiodnetoftax": -16000000,
        "othercomprehensiveincomelossreclassificationadjustmentfromaocionderivativesnetoftax": 5000000,
        "othercomprehensiveincomeunrealizedholdinggainlossonsecuritiesarisingduringperiodnetoftax": 8000000,
        "othercomprehensiveincomelossreclassificationadjustmentfromaociforsaleofsecuritiesnetoftax": 10000000,
        "othercomprehensiveincomelossnetoftax": 96000000,
        "comprehensiveincomenetoftaxincludingportionattributabletononcontrollinginterest": 1021000000,
        "comprehensiveincomenetoftaxattributabletononcontrollinginterest": 2000000,
        "comprehensiveincomenetoftax": 1019000000,
        "othercomprehensiveincomelossreclassificationadjustmentfromaocipensionandotherpostretirementbenefitplansfornetgainlosstax": -44000000,
        "othercomprehensiveincomelossamortizationadjustmentfromaocipensionandotherpostretirementbenefitplansfornetpriorservicecostcredittax": -3000000,
        "othercomprehensiveincomeunrealizedgainlossonderivativesarisingduringperiodtax": -10000000,
        "othercomprehensiveincomelossreclassificationadjustmentfromaocionderivativestax": 3000000,
        "othercomprehensiveincomeunrealizedholdinggainlossonsecuritiesarisingduringperiodtax": 3000000,
        "othercomprehensiveincomelossreclassificationadjustmentfromaociforsaleofsecuritiestax": 4000000,
        "salesrevenuenet": 12493000000,
        "financialservicesrevenue": 748000000,
        "revenues": 2236000000,
        "costofgoodssold": 9437000000,
        "sellinggeneralandadministrativeexpense": 1292000000,
        "researchanddevelopmentexpense": 508000000,
        "interestexpenseoffinancialproducts": 1000000,
        "otheroperatingincomeexpensenet": -446000000,
        "operatingexpenses": 11843000000,
        "operatingincomeloss": 1398000000,
        "interestexpenseexcludingfinancialproducts": 110000000,
        "othernonoperatingincomeexpense": -1000000,
        "incomelossfromcontinuingoperationsbeforeincometaxesminorityinterestandincomelossfromequitymethodinvestments": 149000000,
        "incometaxexpensebenefit": 4000000,
        "profitofconsolidatedcompanies": 924000000,
        "incomelossfromequitymethodinvestments": 1000000,
        "netincomelossattributabletononcontrollinginterest": 3000000,
        "netincomelossavailabletocommonstockholdersbasic": -80000000,
        "earningspersharebasic": 1.47,
        "earningspersharediluted": 1.44,
        "weightedaveragenumberofsharesoutstandingbasic": 626700000,
        "weightedaveragenumberofdilutedsharesoutstanding": 639300000
    },
    {
        "date": "2013-09-29",
        "symbol": "CAT",
        "period": "Q3",
        "profitloss": 1819000000,
        "othercomprehensiveincomelossforeigncurrencytransactionandtranslationadjustmentnetoftax": 289000000,
        "othercomprehensiveincomedefinedbenefitplansnetunamortizedgainlossarisingduringperiodnetoftax": -3000000,
        "othercomprehensiveincomeunrealizedgainlossonderivativesarisingduringperiodnetoftax": 26000000,
        "othercomprehensiveincomeunrealizedholdinggainlossonsecuritiesarisingduringperiodnetoftax": 9000000,
        "othercomprehensiveincomelossnetoftax": 451000000,
        "comprehensiveincomenetoftaxincludingportionattributabletononcontrollinginterest": 1401000000,
        "comprehensiveincomenetoftaxattributabletononcontrollinginterest": 4000000,
        "comprehensiveincomenetoftax": 1397000000,
        "othercomprehensiveincomelossforeigncurrencytranslationadjustmenttax": -33000000,
        "othercomprehensiveincomedefinedbenefitplansnetunamortizedgainlossarisingduringperiodtax": -2000000,
        "othercomprehensiveincomeunrealizedgainlossonderivativesarisingduringperiodtax": 15000000,
        "othercomprehensiveincomeunrealizedholdinggainlossonsecuritiesarisingduringperiodtax": 6000000,
        "salesrevenuenet": 12678000000,
        "financialservicesrevenue": 745000000,
        "revenues": 38620000000,
        "costofgoodssold": 9774000000,
        "sellinggeneralandadministrativeexpense": 1319000000,
        "researchanddevelopmentexpense": 469000000,
        "interestexpenseoffinancialproducts": 1000000,
        "otheroperatingincomeexpensenet": -282000000,
        "operatingexpenses": 12022000000,
        "operatingincomeloss": 2623000000,
        "interestexpenseexcludingfinancialproducts": 116000000,
        "othernonoperatingincomeexpense": -30000000,
        "incomelossfromcontinuingoperationsbeforeincometaxesminorityinterestandincomelossfromequitymethodinvestments": -881000000,
        "incometaxexpensebenefit": -114000000,
        "profitofconsolidatedcompanies": 951000000,
        "incomelossfromequitymethodinvestments": -1000000,
        "netincomelossattributabletononcontrollinginterest": 4000000,
        "netincomelossavailabletocommonstockholdersbasic": -403000000,
        "earningspersharebasic": 1.4799999999999998,
        "earningspersharediluted": 1.4499999999999997,
        "weightedaveragenumberofsharesoutstandingbasic": -658500000,
        "weightedaveragenumberofdilutedsharesoutstanding": -673000000
    },
    {
        "date": "2013-06-29",
        "symbol": "CAT",
        "period": "Q2",
        "profitloss": 965000000,
        "othercomprehensiveincomelossforeigncurrencytransactionandtranslationadjustmentnetoftax": -180000000,
        "othercomprehensiveincomedefinedbenefitplansnetunamortizedgainlossarisingduringperiodnetoftax": 12000000,
        "othercomprehensiveincomereclassificationofdefinedbenefitplansnetgainlossrecognizedinnetperiodicbenefitcostnetoftax": 130000000,
        "othercomprehensiveincomelossamortizationpensionandotherpostretirementbenefitplansnetpriorservicecostrecognizedinnetperiodicpensioncostnetoftax": 9000000,
        "othercomprehensiveincomeunrealizedgainlossonderivativesarisingduringperiodnetoftax": 7000000,
        "othercomprehensiveincomelossreclassificationadjustmentonderivativesincludedinnetincomenetoftax": 22000000,
        "othercomprehensiveincomeunrealizedholdinggainlossonsecuritiesarisingduringperiodnetoftax": -10000000,
        "othercomprehensiveincomelossreclassificationadjustmentforsaleofsecuritiesincludedinnetincomenetoftax": 1000000,
        "othercomprehensiveincomelossnetoftax": -27000000,
        "comprehensiveincomenetoftaxincludingportionattributabletononcontrollinginterest": 938000000,
        "comprehensiveincomenetoftaxattributabletononcontrollinginterest": 7000000,
        "comprehensiveincomenetoftax": 931000000,
        "othercomprehensiveincomelossforeigncurrencytranslationadjustmenttax": -29000000,
        "othercomprehensiveincomedefinedbenefitplansnetunamortizedgainlossarisingduringperiodtax": 6000000,
        "othercomprehensiveincomelossreclassificationpensionandotherpostretirementbenefitplansnetgainlossrecognizedinnetperiodicbenefitcosttax": 67000000,
        "othercomprehensiveincomeamortizationofdefinedbenefitplannetpriorservicecostrecognizedinnetperiodicpensioncosttax": 4000000,
        "othercomprehensiveincomeunrealizedgainlossonderivativesarisingduringperiodtax": 5000000,
        "othercomprehensiveincomelossreclassificationadjustmentonderivativesincludedinnetincometax": 12000000,
        "othercomprehensiveincomeunrealizedholdinggainlossonsecuritiesarisingduringperiodtax": -6000000,
        "salesrevenuenet": 13886000000,
        "financialservicesrevenue": 735000000,
        "revenues": 211000000,
        "costofgoodssold": 10773000000,
        "sellinggeneralandadministrativeexpense": 1421000000,
        "researchanddevelopmentexpense": 548000000,
        "interestexpenseoffinancialproducts": 2000000,
        "otheroperatingincomeexpensenet": -137000000,
        "operatingexpenses": 13064000000,
        "operatingincomeloss": 955000000,
        "interestexpenseexcludingfinancialproducts": 120000000,
        "othernonoperatingincomeexpense": -31000000,
        "incomelossfromcontinuingoperationsbeforeincometaxesminorityinterestandincomelossfromequitymethodinvestments": 230000000,
        "incometaxexpensebenefit": -12000000,
        "profitofconsolidatedcompanies": 966000000,
        "incomelossfromequitymethodinvestments": -1000000,
        "netincomelossattributabletononcontrollinginterest": 5000000,
        "netincomelossavailabletocommonstockholdersbasic": -1000000,
        "earningspersharebasic": 1.48,
        "earningspersharediluted": 1.45,
        "weightedaveragenumberofsharesoutstandingbasic": 649900000,
        "weightedaveragenumberofdilutedsharesoutstanding": 662700000,
        "commonstockdividendspersharedeclared": 1.12
    },
    {
        "date": "2013-03-30",
        "symbol": "CAT",
        "period": "Q1",
        "profitloss": 2000000,
        "othercomprehensiveincomelossforeigncurrencytransactionandtranslationadjustmentnetoftax": -366000000,
        "othercomprehensiveincomedefinedbenefitplansnetunamortizedgainlossarisingduringperiodnetoftax": 15000000,
        "othercomprehensiveincomereclassificationofdefinedbenefitplansnetgainlossrecognizedinnetperiodicbenefitcostnetoftax": 129000000,
        "othercomprehensiveincomelossamortizationpensionandotherpostretirementbenefitplansnetpriorservicecostrecognizedinnetperiodicpensioncostnetoftax": 9000000,
        "othercomprehensiveincomereclassificationofdefinedbenefitplannettransitionassetobligationrecognizedinnetperiodicbenefitcostnetoftax": 1000000,
        "othercomprehensiveincomeunrealizedgainlossonderivativesarisingduringperiodnetoftax": -31000000,
        "othercomprehensiveincomelossreclassificationadjustmentonderivativesincludedinnetincomenetoftax": 11000000,
        "othercomprehensiveincomeunrealizedholdinggainlossonsecuritiesarisingduringperiodnetoftax": 15000000,
        "othercomprehensiveincomelossreclassificationadjustmentforsaleofsecuritiesincludedinnetincomenetoftax": -1000000,
        "othercomprehensiveincomelossnetoftax": -236000000,
        "comprehensiveincomenetoftaxincludingportionattributabletononcontrollinginterest": 646000000,
        "comprehensiveincomenetoftaxattributabletononcontrollinginterest": 2000000,
        "comprehensiveincomenetoftax": 644000000,
        "othercomprehensiveincomelossforeigncurrencytranslationadjustmenttax": 21000000,
        "othercomprehensiveincomedefinedbenefitplansnetunamortizedgainlossarisingduringperiodtax": 10000000,
        "othercomprehensiveincomelossreclassificationpensionandotherpostretirementbenefitplansnetgainlossrecognizedinnetperiodicbenefitcosttax": 67000000,
        "othercomprehensiveincomeamortizationofdefinedbenefitplannetpriorservicecostrecognizedinnetperiodicpensioncosttax": 5000000,
        "othercomprehensiveincomeunrealizedgainlossonderivativesarisingduringperiodtax": -18000000,
        "othercomprehensiveincomelossreclassificationadjustmentonderivativesincludedinnetincometax": 7000000,
        "othercomprehensiveincomeunrealizedholdinggainlossonsecuritiesarisingduringperiodtax": 8000000,
        "salesrevenuenet": 12484000000,
        "financialservicesrevenue": 726000000,
        "revenues": 217000000,
        "costofgoodssold": 9639000000,
        "sellinggeneralandadministrativeexpense": 1390000000,
        "researchanddevelopmentexpense": 562000000,
        "interestexpenseoffinancialproducts": 1000000,
        "otheroperatingincomeexpensenet": -212000000,
        "operatingexpenses": 11992000000,
        "operatingincomeloss": 598000000,
        "interestexpenseexcludingfinancialproducts": 120000000,
        "othernonoperatingincomeexpense": 1000000,
        "incomelossfromcontinuingoperationsbeforeincometaxesminorityinterestandincomelossfromequitymethodinvestments": 290000000,
        "incometaxexpensebenefit": -62000000,
        "profitofconsolidatedcompanies": 881000000,
        "incomelossfromequitymethodinvestments": 1000000,
        "netincomelossattributabletononcontrollinginterest": 2000000,
        "netincomelossavailabletocommonstockholdersbasic": 1000000,
        "earningspersharebasic": 1.34,
        "earningspersharediluted": 1.31,
        "weightedaveragenumberofsharesoutstandingbasic": 656200000,
        "weightedaveragenumberofdilutedsharesoutstanding": 671600000
    },
    {
        "date": "2012-09-29",
        "symbol": "CAT",
        "period": "Q3",
        "profitloss": -3247000000,
        "othercomprehensiveincomedefinedbenefitplansnetunamortizedgainlossarisingduringperiodnetoftax": -155000000,
        "othercomprehensiveincomereclassificationofdefinedbenefitplansnetgainlossrecognizedinnetperiodicbenefitcostnetoftax": 114000000,
        "othercomprehensiveincomedefinedbenefitplannetpriorservicecostscreditarisingduringperiodnetoftax": 2000000,
        "othercomprehensiveincomeunrealizedgainlossonderivativesarisingduringperiodnetoftax": -7000000,
        "othercomprehensiveincomeunrealizedholdinggainlossonsecuritiesarisingduringperiodnetoftax": 12000000,
        "comprehensiveincomenetoftaxincludingportionattributabletononcontrollinginterest": 1864000000,
        "comprehensiveincomenetoftaxattributabletononcontrollinginterest": 3000000,
        "comprehensiveincomenetoftax": 1861000000,
        "othercomprehensiveincomedefinedbenefitplansnetunamortizedgainlossarisingduringperiodtax": -75000000,
        "othercomprehensiveincomeunrealizedholdinggainlossonsecuritiesarisingduringperiodtax": 18000000,
        "salesrevenuenet": 15739000000,
        "financialservicesrevenue": 706000000,
        "revenues": -1563000000,
        "costofgoodssold": 11639000000,
        "sellinggeneralandadministrativeexpense": 1471000000,
        "researchanddevelopmentexpense": 634000000,
        "interestexpenseoffinancialproducts": 197000000,
        "othercostandexpenseoperating": -92000000,
        "operatingexpenses": 13849000000,
        "operatingincomeloss": 190000000,
        "interestexpenseexcludingfinancialproducts": 129000000,
        "othernonoperatingincomeexpense": -17000000,
        "incomelossfromcontinuingoperationsbeforeincometaxesminorityinterestandincomelossfromequitymethodinvestments": 6350000000,
        "incometaxexpensebenefit": 753000000,
        "profitofconsolidatedcompanies": 1697000000,
        "incomelossfromequitymethodinvestments": 5000000,
        "netincomelossattributabletononcontrollinginterest": 3000000,
        "netincomelossavailabletocommonstockholdersbasic": 1699000000,
        "earningspersharebasic": 2.599999999999999,
        "earningspersharediluted": 2.54,
        "weightedaveragenumberofsharesoutstandingbasic": 700000,
        "weightedaveragenumberofdilutedsharesoutstanding": -200000
    },
    {
        "date": "2012-06-29",
        "symbol": "CAT",
        "period": "Q2",
        "profitloss": 3260000000,
        "othercomprehensiveincomeforeigncurrencytransactionandtranslationadjustmentnetoftaxperiodincreasedecrease": -120000000,
        "othercomprehensiveincomedefinedbenefitplansnetunamortizedgainlossarisingduringperiodnetoftax": 5000000,
        "othercomprehensiveincomereclassificationofdefinedbenefitplansnetgainlossrecognizedinnetperiodicbenefitcostnetoftax": 113000000,
        "othercomprehensiveincomedefinedbenefitplannetpriorservicecostscreditarisingduringperiodnetoftax": -6000000,
        "othercomprehensiveincomeamortizationofdefinedbenefitplannetpriorservicecostrecognizedinnetperiodicpensioncostnetoftax": -7000000,
        "othercomprehensiveincomereclassificationofdefinedbenefitplannettransitionassetobligationrecognizedinnetperiodicbenefitcostnetoftax": 0,
        "othercomprehensiveincomeunrealizedgainlossonderivativesarisingduringperiodnetoftax": -2000000,
        "othercomprehensiveincomereclassificationadjustmentonderivativesincludedinnetincomenetoftax": -1000000,
        "othercomprehensiveincomeunrealizedholdinggainlossonsecuritiesarisingduringperiodnetoftax": -5000000,
        "othercomprehensiveincomereclassificationadjustmentforsaleofsecuritiesincludedinnetincomenetoftax": 0,
        "othercomprehensiveincomelossnetoftaxperiodincreasedecrease": -232000000,
        "comprehensiveincomenetoftaxincludingportionattributabletononcontrollinginterest": 1477000000,
        "comprehensiveincomenetoftaxattributabletononcontrollinginterest": 2000000,
        "comprehensiveincomenetoftax": 1475000000,
        "othercomprehensiveincomeforeigncurrencytranslationadjustmenttax": -33000000,
        "othercomprehensiveincomedefinedbenefitplansnetunamortizedgainlossarisingduringperiodtax": -14000000,
        "othercomprehensiveincomereclassificationofdefinedbenefitplansnetgainlossrecognizedinnetperiodicbenefitcosttax": -60000000,
        "othercomprehensiveincomelosspensionandotherpostretirementbenefitplansbenefitplanimprovementtaxeffect": 0,
        "othercomprehensiveincomelossamortizationpensionandotherpostretirementbenefitplansnetpriorservicecostrecognizedinnetperiodicpensioncosttaxeffect": 4000000,
        "othercomprehensiveincomeunrealizedgainlossonderivativesarisingduringperiodtax": 0,
        "othercomprehensiveincomereclassificationadjustmentonderivativesincludedinnetincometax": -2000000,
        "othercomprehensiveincomeunrealizedholdinggainlossonsecuritiesarisingduringperiodtax": 4000000,
        "salesrevenuenet": 16684000000,
        "financialservicesrevenue": 690000000,
        "revenues": 1606000000,
        "costofgoodssold": 12280000000,
        "sellinggeneralandadministrativeexpense": 1517000000,
        "researchanddevelopmentexpense": 632000000,
        "interestexpenseoffinancialproducts": 198000000,
        "othercostandexpenseoperating": 131000000,
        "operatingexpenses": 14758000000,
        "operatingincomeloss": -1930000000,
        "interestexpenseexcludingfinancialproducts": 110000000,
        "othernonoperatingincomeexpense": 70000000,
        "incomelossfromcontinuingoperationsbeforeincometaxesminorityinterestandincomelossfromequitymethodinvestments": -1908000000,
        "incometaxexpensebenefit": 872000000,
        "profitofconsolidatedcompanies": 1704000000,
        "incomelossfromequitymethodinvestments": 5000000,
        "netincomelossattributabletononcontrollinginterest": 10000000,
        "netincomelossavailabletocommonstockholdersbasic": 1699000000,
        "earningspersharebasic": 2.6,
        "earningspersharediluted": 2.5300000000000002,
        "weightedaveragenumberofsharesoutstandingbasic": 1300000,
        "weightedaveragenumberofdilutedsharesoutstanding": -300000
    },
    {
        "date": "2012-03-30",
        "symbol": "CAT",
        "period": "Q1",
        "othercomprehensiveincomeforeigncurrencytranslationadjustmenttax": 17000000,
        "othercomprehensiveincomedefinedbenefitplansnetunamortizedgainlossarisingduringperiodtax": 6000000,
        "othercomprehensiveincomereclassificationofdefinedbenefitplansnetgainlossrecognizedinnetperiodicbenefitcosttax": -60000000,
        "othercomprehensiveincomelosspensionandotherpostretirementbenefitplansbenefitplanimprovementtaxeffect": 2000000,
        "othercomprehensiveincomelossamortizationpensionandotherpostretirementbenefitplansnetpriorservicecostrecognizedinnetperiodicpensioncosttaxeffect": 4000000,
        "othercomprehensiveincomeunrealizedgainlossonderivativesarisingduringperiodtax": 16000000,
        "othercomprehensiveincomereclassificationadjustmentonderivativesincludedinnetincometax": 1000000,
        "othercomprehensiveincomeunrealizedholdinggainlossonsecuritiesarisingduringperiodtax": -9000000,
        "salesrevenuenet": 15288000000,
        "financialservicesrevenue": 693000000,
        "revenues": -81000000,
        "costofgoodssold": 11237000000,
        "sellinggeneralandadministrativeexpense": 1340000000,
        "researchanddevelopmentexpense": 587000000,
        "interestexpenseoffinancialproducts": 204000000,
        "othercostandexpenseoperating": 290000000,
        "operatingexpenses": 13658000000,
        "operatingincomeloss": 2323000000,
        "interestexpenseexcludingfinancialproducts": 113000000,
        "othernonoperatingincomeexpense": 88000000,
        "incomelossfromcontinuingoperationsbeforeincometaxesminorityinterestandincomelossfromequitymethodinvestments": 2298000000,
        "incometaxexpensebenefit": 689000000,
        "profitofconsolidatedcompanies": 1609000000,
        "incomelossfromequitymethodinvestments": 2000000,
        "profitloss": 25000000,
        "netincomelossattributabletononcontrollinginterest": 25000000,
        "netincomelossavailabletocommonstockholdersbasic": 1586000000,
        "earningspersharebasic": 2.44,
        "earningspersharediluted": 2.37,
        "weightedaveragenumberofsharesoutstandingbasic": 650000000,
        "weightedaveragenumberofdilutedsharesoutstanding": 670200000,
        "othercomprehensiveincomeforeigncurrencytransactionandtranslationadjustmentnetoftaxperiodincreasedecrease": -14000000,
        "othercomprehensiveincomedefinedbenefitplansnetunamortizedgainlossarisingduringperiodnetoftax": 10000000,
        "othercomprehensiveincomereclassificationofdefinedbenefitplansnetgainlossrecognizedinnetperiodicbenefitcostnetoftax": 113000000,
        "othercomprehensiveincomedefinedbenefitplannetpriorservicecostscreditarisingduringperiodnetoftax": 3000000,
        "othercomprehensiveincomeamortizationofdefinedbenefitplannetpriorservicecostrecognizedinnetperiodicpensioncostnetoftax": -8000000,
        "othercomprehensiveincomereclassificationofdefinedbenefitplannettransitionassetobligationrecognizedinnetperiodicbenefitcostnetoftax": 1000000,
        "othercomprehensiveincomeunrealizedgainlossonderivativesarisingduringperiodnetoftax": -26000000,
        "othercomprehensiveincomereclassificationadjustmentonderivativesincludedinnetincomenetoftax": 2000000,
        "othercomprehensiveincomeunrealizedholdinggainlossonsecuritiesarisingduringperiodnetoftax": 21000000,
        "othercomprehensiveincomereclassificationadjustmentforsaleofsecuritiesincludedinnetincomenetoftax": 2000000,
        "othercomprehensiveincomelossnetoftaxperiodincreasedecrease": 285000000,
        "comprehensiveincomenetoftaxincludingportionattributabletononcontrollinginterest": 1896000000,
        "comprehensiveincomenetoftaxattributabletononcontrollinginterest": 15000000,
        "comprehensiveincomenetoftax": 1881000000
    },
    {
        "date": "2011-09-29",
        "symbol": "CAT",
        "period": "Q3",
        "salesrevenuenet": 15023000000,
        "financialservicesrevenue": 693000000,
        "revenues": -12644000000,
        "costofgoodssold": 11455000000,
        "sellinggeneralandadministrativeexpense": 1360000000,
        "researchanddevelopmentexpense": 584000000,
        "interestexpenseoffinancialproducts": 211000000,
        "othercostandexpenseoperating": 347000000,
        "operatingexpenses": 13957000000,
        "operatingincomeloss": 1759000000,
        "interestexpenseexcludingfinancialproducts": 112000000,
        "othernonoperatingincomeexpense": -13000000,
        "incomelossfromcontinuingoperationsbeforeincometaxesminorityinterestandincomelossfromequitymethodinvestments": -1032000000,
        "incometaxexpensebenefit": 474000000,
        "profitofconsolidatedcompanies": 1160000000,
        "incomelossfromequitymethodinvestments": -6000000,
        "profitloss": 1154000000,
        "netincomelossattributabletononcontrollinginterest": 13000000,
        "netincomeloss": 1141000000,
        "earningspersharebasic": 1.7699999999999998,
        "earningspersharediluted": 1.72,
        "weightedaveragenumberofsharesoutstandingbasic": -642600000,
        "weightedaveragenumberofdilutedsharesoutstanding": -666000000
    },
    {
        "date": "2011-06-29",
        "symbol": "CAT",
        "period": "Q2",
        "salesrevenuenet": 13535000000,
        "financialservicesrevenue": 695000000,
        "revenues": -5000000,
        "costofgoodssold": 10303000000,
        "sellinggeneralandadministrativeexpense": 1257000000,
        "researchanddevelopmentexpense": 584000000,
        "interestexpenseoffinancialproducts": 209000000,
        "othercostandexpenseoperating": 276000000,
        "operatingexpenses": 12629000000,
        "operatingincomeloss": 1601000000,
        "interestexpenseexcludingfinancialproducts": 90000000,
        "othernonoperatingincomeexpense": -161000000,
        "incomelossfromcontinuingoperationsbeforeincometaxesminorityinterestandincomelossfromequitymethodinvestments": 1350000000,
        "incometaxexpensebenefit": 318000000,
        "profitofconsolidatedcompanies": 1032000000,
        "incomelossfromequitymethodinvestments": -10000000,
        "profitloss": 1022000000,
        "netincomelossattributabletononcontrollinginterest": 7000000,
        "netincomeloss": 1015000000,
        "earningspersharebasic": 1.57,
        "earningspersharediluted": 1.52,
        "weightedaveragenumberofsharesoutstandingbasic": 645500000,
        "weightedaveragenumberofdilutedsharesoutstanding": 667200000,
        "commonstockdividendspersharedeclared": 0.9
    },
    {
        "date": "2011-03-30",
        "symbol": "CAT",
        "period": "Q1",
        "salesrevenuenet": 12277000000,
        "financialservicesrevenue": 672000000,
        "revenues": 12418000000,
        "costofgoodssold": 9057000000,
        "sellinggeneralandadministrativeexpense": 1099000000,
        "researchanddevelopmentexpense": 525000000,
        "interestexpenseoffinancialproducts": 203000000,
        "othercostandexpenseoperating": 232000000,
        "operatingexpenses": 11116000000,
        "operatingincomeloss": 1833000000,
        "interestexpenseexcludingfinancialproducts": 87000000,
        "othernonoperatingincomeexpense": 17000000,
        "incomelossfromcontinuingoperationsbeforeincometaxesminorityinterestandincomelossfromequitymethodinvestments": 138000000,
        "incometaxexpensebenefit": 512000000,
        "profitofconsolidatedcompanies": 1251000000,
        "incomelossfromequitymethodinvestments": -8000000,
        "profitloss": 1243000000,
        "netincomelossattributabletononcontrollinginterest": 18000000,
        "netincomeloss": 1225000000,
        "earningspersharebasic": 1.91,
        "earningspersharediluted": 1.84,
        "weightedaveragenumberofsharesoutstandingbasic": 641400000,
        "weightedaveragenumberofdilutedsharesoutstanding": 664900000
    },
    {
        "date": "2010-03-30",
        "symbol": "CAT",
        "period": "Q1",
        "salesrevenuenet": 7551000000,
        "financialservicesrevenue": 687000000,
        "revenues": 8238000000,
        "costofgoodssold": 5894000000,
        "sellinggeneralandadministrativeexpense": 932000000,
        "researchanddevelopmentexpense": 402000000,
        "interestexpenseoffinancialproducts": 233000000,
        "othercostandexpenseoperating": 269000000,
        "costsandexpenses": 7730000000,
        "operatingincomeloss": 508000000,
        "interestexpenseexcludingfinancialproducts": 102000000,
        "othernonoperatingincomeexpense": 63000000,
        "incomelossfromcontinuingoperationsbeforeincometaxesminorityinterestandincomelossfromequitymethodinvestments": 469000000,
        "incometaxexpensebenefit": 231000000,
        "profitofconsolidatedcompanies": 238000000,
        "incomelossfromequitymethodinvestments": -2000000,
        "profitloss": 3000000,
        "netincomelossattributabletononcontrollinginterest": 3000000,
        "netincomeloss": 233000000,
        "earningspersharebasic": 0.37,
        "earningspersharediluted": 0.36,
        "weightedaveragenumberofsharesoutstandingbasic": 626400000,
        "weightedaveragenumberofdilutedsharesoutstanding": 643500000
    }
]