[
    {
        "date": "2024-09-29",
        "symbol": "SYK",
        "period": "Q3",
        "revenues": 5494000000,
        "costofrevenue": -8000000,
        "grossprofit": 3517000000,
        "researchanddevelopmentexpense": 377000000,
        "sellinggeneralandadministrativeexpense": 1896000000,
        "amortizationofintangibleassets": 159000000,
        "operatingexpenses": 2432000000,
        "operatingincomeloss": 1085000000,
        "nonoperatingincomeexpense": -8000000,
        "incomelossfromcontinuingoperationsbeforeincometaxesextraordinaryitemsnoncontrollinginterest": 1043000000,
        "incometaxexpensebenefit": -4000000,
        "netincomeloss": 834000000,
        "earningspersharebasic": 2.18,
        "earningspersharediluted": 2.16,
        "weightedaveragenumberofsharesoutstandingbasic": 381100000,
        "weightedaveragenumberdilutedsharesoutstandingadjustment": 4500000,
        "weightedaveragenumberofdilutedsharesoutstanding": 385600000,
        "commonstockdividendspersharedeclared": 0.8,
        "othercomprehensiveincomelosspensionandotherpostretirementbenefitplansadjustmentnetoftax": 2000000,
        "derivativegainlossonderivativenet": -27000000,
        "othercomprehensiveincomelossforeigncurrencytransactionandtranslationadjustmentnetoftax": -161000000,
        "othercomprehensiveincomelossnetoftax": -190000000,
        "comprehensiveincomenetoftax": 644000000
    },
    {
        "date": "2024-06-29",
        "symbol": "SYK",
        "period": "Q2",
        "revenues": 5422000000,
        "costofrevenue": 2006000000,
        "grossprofit": 3416000000,
        "researchanddevelopmentexpense": 363000000,
        "sellinggeneralandadministrativeexpense": 1847000000,
        "amortizationofintangibleassets": 155000000,
        "operatingexpenses": 2365000000,
        "operatingincomeloss": 1051000000,
        "nonoperatingincomeexpense": -53000000,
        "incomelossfromcontinuingoperationsbeforeincometaxesextraordinaryitemsnoncontrollinginterest": 998000000,
        "incometaxexpensebenefit": 173000000,
        "netincomeloss": 825000000,
        "earningspersharebasic": 2.17,
        "earningspersharediluted": 2.14,
        "weightedaveragenumberofsharesoutstandingbasic": 381000000,
        "weightedaveragenumberdilutedsharesoutstandingadjustment": 4400000,
        "weightedaveragenumberofdilutedsharesoutstanding": 385400000,
        "commonstockdividendspersharedeclared": 0.8,
        "othercomprehensiveincomelosspensionandotherpostretirementbenefitplansadjustmentnetoftax": 1000000,
        "derivativegainlossonderivativenet": -3000000,
        "othercomprehensiveincomelossforeigncurrencytransactionandtranslationadjustmentnetoftax": 26000000,
        "othercomprehensiveincomelossnetoftax": 22000000,
        "comprehensiveincomenetoftax": 847000000
    },
    {
        "date": "2024-03-30",
        "symbol": "SYK",
        "period": "Q1",
        "revenues": 5243000000,
        "costofrevenue": 1910000000,
        "grossprofit": 3333000000,
        "researchanddevelopmentexpense": 368000000,
        "sellinggeneralandadministrativeexpense": 1840000000,
        "amortizationofintangibleassets": 153000000,
        "operatingexpenses": 2361000000,
        "operatingincomeloss": 972000000,
        "nonoperatingincomeexpense": -49000000,
        "incomelossfromcontinuingoperationsbeforeincometaxesextraordinaryitemsnoncontrollinginterest": 923000000,
        "incometaxexpensebenefit": 135000000,
        "netincomeloss": 788000000,
        "earningspersharebasic": 2.07,
        "earningspersharediluted": 2.05,
        "weightedaveragenumberofsharesoutstandingbasic": 380400000,
        "weightedaveragenumberdilutedsharesoutstandingadjustment": 4700000,
        "weightedaveragenumberofdilutedsharesoutstanding": 385100000,
        "commonstockdividendspersharedeclared": 0.8,
        "othercomprehensiveincomelosspensionandotherpostretirementbenefitplansadjustmentnetoftax": -2000000,
        "derivativegainlossonderivativenet": 2000000,
        "othercomprehensiveincomelossforeigncurrencytransactionandtranslationadjustmentnetoftax": 35000000,
        "othercomprehensiveincomelossnetoftax": 39000000,
        "comprehensiveincomenetoftax": 827000000
    },
    {
        "date": "2023-12-30",
        "symbol": "SYK",
        "period": "Q4",
        "revenues": 8505000000,
        "costofrevenue": 3887000000,
        "grossprofit": 3703000000,
        "researchanddevelopmentexpense": 350000000,
        "sellinggeneralandadministrativeexpense": 1941000000,
        "amortizationofintangibleassets": 149000000,
        "operatingexpenses": 2446000000,
        "operatingincomeloss": 2214000000,
        "nonoperatingincomeexpense": -77000000,
        "incomelossfromcontinuingoperationsbeforeincometaxesextraordinaryitemsnoncontrollinginterest": 1226000000,
        "incometaxexpensebenefit": 175000000,
        "netincomeloss": 1143000000,
        "earningspersharebasic": 3.0099999999999993,
        "earningspersharediluted": 2.9800000000000004,
        "weightedaveragenumberofsharesoutstandingbasic": 379600000,
        "weightedaveragenumberdilutedsharesoutstandingadjustment": 4100000,
        "weightedaveragenumberofdilutedsharesoutstanding": 383700000,
        "othercomprehensiveincomelosspensionandotherpostretirementbenefitplansadjustmentnetoftax": 55000000,
        "derivativegainlossonderivativenet": -17000000,
        "othercomprehensiveincomelossforeigncurrencytransactionandtranslationadjustmentnetoftax": -96000000,
        "othercomprehensiveincomelossnetoftax": -167000000,
        "comprehensiveincomenetoftax": 976000000
    },
    {
        "date": "2023-09-29",
        "symbol": "SYK",
        "period": "Q3",
        "revenues": 4909000000,
        "costofrevenue": 1751000000,
        "grossprofit": 3158000000,
        "researchanddevelopmentexpense": 353000000,
        "sellinggeneralandadministrativeexpense": 1701000000,
        "productliabilityaccrualperiodexpense": 9000000,
        "amortizationofintangibleassets": 164000000,
        "operatingexpenses": 2227000000,
        "operatingincomeloss": 931000000,
        "nonoperatingincomeexpense": -62000000,
        "incomelossfromcontinuingoperationsbeforeincometaxesextraordinaryitemsnoncontrollinginterest": 869000000,
        "incometaxexpensebenefit": 177000000,
        "netincomeloss": 692000000,
        "earningspersharebasic": 1.82,
        "earningspersharediluted": 1.8,
        "weightedaveragenumberofsharesoutstandingbasic": 379800000,
        "weightedaveragenumberdilutedsharesoutstandingadjustment": 4200000,
        "weightedaveragenumberofdilutedsharesoutstanding": 384000000,
        "commonstockdividendspersharedeclared": 0.75,
        "othercomprehensiveincomelosspensionandotherpostretirementbenefitplansadjustmentnetoftax": 1000000,
        "derivativegainlossonderivativenet": 2000000,
        "othercomprehensiveincomelossforeigncurrencytransactionandtranslationadjustmentnetoftax": 80000000,
        "othercomprehensiveincomelossnetoftax": 81000000,
        "comprehensiveincomenetoftax": 773000000
    },
    {
        "date": "2023-06-29",
        "symbol": "SYK",
        "period": "Q2",
        "revenues": 4996000000,
        "costofrevenue": 1815000000,
        "grossprofit": 3181000000,
        "researchanddevelopmentexpense": 346000000,
        "sellinggeneralandadministrativeexpense": 1706000000,
        "productliabilityaccrualperiodexpense": 3000000,
        "amortizationofintangibleassets": 161000000,
        "operatingexpenses": 2216000000,
        "operatingincomeloss": 965000000,
        "nonoperatingincomeexpense": -66000000,
        "incomelossfromcontinuingoperationsbeforeincometaxesextraordinaryitemsnoncontrollinginterest": 899000000,
        "incometaxexpensebenefit": 161000000,
        "netincomeloss": 738000000,
        "earningspersharebasic": 1.95,
        "earningspersharediluted": 1.93,
        "weightedaveragenumberofsharesoutstandingbasic": 379700000,
        "weightedaveragenumberdilutedsharesoutstandingadjustment": 4200000,
        "weightedaveragenumberofdilutedsharesoutstanding": 383900000,
        "commonstockdividendspersharedeclared": 0.75,
        "othercomprehensiveincomelosspensionandotherpostretirementbenefitplansadjustmentnetoftax": 1000000,
        "derivativegainlossonderivativenet": 11000000,
        "othercomprehensiveincomelossforeigncurrencytransactionandtranslationadjustmentnetoftax": -35000000,
        "othercomprehensiveincomelossnetoftax": -25000000,
        "comprehensiveincomenetoftax": 713000000
    },
    {
        "date": "2023-03-30",
        "symbol": "SYK",
        "period": "Q1",
        "revenues": 2088000000,
        "costofrevenue": -13000000,
        "grossprofit": 3016000000,
        "researchanddevelopmentexpense": 339000000,
        "sellinggeneralandadministrativeexpense": 1781000000,
        "amortizationofintangibleassets": 161000000,
        "operatingexpenses": 2281000000,
        "operatingincomeloss": -222000000,
        "nonoperatingincomeexpense": -10000000,
        "incomelossfromcontinuingoperationsbeforeincometaxesextraordinaryitemsnoncontrollinginterest": 679000000,
        "incometaxexpensebenefit": -5000000,
        "netincomeloss": 592000000,
        "earningspersharebasic": 1.56,
        "earningspersharediluted": 1.54,
        "weightedaveragenumberofsharesoutstandingbasic": 379000000,
        "weightedaveragenumberdilutedsharesoutstandingadjustment": 4200000,
        "weightedaveragenumberofdilutedsharesoutstanding": 383200000,
        "commonstockdividendspersharedeclared": 0.75,
        "othercomprehensiveincomelosspensionandotherpostretirementbenefitplansadjustmentnetoftax": 2000000,
        "derivativegainlossonderivativenet": -9000000,
        "othercomprehensiveincomelossforeigncurrencytransactionandtranslationadjustmentnetoftax": -73000000,
        "othercomprehensiveincomelossnetoftax": -84000000,
        "comprehensiveincomenetoftax": 508000000
    },
    {
        "date": "2022-12-30",
        "symbol": "SYK",
        "period": "Q4",
        "revenues": 5202000000,
        "costofrevenue": 1966000000,
        "grossprofit": 3236000000,
        "researchanddevelopmentexpense": 326000000,
        "sellinggeneralandadministrativeexpense": 1751000000,
        "productliabilityaccrualperiodexpense": -29000000,
        "amortizationofintangibleassets": 158000000,
        "operatingexpenses": 2422000000,
        "operatingincomeloss": 814000000,
        "nonoperatingincomeexpense": -53000000,
        "incomelossfromcontinuingoperationsbeforeincometaxesextraordinaryitemsnoncontrollinginterest": 761000000,
        "netincomeloss": 563000000,
        "earningspersharebasic": 1.4800000000000004,
        "earningspersharediluted": 1.4699999999999998,
        "weightedaveragenumberofsharesoutstandingbasic": 100000,
        "weightedaveragenumberdilutedsharesoutstandingadjustment": -100000,
        "weightedaveragenumberofdilutedsharesoutstanding": 0,
        "othercomprehensiveincomelosspensionandotherpostretirementbenefitplansadjustmentnetoftax": -169000000,
        "derivativegainlossonderivativenet": -21000000,
        "othercomprehensiveincomelossforeigncurrencytransactionandtranslationadjustmentnetoftax": -280000000,
        "othercomprehensiveincomelossnetoftax": -132000000,
        "comprehensiveincomenetoftax": 431000000
    },
    {
        "date": "2022-09-29",
        "symbol": "SYK",
        "period": "Q3",
        "revenues": 4479000000,
        "costofrevenue": 1697000000,
        "grossprofit": 2782000000,
        "researchanddevelopmentexpense": 364000000,
        "sellinggeneralandadministrativeexpense": 1455000000,
        "productliabilityaccrualperiodexpense": -4000000,
        "amortizationofintangibleassets": 159000000,
        "operatingexpenses": 1974000000,
        "operatingincomeloss": 808000000,
        "nonoperatingincomeexpense": 8000000,
        "incomelossfromcontinuingoperationsbeforeincometaxesextraordinaryitemsnoncontrollinginterest": 816000000,
        "incometaxexpensebenefit": 0,
        "netincomeloss": 816000000,
        "earningspersharebasic": 2.16,
        "earningspersharediluted": 2.1400000000000006,
        "weightedaveragenumberofsharesoutstandingbasic": -377900000,
        "weightedaveragenumberdilutedsharesoutstandingadjustment": -4800000,
        "weightedaveragenumberofdilutedsharesoutstanding": -382700000,
        "commonstockdividendspersharedeclared": 0.6950000000000002,
        "othercomprehensiveincomelosspensionandotherpostretirementbenefitplansadjustmentnetoftax": -10000000,
        "derivativegainlossonderivativenet": 8000000,
        "othercomprehensiveincomelossforeigncurrencytransactionandtranslationadjustmentnetoftax": 179000000,
        "othercomprehensiveincomelossnetoftax": 197000000,
        "comprehensiveincomenetoftax": 1013000000
    },
    {
        "date": "2022-06-29",
        "symbol": "SYK",
        "period": "Q2",
        "revenues": 4493000000,
        "costofrevenue": 1667000000,
        "grossprofit": 2826000000,
        "researchanddevelopmentexpense": 351000000,
        "sellinggeneralandadministrativeexpense": 1539000000,
        "productliabilityaccrualperiodexpense": 4000000,
        "amortizationofintangibleassets": 160000000,
        "operatingexpenses": 2054000000,
        "operatingincomeloss": 772000000,
        "nonoperatingincomeexpense": -52000000,
        "incomelossfromcontinuingoperationsbeforeincometaxesextraordinaryitemsnoncontrollinginterest": 720000000,
        "incometaxexpensebenefit": 64000000,
        "netincomeloss": 656000000,
        "earningspersharebasic": 1.73,
        "earningspersharediluted": 1.72,
        "weightedaveragenumberofsharesoutstandingbasic": 378300000,
        "weightedaveragenumberdilutedsharesoutstandingadjustment": 3900000,
        "weightedaveragenumberofdilutedsharesoutstanding": 382200000,
        "commonstockdividendspersharedeclared": 0.695,
        "antidilutivesecuritiesexcludedfromcomputationofearningspershareamount": 4500000,
        "othercomprehensiveincomelosspensionandotherpostretirementbenefitplansadjustmentnetoftax": -8000000,
        "derivativegainlossonderivativenet": 24000000,
        "othercomprehensiveincomelossforeigncurrencytransactionandtranslationadjustmentnetoftax": 161000000,
        "othercomprehensiveincomelossnetoftax": 193000000,
        "comprehensiveincomenetoftax": 849000000
    },
    {
        "date": "2022-03-30",
        "symbol": "SYK",
        "period": "Q1",
        "revenues": 4275000000,
        "costofrevenue": 1541000000,
        "grossprofit": 2734000000,
        "researchanddevelopmentexpense": 413000000,
        "sellinggeneralandadministrativeexpense": 1710000000,
        "productliabilityaccrualperiodexpense": 14000000,
        "amortizationofintangibleassets": 150000000,
        "operatingexpenses": 2287000000,
        "operatingincomeloss": 447000000,
        "nonoperatingincomeexpense": -61000000,
        "incomelossfromcontinuingoperationsbeforeincometaxesextraordinaryitemsnoncontrollinginterest": 386000000,
        "incometaxexpensebenefit": 63000000,
        "netincomeloss": 323000000,
        "earningspersharebasic": 0.86,
        "earningspersharediluted": 0.84,
        "weightedaveragenumberofsharesoutstandingbasic": 377700000,
        "weightedaveragenumberdilutedsharesoutstandingadjustment": 5000000,
        "weightedaveragenumberofdilutedsharesoutstanding": 382700000,
        "commonstockdividendspersharedeclared": 0.695,
        "othercomprehensiveincomeunrealizedholdinggainlossonsecuritiesarisingduringperiodnetoftax": -1000000,
        "othercomprehensiveincomelosspensionandotherpostretirementbenefitplansadjustmentnetoftax": 1000000,
        "derivativegainlossonderivativenet": 1000000,
        "othercomprehensiveincomelossforeigncurrencytransactionandtranslationadjustmentnetoftax": 53000000,
        "othercomprehensiveincomelossnetoftax": 52000000,
        "comprehensiveincomenetoftax": 375000000
    },
    {
        "date": "2021-12-30",
        "symbol": "SYK",
        "period": "Q4",
        "revenues": 4701000000,
        "costofrevenue": 1656000000,
        "grossprofit": 3045000000,
        "researchanddevelopmentexpense": 331000000,
        "sellinggeneralandadministrativeexpense": 1745000000,
        "productliabilityaccrualperiodexpense": 5000000,
        "amortizationofintangibleassets": 145000000,
        "operatingexpenses": 2226000000,
        "operatingincomeloss": 819000000,
        "nonoperatingincomeexpense": -62000000,
        "incometaxexpensebenefit": 95000000,
        "netincomeloss": 662000000,
        "earningspersharebasic": 1.7499999999999998,
        "earningspersharediluted": 1.7300000000000004,
        "weightedaveragenumberofsharesoutstandingbasic": -753300000,
        "weightedaveragenumberdilutedsharesoutstandingadjustment": -11100000,
        "weightedaveragenumberofdilutedsharesoutstanding": -764400000,
        "othercomprehensiveincomelosspensionandotherpostretirementbenefitplansadjustmentnetoftax": -96000000,
        "derivativegainlossonderivativenet": 7000000,
        "othercomprehensiveincomelossforeigncurrencytransactionandtranslationadjustmentnetoftax": 182000000,
        "othercomprehensiveincomelossnetoftax": 285000000,
        "comprehensiveincomenetoftax": 947000000
    },
    {
        "date": "2021-09-29",
        "symbol": "SYK",
        "period": "Q3",
        "revenues": 4160000000,
        "costofrevenue": 1518000000,
        "grossprofit": 2642000000,
        "researchanddevelopmentexpense": 306000000,
        "sellinggeneralandadministrativeexpense": 1602000000,
        "productliabilityaccrualperiodexpense": 16000000,
        "amortizationofintangibleassets": 144000000,
        "operatingexpenses": 2068000000,
        "operatingincomeloss": 574000000,
        "nonoperatingincomeexpense": -79000000,
        "incomelossfromcontinuingoperationsbeforeincometaxesextraordinaryitemsnoncontrollinginterest": 495000000,
        "incometaxexpensebenefit": 57000000,
        "netincomeloss": 438000000,
        "earningspersharebasic": 1.17,
        "earningspersharediluted": 1.14,
        "weightedaveragenumberofsharesoutstandingbasic": 377100000,
        "weightedaveragenumberdilutedsharesoutstandingadjustment": 5600000,
        "weightedaveragenumberofdilutedsharesoutstanding": 382700000,
        "commonstockdividendspersharedeclared": 0.63,
        "othercomprehensiveincomeunrealizedholdinggainlossonsecuritiesarisingduringperiodnetoftax": 3000000,
        "othercomprehensiveincomelosspensionandotherpostretirementbenefitplansadjustmentnetoftax": -5000000,
        "derivativegainlossonderivativenet": 7000000,
        "othercomprehensiveincomelossforeigncurrencytransactionandtranslationadjustmentnetoftax": 112000000,
        "othercomprehensiveincomelossnetoftax": 127000000,
        "comprehensiveincomenetoftax": 565000000
    },
    {
        "date": "2021-06-29",
        "symbol": "SYK",
        "period": "Q2",
        "revenues": 4294000000,
        "costofrevenue": 1522000000,
        "grossprofit": 2772000000,
        "researchanddevelopmentexpense": 310000000,
        "sellinggeneralandadministrativeexpense": 1505000000,
        "productliabilityaccrualperiodexpense": 76000000,
        "amortizationofintangibleassets": 149000000,
        "operatingexpenses": 2040000000,
        "operatingincomeloss": 732000000,
        "nonoperatingincomeexpense": -70000000,
        "incomelossfromcontinuingoperationsbeforeincometaxesminorityinterestandincomelossfromequitymethodinvestments": 662000000,
        "incometaxexpensebenefit": 70000000,
        "netincomeloss": 592000000,
        "earningspersharebasic": 1.57,
        "earningspersharediluted": 1.55,
        "weightedaveragenumberofsharesoutstandingbasic": 376900000,
        "weightedaveragenumberdilutedsharesoutstandingadjustment": 5400000,
        "weightedaveragenumberofdilutedsharesoutstanding": 382300000,
        "commonstockdividendspersharedeclared": 0.63,
        "othercomprehensiveincomelosspensionandotherpostretirementbenefitplansadjustmentnetoftax": 4000000,
        "derivativegainlossonderivativenet": 8000000,
        "othercomprehensiveincomelossforeigncurrencytransactionandtranslationadjustmentnetoftax": -80000000,
        "othercomprehensiveincomelossnetoftax": -76000000,
        "comprehensiveincomenetoftax": 516000000
    },
    {
        "date": "2021-03-30",
        "symbol": "SYK",
        "period": "Q1",
        "revenues": 3953000000,
        "costofrevenue": 1444000000,
        "grossprofit": 2509000000,
        "researchanddevelopmentexpense": 288000000,
        "sellinggeneralandadministrativeexpense": 1575000000,
        "productliabilityaccrualperiodexpense": 6000000,
        "amortizationofintangibleassets": 181000000,
        "operatingexpenses": 2050000000,
        "operatingincomeloss": 459000000,
        "nonoperatingincomeexpense": -92000000,
        "incomelossfromcontinuingoperationsbeforeincometaxesminorityinterestandincomelossfromequitymethodinvestments": 367000000,
        "incometaxexpensebenefit": 65000000,
        "netincomeloss": 302000000,
        "earningspersharebasic": 0.8,
        "earningspersharediluted": 0.79,
        "weightedaveragenumberofsharesoutstandingbasic": 376300000,
        "weightedaveragenumberdilutedsharesoutstandingadjustment": 5400000,
        "weightedaveragenumberofdilutedsharesoutstanding": 381700000,
        "commonstockdividendspersharedeclared": 0.63,
        "othercomprehensiveincomelosspensionandotherpostretirementbenefitplansadjustmentnetoftax": -7000000,
        "derivativegainlossonderivativenet": 28000000,
        "othercomprehensiveincomelossforeigncurrencytransactionandtranslationadjustmentnetoftax": 255000000,
        "othercomprehensiveincomelossnetoftax": 290000000,
        "comprehensiveincomenetoftax": 592000000
    },
    {
        "date": "2020-09-29",
        "symbol": "SYK",
        "period": "Q3",
        "revenues": 3737000000,
        "costofrevenue": 1276000000,
        "grossprofit": 2461000000,
        "researchanddevelopmentexpense": 242000000,
        "sellinggeneralandadministrativeexpense": 1244000000,
        "productliabilityaccrualperiodexpense": 2000000,
        "amortizationofintangibleassets": 114000000,
        "operatingexpenses": 1602000000,
        "operatingincomeloss": 859000000,
        "nonoperatingincomeexpense": -79000000,
        "incomelossfromcontinuingoperationsbeforeincometaxesminorityinterestandincomelossfromequitymethodinvestments": 780000000,
        "incometaxexpensebenefit": 159000000,
        "netincomeloss": 621000000,
        "earningspersharebasic": 1.66,
        "earningspersharediluted": 1.63,
        "weightedaveragenumberofsharesoutstandingbasic": 375700000,
        "weightedaveragenumberdilutedsharesoutstandingadjustment": 4500000,
        "weightedaveragenumberofdilutedsharesoutstanding": 380200000,
        "commonstockdividendspersharedeclared": 0.575,
        "othercomprehensiveincomelosspensionandotherpostretirementbenefitplansadjustmentnetoftax": 6000000,
        "derivativegainlossonderivativenet": -2000000,
        "othercomprehensiveincomelossforeigncurrencytransactionandtranslationadjustmentnetoftax": -194000000,
        "othercomprehensiveincomelossnetoftax": -202000000,
        "comprehensiveincomenetoftax": 419000000
    },
    {
        "date": "2020-06-29",
        "symbol": "SYK",
        "period": "Q2",
        "netincomeloss": -83000000,
        "othercomprehensiveincomelosspensionandotherpostretirementbenefitplansadjustmentnetoftax": 4000000,
        "othercomprehensiveincomelossderivativesqualifyingashedgesnetoftax": -30000000,
        "othercomprehensiveincomelossforeigncurrencytransactionandtranslationadjustmentnetoftax": -58000000,
        "othercomprehensiveincomelossnetoftax": -92000000,
        "comprehensiveincomenetoftax": -175000000,
        "revenues": 2764000000,
        "costofrevenue": 1216000000,
        "grossprofit": 1548000000,
        "researchanddevelopmentexpense": 233000000,
        "sellinggeneralandadministrativeexpense": 1225000000,
        "productliabilityaccrualperiodexpense": 0,
        "amortizationofintangibleassets": 110000000,
        "operatingexpenses": 1568000000,
        "operatingincomeloss": -20000000,
        "nonoperatingincomeexpense": -67000000,
        "incomelossfromcontinuingoperationsbeforeincometaxesminorityinterestandincomelossfromequitymethodinvestments": -87000000,
        "incometaxexpensebenefit": -4000000,
        "earningspersharebasic": -0.22999999999999998,
        "earningspersharediluted": -0.21999999999999997,
        "weightedaveragenumberofsharesoutstandingbasic": 300000,
        "weightedaveragenumberdilutedsharesoutstandingadjustment": -100000,
        "weightedaveragenumberofdilutedsharesoutstanding": 200000,
        "commonstockdividendspersharedeclared": 0.575
    },
    {
        "date": "2020-03-30",
        "symbol": "SYK",
        "period": "Q1",
        "netincomeloss": 493000000,
        "othercomprehensiveincomelosspensionandotherpostretirementbenefitplansadjustmentnetoftax": 4000000,
        "othercomprehensiveincomelossderivativesqualifyingashedgesnetoftax": -26000000,
        "othercomprehensiveincomelossforeigncurrencytransactionandtranslationadjustmentnetoftax": 13000000,
        "othercomprehensiveincomelossnetoftax": -17000000,
        "comprehensiveincomenetoftax": 476000000,
        "revenues": 3588000000,
        "costofrevenue": 1257000000,
        "grossprofit": 2331000000,
        "researchanddevelopmentexpense": 254000000,
        "sellinggeneralandadministrativeexpense": 1330000000,
        "productliabilityaccrualperiodexpense": -6000000,
        "amortizationofintangibleassets": 118000000,
        "operatingexpenses": 1696000000,
        "operatingincomeloss": 635000000,
        "nonoperatingincomeexpense": -45000000,
        "incomelossfromcontinuingoperationsbeforeincometaxesminorityinterestandincomelossfromequitymethodinvestments": 590000000,
        "incometaxexpensebenefit": 97000000,
        "earningspersharebasic": 1.32,
        "earningspersharediluted": 1.3,
        "weightedaveragenumberofsharesoutstandingbasic": 374800000,
        "weightedaveragenumberdilutedsharesoutstandingadjustment": 4900000,
        "weightedaveragenumberofdilutedsharesoutstanding": 379700000,
        "commonstockdividendspersharedeclared": 0.575
    },
    {
        "date": "2019-12-30",
        "symbol": "SYK",
        "period": "Q4",
        "netincomeloss": 725000000,
        "othercomprehensiveincomelosspensionandotherpostretirementbenefitplansadjustmentnetoftax": 44000000,
        "othercomprehensiveincomelossderivativesqualifyingashedgesnetoftax": 25000000,
        "othercomprehensiveincomelossforeigncurrencytransactionandtranslationadjustmentnetoftax": -34000000,
        "othercomprehensiveincomelossnetoftax": -53000000,
        "comprehensiveincomenetoftax": 672000000,
        "revenues": 4131000000,
        "costofrevenue": 1428000000,
        "grossprofit": 2703000000,
        "researchanddevelopmentexpense": 254000000,
        "sellinggeneralandadministrativeexpense": 1380000000,
        "productliabilityaccrualperiodexpense": 13000000,
        "amortizationofintangibleassets": 112000000,
        "operatingexpenses": 1759000000,
        "operatingincomeloss": 944000000,
        "nonoperatingincomeexpense": -8000000,
        "incomelossfromcontinuingoperationsbeforeincometaxesminorityinterestandincomelossfromequitymethodinvestments": 936000000,
        "incometaxexpensebenefit": 211000000,
        "earningspersharebasic": 1.94,
        "earningspersharediluted": 1.9000000000000001,
        "weightedaveragenumberofsharesoutstandingbasic": 200000,
        "weightedaveragenumberdilutedsharesoutstandingadjustment": -100000,
        "weightedaveragenumberofdilutedsharesoutstanding": 100000
    },
    {
        "date": "2019-09-29",
        "symbol": "SYK",
        "period": "Q3",
        "netincomeloss": 466000000,
        "othercomprehensiveincomelosspensionandotherpostretirementbenefitplansadjustmentnetoftax": -13000000,
        "othercomprehensiveincomelossderivativesqualifyingashedgesnetoftax": -15000000,
        "othercomprehensiveincomelossforeigncurrencytransactionandtranslationadjustmentnetoftax": 79000000,
        "othercomprehensiveincomelossnetoftax": 77000000,
        "comprehensiveincomenetoftax": 543000000,
        "revenues": 3587000000,
        "costofrevenue": 1257000000,
        "grossprofit": 2330000000,
        "researchanddevelopmentexpense": 246000000,
        "sellinggeneralandadministrativeexpense": 1291000000,
        "productliabilityaccrualperiodexpense": 49000000,
        "amortizationofintangibleassets": 116000000,
        "operatingexpenses": 1702000000,
        "operatingincomeloss": 628000000,
        "nonoperatingincomeexpense": -47000000,
        "incomelossfromcontinuingoperationsbeforeincometaxesminorityinterestandincomelossfromequitymethodinvestments": 581000000,
        "incometaxexpensebenefit": 115000000,
        "earningspersharebasic": 1.2399999999999998,
        "earningspersharediluted": 1.2300000000000002,
        "weightedaveragenumberofsharesoutstandingbasic": 200000,
        "weightedaveragenumberdilutedsharesoutstandingadjustment": 200000,
        "weightedaveragenumberofdilutedsharesoutstanding": 400000,
        "commonstockdividendspersharedeclared": 0.52
    },
    {
        "date": "2019-06-29",
        "symbol": "SYK",
        "period": "Q2",
        "netincomeloss": 480000000,
        "othercomprehensiveincomeunrealizedholdinggainlossonsecuritiesarisingduringperiodnetoftax": 0,
        "othercomprehensiveincomelosspensionandotherpostretirementbenefitplansadjustmentnetoftax": 7000000,
        "othercomprehensiveincomelossderivativesqualifyingashedgesnetoftax": 3000000,
        "othercomprehensiveincomelossforeigncurrencytransactionandtranslationadjustmentnetoftax": -61000000,
        "othercomprehensiveincomelossnetoftax": -65000000,
        "comprehensiveincomenetoftax": 415000000,
        "revenues": 3650000000,
        "costofrevenue": 1270000000,
        "grossprofit": 2380000000,
        "researchanddevelopmentexpense": 246000000,
        "sellinggeneralandadministrativeexpense": 1282000000,
        "productliabilityaccrualperiodexpense": 117000000,
        "amortizationofintangibleassets": 122000000,
        "operatingexpenses": 1767000000,
        "operatingincomeloss": 613000000,
        "nonoperatingincomeexpense": -48000000,
        "incomelossfromcontinuingoperationsbeforeincometaxesminorityinterestandincomelossfromequitymethodinvestments": 565000000,
        "incometaxexpensebenefit": 85000000,
        "earningspersharebasic": 1.29,
        "earningspersharediluted": 1.26,
        "weightedaveragenumberofsharesoutstandingbasic": 300000,
        "weightedaveragenumberdilutedsharesoutstandingadjustment": -200000,
        "weightedaveragenumberofdilutedsharesoutstanding": 100000,
        "commonstockdividendspersharedeclared": 0.52
    },
    {
        "date": "2019-03-30",
        "symbol": "SYK",
        "period": "Q1",
        "netincomeloss": 412000000,
        "othercomprehensiveincomeunrealizedholdinggainlossonsecuritiesarisingduringperiodnetoftax": 1000000,
        "othercomprehensiveincomelosspensionandotherpostretirementbenefitplansadjustmentnetoftax": 4000000,
        "othercomprehensiveincomelossderivativesqualifyingashedgesnetoftax": -16000000,
        "othercomprehensiveincomelossforeigncurrencytransactionandtranslationadjustmentnetoftax": 85000000,
        "othercomprehensiveincomelossnetoftax": 66000000,
        "comprehensiveincomenetoftax": 478000000,
        "revenues": 3516000000,
        "costofrevenue": 1233000000,
        "grossprofit": 2283000000,
        "researchanddevelopmentexpense": 225000000,
        "sellinggeneralandadministrativeexpense": 1403000000,
        "productliabilityaccrualperiodexpense": 13000000,
        "amortizationofintangibleassets": 114000000,
        "operatingexpenses": 1755000000,
        "operatingincomeloss": 528000000,
        "nonoperatingincomeexpense": -48000000,
        "incomelossfromcontinuingoperationsbeforeincometaxesminorityinterestandincomelossfromequitymethodinvestments": 480000000,
        "incometaxexpensebenefit": 68000000,
        "earningspersharebasic": 1.1,
        "earningspersharediluted": 1.09,
        "weightedaveragenumberofsharesoutstandingbasic": 373300000,
        "weightedaveragenumberdilutedsharesoutstandingadjustment": 6000000,
        "weightedaveragenumberofdilutedsharesoutstanding": 379300000,
        "commonstockdividendspersharedeclared": 0.52
    },
    {
        "date": "2018-12-30",
        "symbol": "SYK",
        "period": "Q4",
        "netincomeloss": 2068000000,
        "othercomprehensiveincomelosspensionandotherpostretirementbenefitplansadjustmentnetoftax": 2000000,
        "othercomprehensiveincomelossderivativesqualifyingashedgesnetoftax": -1000000,
        "othercomprehensiveincomelossforeigncurrencytransactionandtranslationadjustmentnetoftax": -25000000,
        "othercomprehensiveincomelossnetoftax": -6000000,
        "comprehensiveincomenetoftax": 2041000000,
        "grossprofit": 2456000000,
        "researchanddevelopmentexpense": 221000000,
        "sellinggeneralandadministrativeexpense": 1431000000,
        "amortizationofintangibleassets": 93000000,
        "operatingexpenses": 1758000000,
        "operatingincomeloss": 541000000,
        "incomelossfromcontinuingoperationsbeforeincometaxesminorityinterestandincomelossfromequitymethodinvestments": 657000000,
        "incometaxexpensebenefit": 4000000,
        "earningspersharebasic": 5.53,
        "earningspersharediluted": 5.4399999999999995,
        "weightedaveragenumberofsharesoutstandingbasic": 100000,
        "weightedaveragenumberdilutedsharesoutstandingadjustment": -200000
    },
    {
        "date": "2018-09-29",
        "symbol": "SYK",
        "period": "Q3",
        "netincomeloss": 590000000,
        "othercomprehensiveincomelosspensionandotherpostretirementbenefitplansadjustmentnetoftax": 3000000,
        "othercomprehensiveincomelossderivativesqualifyingashedgesnetoftax": 6000000,
        "othercomprehensiveincomelossforeigncurrencytransactionandtranslationadjustmentnetoftax": -50000000,
        "othercomprehensiveincomelossnetoftax": -50000000,
        "comprehensiveincomenetoftax": 543000000,
        "grossprofit": 2155000000,
        "researchanddevelopmentexpense": 221000000,
        "sellinggeneralandadministrativeexpense": 1242000000,
        "amortizationofintangibleassets": 112000000,
        "operatingexpenses": 1579000000,
        "operatingincomeloss": 397000000,
        "nonoperatingincomeexpense": 0,
        "incomelossfromcontinuingoperationsbeforeincometaxesminorityinterestandincomelossfromequitymethodinvestments": 534000000,
        "incometaxexpensebenefit": -1000000,
        "earningspersharebasic": 1.5799999999999998,
        "earningspersharediluted": 1.55,
        "weightedaveragenumberofsharesoutstandingbasic": 100000,
        "weightedaveragenumberdilutedsharesoutstandingadjustment": -100000,
        "weightedaveragenumberofdilutedsharesoutstanding": 0,
        "commonstockdividendspersharedeclared": 0.47
    },
    {
        "date": "2018-06-29",
        "symbol": "SYK",
        "period": "Q2",
        "netincomeloss": 452000000,
        "othercomprehensiveincomeunrealizedholdinggainlossonsecuritiesarisingduringperiodnetoftax": 0,
        "othercomprehensiveincomelosspensionandotherpostretirementbenefitplansadjustmentnetoftax": -8000000,
        "othercomprehensiveincomelossderivativesqualifyingashedgesnetoftax": 2000000,
        "othercomprehensiveincomelossforeigncurrencytransactionandtranslationadjustmentnetoftax": -57000000,
        "othercomprehensiveincomelossnetoftax": -65000000,
        "comprehensiveincomenetoftax": 405000000,
        "salesrevenuenet": -1377000000,
        "costofgoodssold": -1106000000,
        "grossprofit": 2190000000,
        "researchanddevelopmentexpense": 216000000,
        "sellinggeneralandadministrativeexpense": 1190000000,
        "recallchargesnetofinsuranceproceeds": 2000000,
        "amortizationofintangibleassets": 110000000,
        "operatingexpenses": 1518000000,
        "operatingincomeloss": 275000000,
        "nonoperatingincomeexpense": 50000000,
        "incomelossfromcontinuingoperationsbeforeincometaxesminorityinterestandincomelossfromequitymethodinvestments": 623000000,
        "incometaxexpensebenefit": -100000000,
        "earningspersharebasic": 1.2100000000000002,
        "earningspersharediluted": 1.1900000000000002,
        "weightedaveragenumberofsharesoutstandingbasic": -100000,
        "weightedaveragenumberdilutedsharesoutstandingadjustment": -200000,
        "weightedaveragenumberofdilutedsharesoutstanding": -300000,
        "commonstockdividendspersharedeclared": 0.47
    },
    {
        "date": "2018-03-30",
        "symbol": "SYK",
        "period": "Q1",
        "netincomeloss": 443000000,
        "othercomprehensiveincomeunrealizedholdinggainlossonsecuritiesarisingduringperiodnetoftax": -1000000,
        "othercomprehensiveincomelosspensionandotherpostretirementbenefitplansadjustmentnetoftax": 6000000,
        "othercomprehensiveincomelossderivativesqualifyingashedgesnetoftax": 15000000,
        "othercomprehensiveincomelossforeigncurrencytransactionandtranslationadjustmentnetoftax": 35000000,
        "othercomprehensiveincomelossnetoftax": 43000000,
        "comprehensiveincomenetoftax": 486000000,
        "salesrevenuenet": 3241000000,
        "costofgoodssold": 1104000000,
        "grossprofit": 2137000000,
        "researchanddevelopmentexpense": 204000000,
        "sellinggeneralandadministrativeexpense": 1236000000,
        "recallchargesnetofinsuranceproceeds": 4000000,
        "amortizationofintangibleassets": 102000000,
        "operatingexpenses": 1546000000,
        "operatingincomeloss": 591000000,
        "nonoperatingincomeexpense": -49000000,
        "incomelossfromcontinuingoperationsbeforeincometaxesminorityinterestandincomelossfromequitymethodinvestments": 542000000,
        "incometaxexpensebenefit": 99000000,
        "earningspersharebasic": 1.18,
        "earningspersharediluted": 1.16,
        "weightedaveragenumberofsharesoutstandingbasic": 374000000,
        "weightedaveragenumberdilutedsharesoutstandingadjustment": 6700000,
        "weightedaveragenumberofdilutedsharesoutstanding": 380700000,
        "commonstockdividendspersharedeclared": 0.47
    },
    {
        "date": "2017-12-30",
        "symbol": "SYK",
        "period": "Q4",
        "netincomeloss": -249000000,
        "othercomprehensiveincomelosspensionandotherpostretirementbenefitplansadjustmentnetoftax": 6000000,
        "othercomprehensiveincomelossderivativesqualifyingashedgesnetoftax": 11000000,
        "othercomprehensiveincomelossforeigncurrencytransactionandtranslationadjustmentnetoftax": -59000000,
        "othercomprehensiveincomelossnetoftax": -51000000,
        "comprehensiveincomenetoftax": -304000000,
        "salesrevenuenet": -3661000000,
        "costofgoodssold": -989000000,
        "grossprofit": 2239000000,
        "researchanddevelopmentexpense": 205000000,
        "sellinggeneralandadministrativeexpense": 1217000000,
        "recallchargesnetofinsuranceproceeds": 9000000,
        "amortizationofintangibleassets": 96000000,
        "operatingexpenses": 1527000000,
        "operatingincomeloss": 803000000,
        "nonoperatingincomeexpense": 113000000,
        "incomelossfromcontinuingoperationsbeforeincometaxesminorityinterestandincomelossfromequitymethodinvestments": 649000000,
        "incometaxexpensebenefit": -95000000,
        "earningspersharebasic": -0.6599999999999999,
        "earningspersharediluted": -0.6599999999999997,
        "weightedaveragenumberofsharesoutstandingbasic": -747500000,
        "weightedaveragenumberdilutedsharesoutstandingadjustment": -11700000,
        "weightedaveragenumberofdilutedsharesoutstanding": -759200000
    },
    {
        "date": "2017-09-29",
        "symbol": "SYK",
        "period": "Q3",
        "netincomeloss": 434000000,
        "othercomprehensiveincomeunrealizedholdinggainlossonsecuritiesarisingduringperiodnetoftax": -3000000,
        "othercomprehensiveincomelosspensionandotherpostretirementbenefitplansadjustmentnetoftax": -14000000,
        "othercomprehensiveincomelossderivativesqualifyingashedgesnetoftax": -6000000,
        "othercomprehensiveincomelossforeigncurrencytransactionandtranslationadjustmentnetoftax": 87000000,
        "othercomprehensiveincomelossnetoftax": 87000000,
        "comprehensiveincomenetoftax": 526000000,
        "salesrevenuenet": 1132000000,
        "costofgoodssold": -1000000,
        "grossprofit": 1982000000,
        "researchanddevelopmentexpense": 198000000,
        "sellinggeneralandadministrativeexpense": 1103000000,
        "recallchargesnetofinsuranceproceeds": 66000000,
        "amortizationofintangibleassets": 92000000,
        "operatingexpenses": 1459000000,
        "operatingincomeloss": 389000000,
        "nonoperatingincomeexpense": 1000000,
        "incomelossfromcontinuingoperationsbeforeincometaxesminorityinterestandincomelossfromequitymethodinvestments": 471000000,
        "incometaxexpensebenefit": 37000000,
        "earningspersharebasic": 1.16,
        "earningspersharediluted": 1.14,
        "weightedaveragenumberofsharesoutstandingbasic": 374200000,
        "weightedaveragenumberdilutedsharesoutstandingadjustment": 6000000,
        "weightedaveragenumberofdilutedsharesoutstanding": 380200000
    },
    {
        "date": "2017-06-29",
        "symbol": "SYK",
        "period": "Q2",
        "netincomeloss": 391000000,
        "othercomprehensiveincomelosspensionandotherpostretirementbenefitplansadjustmentnetoftax": 6000000,
        "othercomprehensiveincomelossderivativesqualifyingashedgesnetoftax": 5000000,
        "othercomprehensiveincomelossforeigncurrencytransactionandtranslationadjustmentnetoftax": 86000000,
        "othercomprehensiveincomelossnetoftax": 86000000,
        "comprehensiveincomenetoftax": 476000000,
        "salesrevenuenet": 1141000000,
        "costofgoodssold": 3000000,
        "grossprofit": 1990000000,
        "researchanddevelopmentexpense": 192000000,
        "sellinggeneralandadministrativeexpense": 1130000000,
        "recallchargesnetofinsuranceproceeds": 72000000,
        "amortizationofintangibleassets": 95000000,
        "operatingexpenses": 1489000000,
        "operatingincomeloss": -77000000,
        "nonoperatingincomeexpense": -57000000,
        "incomelossfromcontinuingoperationsbeforeincometaxesminorityinterestandincomelossfromequitymethodinvestments": 444000000,
        "incometaxexpensebenefit": 1000000,
        "earningspersharebasic": 1.04,
        "earningspersharediluted": 1.03,
        "weightedaveragenumberofsharesoutstandingbasic": 373900000,
        "weightedaveragenumberdilutedsharesoutstandingadjustment": 5900000,
        "weightedaveragenumberofdilutedsharesoutstanding": 379800000
    },
    {
        "date": "2017-03-30",
        "symbol": "SYK",
        "period": "Q1",
        "netincomeloss": 444000000,
        "othercomprehensiveincomelosspensionandotherpostretirementbenefitplansadjustmentnetoftax": 4000000,
        "othercomprehensiveincomelossderivativesqualifyingashedgesnetoftax": -6000000,
        "othercomprehensiveincomelossforeigncurrencytransactionandtranslationadjustmentnetoftax": 96000000,
        "othercomprehensiveincomelossnetoftax": 86000000,
        "comprehensiveincomenetoftax": 530000000,
        "salesrevenuenet": 2955000000,
        "costofgoodssold": 993000000,
        "grossprofit": 1962000000,
        "researchanddevelopmentexpense": 192000000,
        "sellinggeneralandadministrativeexpense": 1102000000,
        "recallchargesnetofinsuranceproceeds": 26000000,
        "amortizationofintangibleassets": 88000000,
        "operatingexpenses": 1408000000,
        "operatingincomeloss": 554000000,
        "nonoperatingincomeexpense": -55000000,
        "incomelossfromcontinuingoperationsbeforeincometaxesminorityinterestandincomelossfromequitymethodinvestments": 499000000,
        "incometaxexpensebenefit": 55000000,
        "earningspersharebasic": 1.19,
        "earningspersharediluted": 1.17,
        "weightedaveragenumberofsharesoutstandingbasic": 373400000,
        "weightedaveragenumberdilutedsharesoutstandingadjustment": 5900000,
        "weightedaveragenumberofdilutedsharesoutstanding": 379300000
    },
    {
        "date": "2016-09-29",
        "symbol": "SYK",
        "period": "Q3",
        "netincomeloss": 355000000,
        "othercomprehensiveincomelosspensionandotherpostretirementbenefitplansadjustmentnetoftax": 1000000,
        "othercomprehensiveincomelossderivativesqualifyingashedgesnetoftax": -27000000,
        "othercomprehensiveincomelossforeigncurrencytransactionandtranslationadjustmentnetoftax": -4000000,
        "othercomprehensiveincomelossnetoftax": -43000000,
        "comprehensiveincomenetoftax": 350000000,
        "salesrevenuenet": 1077000000,
        "costofgoodssold": -3000000,
        "grossprofit": 1873000000,
        "researchanddevelopmentexpense": 184000000,
        "sellinggeneralandadministrativeexpense": 1057000000,
        "recallchargesnetofinsuranceproceeds": 57000000,
        "amortizationofintangibleassets": 89000000,
        "operatingexpenses": 1387000000,
        "operatingincomeloss": -521000000,
        "nonoperatingincomeexpense": 1000000,
        "incomelossfromcontinuingoperationsbeforeincometaxesminorityinterestandincomelossfromequitymethodinvestments": 419000000,
        "incometaxexpensebenefit": -2000000,
        "earningspersharebasic": 0.94,
        "earningspersharediluted": 0.9399999999999997,
        "weightedaveragenumberofsharesoutstandingbasic": -373500000,
        "weightedaveragenumberdilutedsharesoutstandingadjustment": -4100000,
        "weightedaveragenumberofdilutedsharesoutstanding": -377600000
    },
    {
        "date": "2016-06-29",
        "symbol": "SYK",
        "period": "Q2",
        "netincomeloss": 380000000,
        "othercomprehensiveincomelosspensionandotherpostretirementbenefitplansadjustmentnetoftax": 2000000,
        "othercomprehensiveincomelossderivativesqualifyingashedgesnetoftax": -15000000,
        "othercomprehensiveincomelossforeigncurrencytransactionandtranslationadjustmentnetoftax": 44000000,
        "othercomprehensiveincomelossnetoftax": 44000000,
        "comprehensiveincomenetoftax": 407000000,
        "salesrevenuenet": 1082000000,
        "costofgoodssold": 2000000,
        "grossprofit": 1842000000,
        "researchanddevelopmentexpense": 183000000,
        "sellinggeneralandadministrativeexpense": 1043000000,
        "recallchargesnetofinsuranceproceeds": 28000000,
        "amortizationofintangibleassets": 88000000,
        "operatingexpenses": 1342000000,
        "operatingincomeloss": -80000000,
        "nonoperatingincomeexpense": 1000000,
        "incomelossfromcontinuingoperationsbeforeincometaxesminorityinterestandincomelossfromequitymethodinvestments": 433000000,
        "incometaxexpensebenefit": 1000000,
        "earningspersharebasic": 1.02,
        "earningspersharediluted": 1,
        "weightedaveragenumberofsharesoutstandingbasic": 374200000,
        "weightedaveragenumberdilutedsharesoutstandingadjustment": 4300000,
        "weightedaveragenumberofdilutedsharesoutstanding": 378500000
    },
    {
        "date": "2016-03-30",
        "symbol": "SYK",
        "period": "Q1",
        "netincomeloss": 402000000,
        "othercomprehensiveincomelosspensionandotherpostretirementbenefitplansadjustmentnetoftax": 1000000,
        "othercomprehensiveincomelossderivativesqualifyingashedgesnetoftax": 7000000,
        "othercomprehensiveincomelossforeigncurrencytransactionandtranslationadjustmentnetoftax": 38000000,
        "othercomprehensiveincomelossnetoftax": 38000000,
        "comprehensiveincomenetoftax": 419000000,
        "salesrevenuenet": 1057000000,
        "costofgoodssold": 6000000,
        "grossprofit": 1694000000,
        "researchanddevelopmentexpense": 159000000,
        "sellinggeneralandadministrativeexpense": 944000000,
        "recallchargesnetofinsuranceproceeds": 19000000,
        "amortizationofintangibleassets": 53000000,
        "operatingexpenses": 1175000000,
        "operatingincomeloss": 349000000,
        "nonoperatingincomeexpense": 1000000,
        "incomelossfromcontinuingoperationsbeforeincometaxesminorityinterestandincomelossfromequitymethodinvestments": 481000000,
        "incometaxexpensebenefit": 2000000,
        "earningspersharebasic": 1.08,
        "earningspersharediluted": 1.07,
        "weightedaveragenumberofsharesoutstandingbasic": 373200000,
        "weightedaveragenumberdilutedsharesoutstandingadjustment": 4200000,
        "weightedaveragenumberofdilutedsharesoutstanding": 377400000
    },
    {
        "date": "2015-09-29",
        "symbol": "SYK",
        "period": "Q3",
        "netincomeloss": 301000000,
        "othercomprehensiveincomeunrealizedholdinggainlossonsecuritiesarisingduringperiodnetoftax": 0,
        "othercomprehensiveincomelosspensionandotherpostretirementbenefitplansadjustmentnetoftax": 0,
        "othercomprehensiveincomelossderivativesqualifyingashedgesnetoftax": -15000000,
        "othercomprehensiveincomelossforeigncurrencytransactionandtranslationadjustmentnetoftax": -83000000,
        "othercomprehensiveincomelossnetoftax": -95000000,
        "comprehensiveincomenetoftax": 203000000,
        "salesrevenuenet": -1734000000,
        "costofgoodssold": 16000000,
        "grossprofit": 1624000000,
        "researchanddevelopmentexpense": 155000000,
        "sellinggeneralandadministrativeexpense": 887000000,
        "recallchargesnetofinsuranceproceeds": 150000000,
        "amortizationofintangibleassets": 54000000,
        "operatingexpenses": 1246000000,
        "operatingincomeloss": -110000000,
        "nonoperatingincomeexpense": 8000000,
        "incomelossfromcontinuingoperationsbeforeincometaxesminorityinterestandincomelossfromequitymethodinvestments": 345000000,
        "incometaxexpensebenefit": 1000000,
        "earningspersharebasic": 0.8000000000000002,
        "earningspersharediluted": 0.7899999999999999,
        "weightedaveragenumberofsharesoutstandingbasic": -378500000,
        "weightedaveragenumberdilutedsharesoutstandingadjustment": -4300000,
        "weightedaveragenumberofdilutedsharesoutstanding": -382800000
    },
    {
        "date": "2015-06-29",
        "symbol": "SYK",
        "period": "Q2",
        "netincomeloss": 392000000,
        "othercomprehensiveincomeunrealizedholdinggainlossonsecuritiesarisingduringperiodnetoftax": -4000000,
        "othercomprehensiveincomelosspensionandotherpostretirementbenefitplansadjustmentnetoftax": 3000000,
        "othercomprehensiveincomelossderivativesqualifyingashedgesnetoftax": 10000000,
        "othercomprehensiveincomelossforeigncurrencytransactionandtranslationadjustmentnetoftax": 87000000,
        "othercomprehensiveincomelossnetoftax": 87000000,
        "comprehensiveincomenetoftax": 482000000,
        "salesrevenuenet": 2432000000,
        "costofgoodssold": -6000000,
        "grossprofit": 1605000000,
        "researchanddevelopmentexpense": 154000000,
        "sellinggeneralandadministrativeexpense": 861000000,
        "recallchargesnetofinsuranceproceeds": 112000000,
        "amortizationofintangibleassets": 49000000,
        "operatingexpenses": 1176000000,
        "operatingincomeloss": 531000000,
        "nonoperatingincomeexpense": -2000000,
        "incomelossfromcontinuingoperationsbeforeincometaxesminorityinterestandincomelossfromequitymethodinvestments": 401000000,
        "incometaxexpensebenefit": 1000000,
        "earningspersharebasic": 1.04,
        "earningspersharediluted": 1.03,
        "weightedaveragenumberofsharesoutstandingbasic": 377000000,
        "weightedaveragenumberdilutedsharesoutstandingadjustment": 4100000,
        "weightedaveragenumberofdilutedsharesoutstanding": 381100000
    },
    {
        "date": "2015-03-30",
        "symbol": "SYK",
        "period": "Q1",
        "netincomeloss": 224000000,
        "othercomprehensiveincomeunrealizedholdinggainlossonsecuritiesarisingduringperiodnetoftax": 1000000,
        "othercomprehensiveincomelosspensionandotherpostretirementbenefitplansadjustmentnetoftax": -13000000,
        "othercomprehensiveincomelossderivativesqualifyingashedgesnetoftax": 1000000,
        "othercomprehensiveincomelossforeigncurrencytransactionandtranslationadjustmentnetoftax": -282000000,
        "othercomprehensiveincomelossnetoftax": -267000000,
        "comprehensiveincomenetoftax": -43000000,
        "salesrevenuenet": 2379000000,
        "costofgoodssold": 2000000,
        "grossprofit": 1553000000,
        "researchanddevelopmentexpense": 152000000,
        "sellinggeneralandadministrativeexpense": 892000000,
        "recallchargesnetofinsuranceproceeds": 54000000,
        "amortizationofintangibleassets": 49000000,
        "operatingexpenses": 1147000000,
        "operatingincomeloss": 406000000,
        "nonoperatingincomeexpense": -1000000,
        "incomelossfromcontinuingoperationsbeforeincometaxesminorityinterestandincomelossfromequitymethodinvestments": 377000000,
        "incometaxexpensebenefit": -1000000,
        "earningspersharebasic": 0.59,
        "earningspersharediluted": 0.58,
        "weightedaveragenumberofsharesoutstandingbasic": 378900000,
        "weightedaveragenumberdilutedsharesoutstandingadjustment": 4600000,
        "weightedaveragenumberofdilutedsharesoutstanding": 383500000
    },
    {
        "date": "2014-09-29",
        "symbol": "SYK",
        "period": "Q3",
        "netincomeloss": 57000000,
        "othercomprehensiveincomelossavailableforsalesecuritiesadjustmentnetoftax": -3000000,
        "othercomprehensiveincomelosspensionandotherpostretirementbenefitplansadjustmentnetoftax": -5000000,
        "othercomprehensiveincomelossderivativesqualifyingashedgesnetoftax": 5000000,
        "othercomprehensiveincomelossforeigncurrencytransactionandtranslationadjustmentnetoftax": -312000000,
        "othercomprehensiveincomelossnetoftax": -3000000,
        "comprehensiveincomenetoftax": -248000000,
        "salesrevenuenet": 1016000000,
        "costofgoodssold": 822000000,
        "grossprofit": 1567000000,
        "researchanddevelopmentexpense": 153000000,
        "sellinggeneralandadministrativeexpense": 910000000,
        "amortizationofintangibleassets": 50000000,
        "restructuringchargessellinggeneralandadministrative": 4000000,
        "operatingexpenses": 1117000000,
        "operatingincomeloss": -91000000,
        "nonoperatingincomeexpense": -25000000,
        "incomelossfromcontinuingoperationsbeforeincometaxesminorityinterestandincomelossfromequitymethodinvestments": 425000000,
        "incometaxexpensebenefit": 1000000,
        "earningspersharebasic": 0.16,
        "earningspersharediluted": 0.16,
        "weightedaveragenumberofsharesoutstandingbasic": 378400000,
        "weightedaveragenumberdilutedsharesoutstandingadjustment": 4100000,
        "weightedaveragenumberofdilutedsharesoutstanding": 382500000
    },
    {
        "date": "2014-06-29",
        "symbol": "SYK",
        "period": "Q2",
        "netincomeloss": 128000000,
        "othercomprehensiveincomelossavailableforsalesecuritiesadjustmentnetoftax": 4000000,
        "othercomprehensiveincomelosspensionandotherpostretirementbenefitplansadjustmentnetoftax": -1000000,
        "othercomprehensiveincomelossderivativesqualifyingashedgesnetoftax": -9000000,
        "othercomprehensiveincomelossforeigncurrencytransactionandtranslationadjustmentnetoftax": -33000000,
        "othercomprehensiveincomelossnetoftax": 4000000,
        "comprehensiveincomenetoftax": 91000000,
        "salesrevenuenet": 905000000,
        "costofgoodssold": 808000000,
        "grossprofit": 1555000000,
        "researchanddevelopmentexpense": 158000000,
        "sellinggeneralandadministrativeexpense": 1148000000,
        "amortizationofintangibleassets": 47000000,
        "restructuringchargessellinggeneralandadministrative": 5000000,
        "operatingexpenses": 1358000000,
        "operatingincomeloss": 458000000,
        "nonoperatingincomeexpense": -30000000,
        "incomelossfromcontinuingoperationsbeforeincometaxesminorityinterestandincomelossfromequitymethodinvestments": 167000000,
        "incometaxexpensebenefit": 1000000,
        "earningspersharebasic": 0.34,
        "earningspersharediluted": 0.33,
        "weightedaveragenumberofsharesoutstandingbasic": 378800000,
        "weightedaveragenumberdilutedsharesoutstandingadjustment": 3900000,
        "weightedaveragenumberofdilutedsharesoutstanding": 382700000
    },
    {
        "date": "2014-03-30",
        "symbol": "SYK",
        "period": "Q1",
        "netincomeloss": -2000000,
        "othercomprehensiveincomelossavailableforsalesecuritiesadjustmentnetoftax": 3000000,
        "othercomprehensiveincomelosspensionandotherpostretirementbenefitplansadjustmentnetoftax": 1000000,
        "othercomprehensiveincomelossderivativesqualifyingashedgesnetoftax": -3000000,
        "othercomprehensiveincomelossforeigncurrencytransactionandtranslationadjustmentnetoftax": 37000000,
        "othercomprehensiveincomelossnetoftax": 3000000,
        "comprehensiveincomenetoftax": 106000000,
        "othercomprehensiveincomelossderivativesqualifyingashedgestax": 2000000,
        "salesrevenuenet": 420000000,
        "costofgoodssold": 769000000,
        "grossprofit": 1536000000,
        "researchanddevelopmentexpense": 150000000,
        "sellinggeneralandadministrativeexpense": 1205000000,
        "amortizationofintangibleassets": 45000000,
        "restructuringchargessellinggeneralandadministrative": 5000000,
        "operatingexpenses": 1405000000,
        "operatingincomeloss": -76000000,
        "nonoperatingincomeexpense": -24000000,
        "incomelossfromcontinuingoperationsbeforeincometaxesminorityinterestandincomelossfromequitymethodinvestments": 107000000,
        "incometaxexpensebenefit": 1000000,
        "earningspersharebasic": 0.19,
        "earningspersharediluted": 0.18,
        "weightedaveragenumberofsharesoutstandingbasic": 378200000,
        "weightedaveragenumberdilutedsharesoutstandingadjustment": 4400000,
        "weightedaveragenumberofdilutedsharesoutstanding": 382600000,
        "antidilutivesecuritiesexcludedfromcomputationofearningspershareamount": 2500000
    },
    {
        "date": "2013-09-29",
        "symbol": "SYK",
        "period": "Q3",
        "netincomeloss": 2000000,
        "othercomprehensiveincomelossavailableforsalesecuritiesadjustmentnetoftax": 3000000,
        "othercomprehensiveincomelosspensionandotherpostretirementbenefitplansadjustmentnetoftax": 3000000,
        "othercomprehensiveincomelossforeigncurrencytransactionandtranslationadjustmentnetoftax": 115000000,
        "othercomprehensiveincomelossnetoftax": 115000000,
        "comprehensiveincomenetoftax": 218000000,
        "othercomprehensiveincomeunrealizedholdinggainlossonsecuritiesarisingduringperiodtax": -1000000,
        "othercomprehensiveincomelosspensionandotherpostretirementbenefitplanstax": -1000000,
        "salesrevenuenet": 410000000,
        "costofgoodssold": 682000000,
        "grossprofit": 1469000000,
        "researchanddevelopmentexpense": 136000000,
        "sellinggeneralandadministrativeexpense": 1136000000,
        "amortizationofintangibleassets": 34000000,
        "restructuringchargessellinggeneralandadministrative": 13000000,
        "operatingexpenses": 1319000000,
        "operatingincomeloss": -61000000,
        "nonoperatingincomeexpense": -13000000,
        "incomelossfromcontinuingoperationsbeforeincometaxesminorityinterestandincomelossfromequitymethodinvestments": 137000000,
        "incometaxexpensebenefit": -1000000,
        "earningspersharebasic": 0.27,
        "earningspersharediluted": 0.27,
        "weightedaveragenumberofsharesoutstandingbasic": 378300000,
        "weightedaveragenumberdilutedsharesoutstandingadjustment": 3400000,
        "weightedaveragenumberofdilutedsharesoutstanding": 381700000
    },
    {
        "date": "2013-06-29",
        "symbol": "SYK",
        "period": "Q2",
        "netincomeloss": -4000000,
        "othercomprehensiveincomelossavailableforsalesecuritiesadjustmentnetoftax": -5000000,
        "othercomprehensiveincomelosspensionandotherpostretirementbenefitplansadjustmentnetoftax": 1000000,
        "othercomprehensiveincomelossforeigncurrencytransactionandtranslationadjustmentnetoftax": 20000000,
        "othercomprehensiveincomelossnetoftax": -5000000,
        "comprehensiveincomenetoftax": 227000000,
        "othercomprehensiveincomeunrealizedholdinggainlossonsecuritiesarisingduringperiodtax": 2000000,
        "salesrevenuenet": 414000000,
        "costofgoodssold": 730000000,
        "grossprofit": 1482000000,
        "researchanddevelopmentexpense": 132000000,
        "sellinggeneralandadministrativeexpense": 1015000000,
        "amortizationofintangibleassets": 36000000,
        "restructuringchargessellinggeneralandadministrative": 9000000,
        "operatingexpenses": 1192000000,
        "operatingincomeloss": -63000000,
        "nonoperatingincomeexpense": -21000000,
        "incomelossfromcontinuingoperationsbeforeincometaxesminorityinterestandincomelossfromequitymethodinvestments": 269000000,
        "incometaxexpensebenefit": -1000000,
        "earningspersharebasic": 0.56,
        "earningspersharediluted": 0.56,
        "weightedaveragenumberofsharesoutstandingbasic": 378000000,
        "weightedaveragenumberdilutedsharesoutstandingadjustment": 3000000,
        "weightedaveragenumberofdilutedsharesoutstanding": 381000000,
        "antidilutivesecuritiesexcludedfromcomputationofearningspershareamount": 2100000
    },
    {
        "date": "2013-03-30",
        "symbol": "SYK",
        "period": "Q1",
        "netincomeloss": -3000000,
        "othercomprehensiveincomelossavailableforsalesecuritiesadjustmentnetoftax": -1000000,
        "othercomprehensiveincomelosspensionandotherpostretirementbenefitplansadjustmentnetoftax": -3000000,
        "othercomprehensiveincomelossforeigncurrencytransactionandtranslationadjustmentnetoftax": -114000000,
        "othercomprehensiveincomelossnetoftax": -112000000,
        "comprehensiveincomenetoftax": 192000000,
        "othercomprehensiveincomelosspensionandotherpostretirementbenefitplanstax": -1000000,
        "salesrevenuenet": 397000000,
        "costofgoodssold": 713000000,
        "grossprofit": 1477000000,
        "researchanddevelopmentexpense": 129000000,
        "sellinggeneralandadministrativeexpense": 916000000,
        "amortizationofintangibleassets": 32000000,
        "restructuringcharges": 4000000,
        "operatingexpenses": 1091000000,
        "operatingincomeloss": 394000000,
        "nonoperatingincomeexpense": -11000000,
        "incomelossfromcontinuingoperationsbeforeincometaxesminorityinterestandincomelossfromequitymethodinvestments": 375000000,
        "incometaxexpensebenefit": 2000000,
        "earningspersharebasic": 0.8,
        "earningspersharediluted": 0.79,
        "weightedaveragenumberofsharesoutstandingbasic": 379700000,
        "weightedaveragenumberdilutedsharesoutstandingadjustment": 3300000,
        "weightedaveragenumberofdilutedsharesoutstanding": 383000000,
        "antidilutivesecuritiesexcludedfromcomputationofearningspershareamount": 5100000
    },
    {
        "date": "2012-09-29",
        "symbol": "SYK",
        "period": "Q3",
        "netincomeloss": 353000000,
        "othercomprehensiveincomeunrealizedholdinggainlossonsecuritiesarisingduringperiodnetoftax": 4000000,
        "othercomprehensiveincomelossforeigncurrencytransactionandtranslationadjustmentnetoftax": 134000000,
        "othercomprehensiveincomelossnetoftax": 138000000,
        "comprehensiveincomenetoftax": 491000000,
        "salesrevenuenet": 380000000,
        "costofgoodssold": 655000000,
        "grossprofit": 1397000000,
        "researchanddevelopmentexpense": 114000000,
        "sellinggeneralandadministrativeexpense": 791000000,
        "amortizationofintangibleassets": 30000000,
        "restructuringcharges": 2000000,
        "operatingexpenses": 947000000,
        "operatingincomeloss": 135000000,
        "nonoperatingincomeexpense": -6000000,
        "incomelossfromcontinuingoperationsbeforeincometaxesminorityinterestandincomelossfromequitymethodinvestments": 444000000,
        "incometaxexpensebenefit": 91000000,
        "earningspersharebasic": 0.93,
        "earningspersharediluted": 0.92,
        "weightedaveragenumberofsharesoutstandingbasic": 380200000,
        "weightedaveragenumberdilutedsharesoutstandingadjustment": 2300000,
        "weightedaveragenumberofdilutedsharesoutstanding": 382500000,
        "antidilutivesecuritiesexcludedfromcomputationofearningspershareamount": 6400000
    },
    {
        "date": "2012-06-29",
        "symbol": "SYK",
        "period": "Q2",
        "netincomeloss": 325000000,
        "othercomprehensiveincomeunrealizedholdinggainlossonsecuritiesarisingduringperiodnetoftax": -3000000,
        "othercomprehensiveincomelosspensionandotherpostretirementbenefitplansadjustmentnetoftax": -1000000,
        "othercomprehensiveincomelossforeigncurrencytransactionandtranslationadjustmentnetoftax": -293000000,
        "othercomprehensiveincomelossnetoftax": -295000000,
        "comprehensiveincomenetoftax": 30000000,
        "salesrevenuenet": 786000000,
        "costofgoodssold": 672000000,
        "grossprofit": 1434000000,
        "researchanddevelopmentexpense": 116000000,
        "sellinggeneralandadministrativeexpense": 823000000,
        "amortizationofintangibleassets": 31000000,
        "restructuringcharges": 1000000,
        "operatingexpenses": 989000000,
        "operatingincomeloss": 149000000,
        "nonoperatingincomeexpense": -10000000,
        "incomelossfromcontinuingoperationsbeforeincometaxesminorityinterestandincomelossfromequitymethodinvestments": 435000000,
        "incometaxexpensebenefit": 110000000,
        "earningspersharebasic": 0.85,
        "earningspersharediluted": 0.85,
        "weightedaveragenumberofsharesoutstandingbasic": 381000000,
        "incrementalcommonsharesattributabletosharebasedpaymentarrangements": 11100000,
        "antidilutivesecuritiesexcludedfromcomputationofearningspershareamount": 8800000,
        "weightedaveragenumberdilutedsharesoutstandingadjustment": 2300000,
        "weightedaveragenumberofdilutedsharesoutstanding": 383300000
    },
    {
        "date": "2012-03-30",
        "symbol": "SYK",
        "period": "Q1",
        "netincomeloss": 350000000,
        "othercomprehensiveincomeunrealizedholdinggainlossonsecuritiesarisingduringperiodnetoftax": 7000000,
        "othercomprehensiveincomedefinedbenefitplansadjustmentnetoftaxperiodincreasedecrease": -1000000,
        "othercomprehensiveincomeforeigncurrencytransactionandtranslationadjustmentnetoftaxperiodincreasedecrease": 85000000,
        "othercomprehensiveincomelossnetoftaxperiodincreasedecrease": 91000000,
        "comprehensiveincomenetoftax": 441000000,
        "salesrevenuenet": 958000000,
        "costofgoodssold": 709000000,
        "grossprofit": 1452000000,
        "researchanddevelopmentexpense": 112000000,
        "sellinggeneralandadministrativeexpense": 819000000,
        "amortizationofintangibleassets": 31000000,
        "restructuringcharges": 3000000,
        "operatingexpenses": 976000000,
        "operatingincomeloss": 233000000,
        "nonoperatingincomeexpense": -8000000,
        "incomelossfromcontinuingoperationsbeforeincometaxesminorityinterestandincomelossfromequitymethodinvestments": 468000000,
        "incometaxexpensebenefit": 118000000,
        "earningspersharebasic": 0.92,
        "earningspersharediluted": 0.91,
        "weightedaveragenumberofsharesoutstandingbasic": 381000000,
        "weightedaveragenumberdilutedsharesoutstandingadjustment": 9600000,
        "antidilutivesecuritiesexcludedfromcomputationofearningspershareamount": -6800000,
        "incrementalcommonsharesattributabletosharebasedpaymentarrangements": 2800000,
        "weightedaveragenumberofdilutedsharesoutstanding": 383800000
    },
    {
        "date": "2011-09-29",
        "symbol": "SYK",
        "period": "Q3",
        "salesrevenuenet": 902000000,
        "costofgoodssold": 669000000,
        "grossprofit": 1362000000,
        "researchanddevelopmentexpense": 122000000,
        "sellinggeneralandadministrativeexpense": 765000000,
        "amortizationofintangibleassets": 31000000,
        "operatingexpenses": 918000000,
        "operatingincomeloss": 223000000,
        "nonoperatingincomeexpense": -13000000,
        "incomelossfromcontinuingoperationsbeforeincometaxesminorityinterestandincomelossfromequitymethodinvestments": 431000000,
        "incometaxexpensebenefit": 104000000,
        "netincomeloss": 327000000,
        "earningspersharebasic": 0.85,
        "earningspersharediluted": 0.84,
        "weightedaveragenumberofsharesoutstandingbasic": 386000000,
        "weightedaveragenumberofdilutedsharesoutstanding": 388000000
    },
    {
        "date": "2011-06-29",
        "symbol": "SYK",
        "period": "Q2",
        "salesrevenuenet": 916300000,
        "costofgoodssold": 712800000,
        "grossprofit": 1332700000,
        "researchanddevelopmentexpense": 114500000,
        "sellinggeneralandadministrativeexpense": 785800000,
        "amortizationofintangibleassets": 32100000,
        "operatingexpenses": 932400000,
        "operatingincomeloss": 352300000,
        "nonoperatingincomeexpense": 9700000,
        "incomelossfromcontinuingoperationsbeforeincometaxesminorityinterestandincomelossfromequitymethodinvestments": 410000000,
        "incometaxexpensebenefit": 100900000,
        "netincomeloss": 309100000,
        "earningspersharebasic": 0.8,
        "earningspersharediluted": 0.79,
        "weightedaveragenumberofsharesoutstandingbasic": 388200000,
        "weightedaveragenumberofdilutedsharesoutstanding": 392000000
    },
    {
        "date": "2011-03-30",
        "symbol": "SYK",
        "period": "Q1",
        "salesrevenuenet": 911100000,
        "costofgoodssold": 688900000,
        "grossprofit": 1326300000,
        "researchanddevelopmentexpense": 110900000,
        "sellinggeneralandadministrativeexpense": 765200000,
        "amortizationofintangibleassets": 26700000,
        "operatingexpenses": 902800000,
        "operatingincomeloss": 423500000,
        "nonoperatingincomeexpense": -11700000,
        "incomelossfromcontinuingoperationsbeforeincometaxesminorityinterestandincomelossfromequitymethodinvestments": 411800000,
        "incometaxexpensebenefit": 104400000,
        "netincomeloss": 307400000,
        "earningspersharebasic": 0.79,
        "earningspersharediluted": 0.78,
        "weightedaveragenumberofsharesoutstandingbasic": 390000000,
        "weightedaveragenumberofdilutedsharesoutstanding": 394200000
    },
    {
        "date": "2010-09-29",
        "symbol": "SYK",
        "period": "Q3",
        "salesrevenuenet": 738800000,
        "costofgoodssold": 540800000,
        "grossprofit": 1226800000,
        "researchanddevelopmentexpense": 98600000,
        "sellinggeneralandadministrativeexpense": 643300000,
        "amortizationofintangibleassets": 14400000,
        "operatingexpenses": 756300000,
        "operatingincomeloss": 470500000,
        "nonoperatingincomeexpense": -8600000,
        "incomelossfromcontinuingoperationsbeforeincometaxesminorityinterestandincomelossfromequitymethodinvestments": 461900000,
        "incometaxexpensebenefit": 124200000,
        "netincomeloss": 337700000,
        "earningspersharebasic": 0.85,
        "earningspersharediluted": 0.85,
        "weightedaveragenumberofsharesoutstandingbasic": 397000000,
        "weightedaveragenumberofdilutedsharesoutstanding": 398100000
    },
    {
        "date": "2010-06-29",
        "symbol": "SYK",
        "period": "Q2",
        "salesrevenuenet": 721800000,
        "costofgoodssold": 539300000,
        "grossprofit": 1218900000,
        "researchanddevelopmentexpense": 94600000,
        "sellinggeneralandadministrativeexpense": 661800000,
        "amortizationofintangibleassets": 14400000,
        "operatingexpenses": 770800000,
        "operatingincomeloss": 448100000,
        "nonoperatingincomeexpense": -5500000,
        "incomelossfromcontinuingoperationsbeforeincometaxesminorityinterestandincomelossfromequitymethodinvestments": 442600000,
        "incometaxexpensebenefit": 123600000,
        "netincomeloss": 131600000,
        "earningspersharebasic": 0.8,
        "earningspersharediluted": 0.8,
        "weightedaveragenumberofsharesoutstandingbasic": 396900000,
        "weightedaveragenumberofdilutedsharesoutstanding": 399200000
    },
    {
        "date": "2010-03-30",
        "symbol": "SYK",
        "period": "Q1",
        "salesrevenuenet": 1799100000,
        "costofgoodssold": 581400000,
        "grossprofit": 1217700000,
        "researchanddevelopmentexpense": 90000000,
        "sellinggeneralandadministrativeexpense": 667800000,
        "amortizationofintangibleassets": 13500000,
        "operatingexpenses": 771300000,
        "operatingincomeloss": 446400000,
        "nonoperatingincomeexpense": -600000,
        "incomelossfromcontinuingoperationsbeforeincometaxesminorityinterestandincomelossfromequitymethodinvestments": 445800000,
        "incometaxexpensebenefit": 124100000,
        "netincomeloss": 321700000,
        "earningspersharebasic": 0.81,
        "earningspersharediluted": 0.8,
        "weightedaveragenumberofsharesoutstandingbasic": 397200000,
        "weightedaveragenumberofdilutedsharesoutstanding": 400100000
    }
]