[
    {
        "date": "2024-09-29",
        "symbol": "DECK",
        "period": "Q2",
        "revenuefromcontractwithcustomerexcludingassessedtax": 375182000,
        "costofgoodsandservicessold": 578048000,
        "grossprofit": 733272000,
        "sellinggeneralandadministrativeexpense": 428186000,
        "operatingincomeloss": 305086000,
        "investmentincomeinterest": 14797000,
        "interestexpensenonoperating": 1151000,
        "othernonoperatingincomeexpense": 180000,
        "nonoperatingincomeexpense": 13826000,
        "incomelossattributabletoparent": 318912000,
        "incometaxexpensebenefit": 76591000,
        "netincomeloss": 242321000,
        "othercomprehensiveincomelosscashflowhedgegainlossafterreclassificationandtaxparent": -4322000,
        "othercomprehensiveincomeforeigncurrencytransactionandtranslationadjustmentnetoftaxportionattributabletoparent": 15097000,
        "othercomprehensiveincomelossnetoftaxportionattributabletoparent": 10775000,
        "comprehensiveincomenetoftax": 253096000,
        "earningspersharebasic": 1.59,
        "earningspersharediluted": 1.59,
        "weightedaveragenumberofsharesoutstandingbasic": 152240000,
        "weightedaveragenumberofdilutedsharesoutstanding": 152778000
    },
    {
        "date": "2024-06-29",
        "symbol": "DECK",
        "period": "Q1",
        "revenuefromcontractwithcustomerexcludingassessedtax": 825347000,
        "costofgoodsandservicessold": 355347000,
        "grossprofit": 470000000,
        "sellinggeneralandadministrativeexpense": 337193000,
        "operatingincomeloss": 132807000,
        "investmentincomeinterest": 17252000,
        "interestexpensenonoperating": 1031000,
        "othernonoperatingincomeexpense": 125000,
        "nonoperatingincomeexpense": 16346000,
        "incomelossattributabletoparent": 149153000,
        "incometaxexpensebenefit": 33528000,
        "netincomeloss": 115625000,
        "othercomprehensiveincomelosscashflowhedgegainlossafterreclassificationandtaxparent": 856000,
        "othercomprehensiveincomeforeigncurrencytransactionandtranslationadjustmentnetoftaxportionattributabletoparent": -4656000,
        "othercomprehensiveincomelossnetoftaxportionattributabletoparent": -3800000,
        "comprehensiveincomenetoftax": 111825000,
        "earningspersharebasic": 4.54,
        "earningspersharediluted": 4.52,
        "weightedaveragenumberofsharesoutstandingbasic": 25478000,
        "weightedaveragenumberofdilutedsharesoutstanding": 25581000
    },
    {
        "date": "2024-03-30",
        "symbol": "DECK",
        "period": "Q4",
        "revenuefromcontractwithcustomerexcludingassessedtax": 1486578000,
        "costofgoodsandservicessold": 420282000,
        "grossprofit": 539476000,
        "sellinggeneralandadministrativeexpense": 395214000,
        "operatingincomeloss": 331069000,
        "investmentincomeinterest": 18937000,
        "interestandotherexpense": -363000,
        "othernonoperatingincomeexpense": 645000,
        "nonoperatingincomeexpense": 19945000,
        "incomelossattributabletoparent": 164207000,
        "incometaxexpensebenefit": 36662000,
        "netincomeloss": 127545000,
        "othercomprehensiveincomeforeigncurrencytransactionandtranslationadjustmentnetoftaxportionattributabletoparent": -8249000,
        "othercomprehensiveincomelossnetoftaxportionattributabletoparent": -8359000,
        "comprehensiveincomenetoftax": 119186000,
        "earningspersharebasic": 4.879999999999999,
        "earningspersharediluted": 4.82,
        "weightedaveragenumberofsharesoutstandingbasic": 25871000,
        "weightedaveragenumberofdilutedsharesoutstanding": 26048000
    },
    {
        "date": "2023-12-30",
        "symbol": "DECK",
        "period": "Q3",
        "revenuefromcontractwithcustomerexcludingassessedtax": 1560307000,
        "costofgoodsandservicessold": 643738000,
        "grossprofit": 916569000,
        "sellinggeneralandadministrativeexpense": 428670000,
        "operatingincomeloss": 487899000,
        "investmentincomeinterest": 11895000,
        "interestandotherexpense": 911000,
        "othernonoperatingincomeexpense": 170000,
        "nonoperatingincomeexpense": 11154000,
        "incomelossattributabletoparent": 499053000,
        "incometaxexpensebenefit": 109134000,
        "netincomeloss": 389919000,
        "othercomprehensiveincomelosscashflowhedgegainlossafterreclassificationandtaxparent": -3645000,
        "othercomprehensiveincomeforeigncurrencytransactionandtranslationadjustmentnetoftaxportionattributabletoparent": 10722000,
        "othercomprehensiveincomelossnetoftaxportionattributabletoparent": 7077000,
        "comprehensiveincomenetoftax": 396996000,
        "earningspersharebasic": 15.19,
        "earningspersharediluted": 15.11,
        "weightedaveragenumberofsharesoutstandingbasic": 25664000,
        "weightedaveragenumberofdilutedsharesoutstanding": 25811000
    },
    {
        "date": "2023-09-29",
        "symbol": "DECK",
        "period": "Q2",
        "revenuefromcontractwithcustomerexcludingassessedtax": 1091907000,
        "costofgoodsandservicessold": 508888000,
        "grossprofit": 583019000,
        "sellinggeneralandadministrativeexpense": 358402000,
        "operatingincomeloss": 224617000,
        "investmentincomeinterest": 10089000,
        "interestandotherexpense": 1011000,
        "othernonoperatingincomeexpense": 622000,
        "nonoperatingincomeexpense": 9700000,
        "incomelossattributabletoparent": 234317000,
        "incometaxexpensebenefit": 55770000,
        "netincomeloss": 178547000,
        "othercomprehensiveincomelosscashflowhedgegainlossafterreclassificationandtaxparent": 3403000,
        "othercomprehensiveincomeforeigncurrencytransactionandtranslationadjustmentnetoftaxportionattributabletoparent": -5520000,
        "othercomprehensiveincomelossnetoftaxportionattributabletoparent": -2117000,
        "comprehensiveincomenetoftax": 176430000,
        "earningspersharebasic": 6.86,
        "earningspersharediluted": 6.82,
        "weightedaveragenumberofsharesoutstandingbasic": 26031000,
        "weightedaveragenumberofdilutedsharesoutstanding": 26178000
    },
    {
        "date": "2023-06-29",
        "symbol": "DECK",
        "period": "Q1",
        "revenuefromcontractwithcustomerexcludingassessedtax": 148971000,
        "costofgoodsandservicessold": 329367000,
        "grossprofit": 346424000,
        "sellinggeneralandadministrativeexpense": 275688000,
        "operatingincomeloss": -116071000,
        "investmentincomeinterest": 11287000,
        "interestandotherexpense": 1005000,
        "othernonoperatingincomeexpense": 346000,
        "nonoperatingincomeexpense": 10628000,
        "incomelossattributabletoparent": 81364000,
        "incometaxexpensebenefit": 17812000,
        "netincomeloss": 63552000,
        "othercomprehensiveincomelosscashflowhedgegainlossafterreclassificationandtaxparent": 352000,
        "othercomprehensiveincomeforeigncurrencytransactionandtranslationadjustmentnetoftaxportionattributabletoparent": -8651000,
        "othercomprehensiveincomelossnetoftaxportionattributabletoparent": -8299000,
        "comprehensiveincomenetoftax": 55253000,
        "earningspersharebasic": 2.43,
        "earningspersharediluted": 2.41,
        "weightedaveragenumberofsharesoutstandingbasic": 26165000,
        "weightedaveragenumberofdilutedsharesoutstanding": 26321000
    },
    {
        "date": "2022-12-30",
        "symbol": "DECK",
        "period": "Q3",
        "revenuefromcontractwithcustomerexcludingassessedtax": 329911000,
        "costofgoodsandservicessold": 633111000,
        "grossprofit": 712529000,
        "sellinggeneralandadministrativeexpense": 349869000,
        "operatingincomeloss": -114140000,
        "investmentincomeinterest": 3571000,
        "interestandotherexpense": 1155000,
        "othernonoperatingincomeexpense": 228000,
        "nonoperatingincomeexpense": 2644000,
        "incomelossattributabletoparent": 365304000,
        "incometaxexpensebenefit": 86642000,
        "netincomeloss": 278662000,
        "othercomprehensiveincomelosscashflowhedgegainlossafterreclassificationandtaxparent": -2083000,
        "othercomprehensiveincomeforeigncurrencytransactionandtranslationadjustmentnetoftaxportionattributabletoparent": 14169000,
        "othercomprehensiveincomelossnetoftaxportionattributabletoparent": 12086000,
        "comprehensiveincomenetoftax": 290748000,
        "earningspersharebasic": 10.55,
        "earningspersharediluted": 10.48,
        "weightedaveragenumberofsharesoutstandingbasic": 26418000,
        "weightedaveragenumberofdilutedsharesoutstanding": 26586000
    },
    {
        "date": "2022-09-29",
        "symbol": "DECK",
        "period": "Q2",
        "revenuefromcontractwithcustomerexcludingassessedtax": 193130000,
        "costofgoodsandservicessold": 453693000,
        "grossprofit": 421921000,
        "sellinggeneralandadministrativeexpense": 294090000,
        "operatingincomeloss": -116688000,
        "investmentincomeinterest": 1884000,
        "interestandotherexpense": 1038000,
        "othernonoperatingincomeexpense": 241000,
        "nonoperatingincomeexpense": 1087000,
        "incomelossattributabletoparent": 128918000,
        "incometaxexpensebenefit": 27394000,
        "netincomeloss": 101524000,
        "othercomprehensiveincomelosscashflowhedgegainlossafterreclassificationandtaxparent": 1088000,
        "othercomprehensiveincomeforeigncurrencytransactionandtranslationadjustmentnetoftaxportionattributabletoparent": -13529000,
        "othercomprehensiveincomelossnetoftaxportionattributabletoparent": -12441000,
        "comprehensiveincomenetoftax": 89083000,
        "earningspersharebasic": 3.83,
        "earningspersharediluted": 3.8,
        "weightedaveragenumberofsharesoutstandingbasic": 26517000,
        "weightedaveragenumberofdilutedsharesoutstanding": 26682000
    },
    {
        "date": "2022-06-29",
        "symbol": "DECK",
        "period": "Q1",
        "revenuefromcontractwithcustomerexcludingassessedtax": 108941000,
        "costofgoodsandservicessold": 319709000,
        "grossprofit": 294752000,
        "sellinggeneralandadministrativeexpense": 238411000,
        "operatingincomeloss": -99650000,
        "investmentincomeinterest": 1214000,
        "interestandotherexpense": 1052000,
        "othernonoperatingincomeexpense": 499000,
        "nonoperatingincomeexpense": 661000,
        "incomelossattributabletoparent": 57002000,
        "incometaxexpensebenefit": 12153000,
        "netincomeloss": 44849000,
        "othercomprehensiveincomelosscashflowhedgegainlossbeforereclassificationaftertax": 758000,
        "othercomprehensiveincomeforeigncurrencytransactionandtranslationadjustmentnetoftaxportionattributabletoparent": -15724000,
        "othercomprehensiveincomelossnetoftaxportionattributabletoparent": -14966000,
        "comprehensiveincomenetoftax": 29883000,
        "earningspersharebasic": 1.67,
        "earningspersharediluted": 1.66,
        "weightedaveragenumberofsharesoutstandingbasic": 26777000,
        "weightedaveragenumberofdilutedsharesoutstanding": 26948000
    },
    {
        "date": "2022-03-30",
        "symbol": "DECK",
        "period": "Q4",
        "revenuefromcontractwithcustomerexcludingassessedtax": 163264000,
        "costofgoodsandservicessold": 377268000,
        "grossprofit": 358739000,
        "sellinggeneralandadministrativeexpense": 277441000,
        "operatingincomeloss": -112732000,
        "investmentincomeinterest": 590000,
        "interestandotherexpense": -725000,
        "othernonoperatingincomeexpense": -263000,
        "nonoperatingincomeexpense": 1052000,
        "incomelossattributabletoparent": 82350000,
        "incometaxexpensebenefit": 13531000,
        "netincomeloss": 68819000,
        "othercomprehensiveincomeforeigncurrencytransactionandtranslationadjustmentnetoftaxportionattributabletoparent": -4824000,
        "othercomprehensiveincomelossnetoftaxportionattributabletoparent": -5798000,
        "comprehensiveincomenetoftax": 63021000,
        "earningspersharebasic": 2.52,
        "earningspersharediluted": 2.4700000000000015,
        "weightedaveragenumberofsharesoutstandingbasic": -55384000,
        "weightedaveragenumberofdilutedsharesoutstanding": -55832000
    },
    {
        "date": "2021-12-30",
        "symbol": "DECK",
        "period": "Q3",
        "revenuefromcontractwithcustomerexcludingassessedtax": 332968000,
        "costofgoodsandservicessold": 566531000,
        "grossprofit": 621221000,
        "sellinggeneralandadministrativeexpense": 327825000,
        "operatingincomeloss": -111541000,
        "investmentincomeinterest": 369000,
        "interestandotherexpense": 999000,
        "othernonoperatingincomeexpense": 191000,
        "nonoperatingincomeexpense": -439000,
        "incomelossattributabletoparent": 292957000,
        "incometaxexpensebenefit": 60014000,
        "netincomeloss": 232943000,
        "othercomprehensiveincomelosscashflowhedgegainlossbeforereclassificationaftertax": -1517000,
        "othercomprehensiveincomeforeigncurrencytransactionandtranslationadjustmentnetoftaxportionattributabletoparent": -2744000,
        "othercomprehensiveincomelossnetoftaxportionattributabletoparent": -4261000,
        "comprehensiveincomenetoftax": 228682000,
        "earningspersharebasic": 8.49,
        "earningspersharediluted": 8.42,
        "weightedaveragenumberofsharesoutstandingbasic": 27428000,
        "weightedaveragenumberofdilutedsharesoutstanding": 27663000
    },
    {
        "date": "2021-09-29",
        "symbol": "DECK",
        "period": "Q2",
        "revenuefromcontractwithcustomerexcludingassessedtax": 158548000,
        "costofgoodsandservicessold": 354814000,
        "grossprofit": 367088000,
        "sellinggeneralandadministrativeexpense": 238907000,
        "operatingincomeloss": -90137000,
        "investmentincomeinterest": 460000,
        "interestandotherexpense": 913000,
        "othernonoperatingincomeexpense": -48000,
        "nonoperatingincomeexpense": -501000,
        "incomelossattributabletoparent": 127680000,
        "incometaxexpensebenefit": 25617000,
        "netincomeloss": 102063000,
        "othercomprehensiveincomelosscashflowhedgegainlossbeforereclassificationaftertax": 1033000,
        "othercomprehensiveincomeforeigncurrencytransactionandtranslationadjustmentnetoftaxportionattributabletoparent": -2537000,
        "othercomprehensiveincomelossnetoftaxportionattributabletoparent": -1504000,
        "comprehensiveincomenetoftax": 100559000,
        "earningspersharebasic": 3.69,
        "earningspersharediluted": 3.66,
        "weightedaveragenumberofsharesoutstandingbasic": 27651000,
        "weightedaveragenumberofdilutedsharesoutstanding": 27896000
    },
    {
        "date": "2021-06-29",
        "symbol": "DECK",
        "period": "Q1",
        "revenuefromcontractwithcustomerexcludingassessedtax": 504678000,
        "costofgoodsandservicessold": 244175000,
        "grossprofit": 260503000,
        "sellinggeneralandadministrativeexpense": 198671000,
        "operatingincomeloss": 61832000,
        "investmentincomeinterest": 482000,
        "interestandotherexpense": 896000,
        "othernonoperatingincomeexpense": 233000,
        "nonoperatingincomeexpense": -181000,
        "incomelossattributabletoparent": 61651000,
        "incometaxexpensebenefit": 13527000,
        "netincomeloss": 48124000,
        "othercomprehensiveincomelosscashflowhedgegainlossbeforereclassificationaftertax": 1458000,
        "othercomprehensiveincomeforeigncurrencytransactionandtranslationadjustmentnetoftaxportionattributabletoparent": 1893000,
        "othercomprehensiveincomelossnetoftaxportionattributabletoparent": 3351000,
        "comprehensiveincomenetoftax": 51475000,
        "earningspersharebasic": 1.73,
        "earningspersharediluted": 1.71,
        "weightedaveragenumberofsharesoutstandingbasic": 27813000,
        "weightedaveragenumberofdilutedsharesoutstanding": 28062000
    },
    {
        "date": "2021-03-30",
        "symbol": "DECK",
        "period": "Q4",
        "revenuefromcontractwithcustomerexcludingassessedtax": 561188000,
        "costofgoodsandservicessold": 262538000,
        "grossprofit": 298650000,
        "sellinggeneralandadministrativeexpense": 244005000,
        "operatingincomeloss": 54645000,
        "investmentincomeinterest": 918000,
        "interestandotherexpense": 2674000,
        "othernonoperatingincomeexpense": 177000,
        "nonoperatingincomeexpense": -1579000,
        "incomelossattributabletoparent": 53066000,
        "incometaxexpensebenefit": 19608000,
        "netincomeloss": 33458000,
        "othercomprehensiveincomeforeigncurrencytransactionandtranslationadjustmentnetoftaxportionattributabletoparent": -6179000,
        "othercomprehensiveincomelossnetoftaxportionattributabletoparent": -5453000,
        "comprehensiveincomenetoftax": 28005000,
        "earningspersharebasic": 1.2100000000000006,
        "earningspersharediluted": 1.1800000000000004,
        "weightedaveragenumberofsharesoutstandingbasic": -56106000,
        "weightedaveragenumberofdilutedsharesoutstanding": -56340000
    },
    {
        "date": "2020-12-30",
        "symbol": "DECK",
        "period": "Q3",
        "revenuefromcontractwithcustomerexcludingassessedtax": 1077759000,
        "costofgoodsandservicessold": 463862000,
        "grossprofit": 613897000,
        "sellinggeneralandadministrativeexpense": 285242000,
        "operatingincomeloss": 328655000,
        "investmentincomeinterest": 593000,
        "interestandotherexpense": 959000,
        "othernonoperatingincomeexpense": 267000,
        "nonoperatingincomeexpense": -99000,
        "incomelossattributabletoparent": 328556000,
        "incometaxexpensebenefit": 73020000,
        "netincomeloss": 255536000,
        "othercomprehensiveincomelosscashflowhedgegainlossbeforereclassificationaftertax": -279000,
        "othercomprehensiveincomeforeigncurrencytransactionandtranslationadjustmentnetoftaxportionattributabletoparent": 7947000,
        "othercomprehensiveincomelossnetoftaxportionattributabletoparent": 7668000,
        "comprehensiveincomenetoftax": 263204000,
        "earningspersharebasic": 9.09,
        "earningspersharediluted": 8.99,
        "weightedaveragenumberofsharesoutstandingbasic": 28114000,
        "weightedaveragenumberofdilutedsharesoutstanding": 28410000
    },
    {
        "date": "2020-09-29",
        "symbol": "DECK",
        "period": "Q2",
        "revenuefromcontractwithcustomerexcludingassessedtax": 623525000,
        "costofgoodsandservicessold": 304548000,
        "grossprofit": 318977000,
        "sellinggeneralandadministrativeexpense": 190373000,
        "operatingincomeloss": 128604000,
        "investmentincomeinterest": 452000,
        "interestandotherexpense": 1205000,
        "othernonoperatingincomeexpense": 113000,
        "nonoperatingincomeexpense": -640000,
        "incomelossattributabletoparent": 127964000,
        "incometaxexpensebenefit": 26410000,
        "netincomeloss": 101554000,
        "othercomprehensiveincomelosscashflowhedgegainlossbeforereclassificationaftertax": -800000,
        "othercomprehensiveincomeforeigncurrencytransactionandtranslationadjustmentnetoftaxportionattributabletoparent": 6395000,
        "othercomprehensiveincomelossnetoftaxportionattributabletoparent": 5595000,
        "comprehensiveincomenetoftax": 107149000,
        "earningspersharebasic": 3.62,
        "earningspersharediluted": 3.58,
        "weightedaveragenumberofsharesoutstandingbasic": 28046000,
        "weightedaveragenumberofdilutedsharesoutstanding": 28335000
    },
    {
        "date": "2020-06-29",
        "symbol": "DECK",
        "period": "Q1",
        "revenuefromcontractwithcustomerexcludingassessedtax": 283169000,
        "costofgoodsandservicessold": 140603000,
        "grossprofit": 142566000,
        "sellinggeneralandadministrativeexpense": 150265000,
        "operatingincomeloss": -7699000,
        "investmentincomeinterest": 674000,
        "interestandotherexpense": 1190000,
        "othernonoperatingincomeexpense": 143000,
        "nonoperatingincomeexpense": -373000,
        "incomelossattributabletoparent": -8072000,
        "incometaxexpensebenefit": -99000,
        "netincomeloss": -7973000,
        "othercomprehensiveincomelosscashflowhedgegainlossbeforereclassificationaftertax": 353000,
        "othercomprehensiveincomeforeigncurrencytransactionandtranslationadjustmentnetoftaxportionattributabletoparent": 653000,
        "othercomprehensiveincomelossnetoftaxportionattributabletoparent": 1006000,
        "comprehensiveincomenetoftax": -6967000,
        "earningspersharebasic": -0.28,
        "earningspersharediluted": -0.28,
        "weightedaveragenumberofsharesoutstandingbasic": 28001000,
        "weightedaveragenumberofdilutedsharesoutstanding": 28001000
    },
    {
        "date": "2020-03-30",
        "symbol": "DECK",
        "period": "Q4",
        "revenuefromcontractwithcustomerexcludingassessedtax": 374910000,
        "costofgoodsandservicessold": 181912000,
        "grossprofit": 192998000,
        "sellinggeneralandadministrativeexpense": 176343000,
        "operatingincomeloss": 16655000,
        "investmentincomeinterest": 2017000,
        "interestandotherexpense": 2248000,
        "othernonoperatingincomeexpense": 221000,
        "nonoperatingincomeexpense": -10000,
        "incomelossattributabletoparent": 16645000,
        "incometaxexpensebenefit": 555000,
        "netincomeloss": 16090000,
        "othercomprehensiveincomeforeigncurrencytransactionandtranslationadjustmentnetoftaxportionattributabletoparent": -2249000,
        "othercomprehensiveincomelossnetoftaxportionattributabletoparent": -2456000,
        "comprehensiveincomenetoftax": 13634000,
        "earningspersharebasic": 0.4600000000000005,
        "earningspersharediluted": 0.4399999999999996,
        "weightedaveragenumberofsharesoutstandingbasic": -57165000,
        "weightedaveragenumberofdilutedsharesoutstanding": -57349000
    },
    {
        "date": "2019-12-30",
        "symbol": "DECK",
        "period": "Q3",
        "revenuefromcontractwithcustomerexcludingassessedtax": 938735000,
        "costofgoodsandservicessold": 431103000,
        "grossprofit": 507632000,
        "sellinggeneralandadministrativeexpense": 251866000,
        "operatingincomeloss": 255766000,
        "investmentincomeinterest": 848000,
        "interestandotherexpense": 128000,
        "othernonoperatingincomeexpense": 117000,
        "nonoperatingincomeexpense": 837000,
        "incomelossattributabletoparent": 256603000,
        "incometaxexpensebenefit": 55010000,
        "netincomeloss": 201593000,
        "othercomprehensiveincomelosscashflowhedgegainlossbeforereclassificationaftertax": -973000,
        "othercomprehensiveincomeforeigncurrencytransactionandtranslationadjustmentnetoftaxportionattributabletoparent": 2667000,
        "othercomprehensiveincomelossnetoftaxportionattributabletoparent": 1694000,
        "comprehensiveincomenetoftax": 203287000,
        "earningspersharebasic": 7.21,
        "earningspersharediluted": 7.14,
        "weightedaveragenumberofsharesoutstandingbasic": 27978000,
        "weightedaveragenumberofdilutedsharesoutstanding": 28249000
    },
    {
        "date": "2019-09-29",
        "symbol": "DECK",
        "period": "Q2",
        "revenuefromcontractwithcustomerexcludingassessedtax": 542205000,
        "costofgoodsandservicessold": 269181000,
        "grossprofit": 273024000,
        "sellinggeneralandadministrativeexpense": 175893000,
        "operatingincomeloss": 97131000,
        "investmentincomeinterest": 1530000,
        "interestandotherexpense": 1524000,
        "othernonoperatingincomeexpense": 86000,
        "nonoperatingincomeexpense": 92000,
        "incomelossattributabletoparent": 97223000,
        "incometaxexpensebenefit": 19413000,
        "netincomeloss": 77810000,
        "othercomprehensiveincomelosscashflowhedgegainlossbeforereclassificationaftertax": 1497000,
        "othercomprehensiveincomeforeigncurrencytransactionandtranslationadjustmentnetoftaxportionattributabletoparent": -3391000,
        "othercomprehensiveincomelossnetoftaxportionattributabletoparent": -1894000,
        "comprehensiveincomenetoftax": 75916000,
        "earningspersharebasic": 2.73,
        "earningspersharediluted": 2.71,
        "weightedaveragenumberofsharesoutstandingbasic": 28483000,
        "weightedaveragenumberofdilutedsharesoutstanding": 28705000
    },
    {
        "date": "2019-06-29",
        "symbol": "DECK",
        "period": "Q1",
        "revenuefromcontractwithcustomerexcludingassessedtax": 276839000,
        "costofgoodsandservicessold": 146820000,
        "grossprofit": 130019000,
        "sellinggeneralandadministrativeexpense": 161436000,
        "operatingincomeloss": -31417000,
        "investmentincomeinterest": 2866000,
        "interestandotherexpense": 1146000,
        "othernonoperatingincomeexpense": 92000,
        "nonoperatingincomeexpense": 1812000,
        "incomelossattributabletoparent": -29605000,
        "incometaxexpensebenefit": -10254000,
        "netincomeloss": -19351000,
        "othercomprehensiveincomelosscashflowhedgegainlossbeforereclassificationaftertax": -317000,
        "othercomprehensiveincomeforeigncurrencytransactionandtranslationadjustmentnetoftaxportionattributabletoparent": 68000,
        "othercomprehensiveincomelossnetoftaxportionattributabletoparent": -249000,
        "comprehensiveincomenetoftax": -19600000,
        "earningspersharebasic": -0.67,
        "earningspersharediluted": -0.67,
        "weightedaveragenumberofsharesoutstandingbasic": 29089000,
        "weightedaveragenumberofdilutedsharesoutstanding": 29089000
    },
    {
        "date": "2019-03-30",
        "symbol": "DECK",
        "period": "Q4",
        "revenuefromcontractwithcustomerexcludingassessedtax": 169621000,
        "grossprofit": 203305000,
        "sellinggeneralandadministrativeexpense": 171701000,
        "operatingincomeloss": 19783000,
        "investmentincomeinterest": 2722000,
        "interestandotherexpense": 817000,
        "othernonoperatingincomeexpense": 34000,
        "nonoperatingincomeexpense": 1939000,
        "incometaxexpensebenefit": 9574000,
        "netincomeloss": 23969000,
        "earningspersharebasic": 0.6899999999999995,
        "earningspersharediluted": 0.6800000000000002,
        "weightedaveragenumberofsharesoutstandingbasic": -59788000,
        "weightedaveragenumberofdilutedsharesoutstanding": -59945000
    },
    {
        "date": "2018-12-30",
        "symbol": "DECK",
        "period": "Q3",
        "revenuefromcontractwithcustomerexcludingassessedtax": 300785000,
        "costofgoodsandservicessold": 403707000,
        "grossprofit": 470093000,
        "sellinggeneralandadministrativeexpense": 225375000,
        "operatingincomeloss": 141080000,
        "investmentincomeinterest": 906000,
        "interestandotherexpense": 970000,
        "othernonoperatingincomeexpense": 13000,
        "nonoperatingincomeexpense": -51000,
        "incomelossattributabletoparent": 244667000,
        "incometaxexpensebenefit": 48293000,
        "netincomeloss": 196374000,
        "othercomprehensiveincomederivativesqualifyingashedgesnetoftaxportionattributabletoparent": -3128000,
        "othercomprehensiveincomeforeigncurrencytransactionandtranslationadjustmentnetoftaxportionattributabletoparent": 781000,
        "othercomprehensiveincomelossnetoftaxportionattributabletoparent": -2347000,
        "comprehensiveincomenetoftax": 194027000,
        "earningspersharebasic": 6.74,
        "earningspersharediluted": 6.68,
        "weightedaveragenumberofsharesoutstandingbasic": 29157000,
        "weightedaveragenumberofdilutedsharesoutstanding": 29397000
    },
    {
        "date": "2018-09-29",
        "symbol": "DECK",
        "period": "Q2",
        "revenuefromcontractwithcustomerexcludingassessedtax": 190320000,
        "costofgoodsandservicessold": 250026000,
        "grossprofit": 251887000,
        "sellinggeneralandadministrativeexpense": 161475000,
        "operatingincomeloss": 134029000,
        "investmentincomeinterest": 814000,
        "interestandotherexpense": 1640000,
        "othernonoperatingincomeexpense": 189000,
        "nonoperatingincomeexpense": -637000,
        "incomelossfromcontinuingoperationsbeforeincometaxesminorityinterestandincomelossfromequitymethodinvestments": 89775000,
        "incometaxexpensebenefit": 15403000,
        "netincomeloss": 74372000,
        "othercomprehensiveincomeunrealizedgainlossonderivativesarisingduringperiodnetoftax": -1197000,
        "othercomprehensiveincomelossforeigncurrencytransactionandtranslationadjustmentnetoftax": -3861000,
        "othercomprehensiveincomelossnetoftax": -5058000,
        "comprehensiveincomenetoftaxincludingportionattributabletononcontrollinginterest": 69314000,
        "earningspersharebasic": 2.49,
        "earningspersharediluted": 2.48,
        "weightedaveragenumberofsharesoutstandingbasic": 29849000,
        "weightedaveragenumberofdilutedsharesoutstanding": 30028000
    },
    {
        "date": "2018-06-29",
        "symbol": "DECK",
        "period": "Q1",
        "revenuefromcontractwithcustomerexcludingassessedtax": 81353000,
        "costofgoodssold": 135629000,
        "grossprofit": 114965000,
        "sellinggeneralandadministrativeexpense": 154379000,
        "operatingincomeloss": 5869000,
        "investmentincomeinterest": 1586000,
        "interestandotherexpense": 1234000,
        "othernonoperatingincomeexpense": 11000,
        "nonoperatingincomeexpense": 363000,
        "incomelossfromcontinuingoperationsbeforeincometaxesminorityinterestandincomelossfromequitymethodinvestments": -39051000,
        "incometaxexpensebenefit": -8644000,
        "netincomeloss": -30407000,
        "othercomprehensiveincomeunrealizedgainlossonderivativesarisingduringperiodnetoftax": 5323000,
        "othercomprehensiveincomelossforeigncurrencytransactionandtranslationadjustmentnetoftax": -7463000,
        "othercomprehensiveincomelossnetoftax": -2140000,
        "comprehensiveincomenetoftaxincludingportionattributabletononcontrollinginterest": -32547000,
        "earningspersharebasic": -1,
        "earningspersharediluted": -1,
        "weightedaveragenumberofsharesoutstandingbasic": 30423000,
        "weightedaveragenumberofdilutedsharesoutstanding": 30423000
    },
    {
        "date": "2018-03-30",
        "symbol": "DECK",
        "period": "Q4",
        "salesrevenuegoodsnet": -55608000,
        "costofgoodssold": 208255000,
        "grossprofit": 192429000,
        "sellinggeneralandadministrativeexpense": 174135000,
        "operatingincomeloss": 61483000,
        "investmentincomeinterest": 1506000,
        "interestandotherexpense": 541000,
        "othernonoperatingincomeexpense": -1350000,
        "nonoperatingincomeexpense": -385000,
        "incomelossfromcontinuingoperationsbeforeincometaxesminorityinterestandincomelossfromequitymethodinvestments": 17909000,
        "incometaxexpensebenefit": -2706000,
        "othercomprehensiveincomeunrealizedgainlossonderivativesarisingduringperiodnetoftax": 1561000,
        "othercomprehensiveincomelossforeigncurrencytransactionandtranslationadjustmentnetoftax": 7526000,
        "othercomprehensiveincomelossnetoftax": 9087000,
        "comprehensiveincomenetoftaxincludingportionattributabletononcontrollinginterest": 29702000,
        "earningspersharebasic": 0.6600000000000001,
        "earningspersharediluted": 0.6700000000000002,
        "weightedaveragenumberofsharesoutstandingbasic": -64111000,
        "weightedaveragenumberofdilutedsharesoutstanding": -64308000
    },
    {
        "date": "2017-12-30",
        "symbol": "DECK",
        "period": "Q3",
        "salesrevenuegoodsnet": 365734000,
        "costofgoodssold": 387007000,
        "grossprofit": 423471000,
        "sellinggeneralandadministrativeexpense": 230280000,
        "operatingincomeloss": 125381000,
        "investmentincomeinterest": 590000,
        "interestandotherexpense": 1506000,
        "othernonoperatingincomeexpense": 778000,
        "nonoperatingincomeexpense": -138000,
        "incomelossfromcontinuingoperationsbeforeincometaxesminorityinterestandincomelossfromequitymethodinvestments": 193053000,
        "incometaxexpensebenefit": 106712000,
        "profitloss": 86341000,
        "othercomprehensiveincomeunrealizedgainlossonderivativesarisingduringperiodnetoftax": 2509000,
        "othercomprehensiveincomelossforeigncurrencytransactionandtranslationadjustmentnetoftax": 2037000,
        "othercomprehensiveincomelossnetoftax": 4546000,
        "comprehensiveincomenetoftaxincludingportionattributabletononcontrollinginterest": 90887000,
        "earningspersharebasic": 2.71,
        "earningspersharediluted": 2.69,
        "weightedaveragenumberofsharesoutstandingbasic": 31863000,
        "weightedaveragenumberofdilutedsharesoutstanding": 32041000
    },
    {
        "date": "2017-09-29",
        "symbol": "DECK",
        "period": "Q2",
        "salesrevenuegoodsnet": 322050000,
        "costofgoodssold": 257343000,
        "grossprofit": 225117000,
        "sellinggeneralandadministrativeexpense": 157762000,
        "operatingincomeloss": 117218000,
        "investmentincomeinterest": 509000,
        "interestandotherexpense": 1531000,
        "othernonoperatingincomeexpense": -12000,
        "nonoperatingincomeexpense": -1034000,
        "incomelossfromcontinuingoperationsbeforeincometaxesminorityinterestandincomelossfromequitymethodinvestments": 66321000,
        "incometaxexpensebenefit": 16762000,
        "profitloss": 49559000,
        "othercomprehensiveincomeunrealizedgainlossonderivativesarisingduringperiodnetoftax": -911000,
        "othercomprehensiveincomelossforeigncurrencytransactionandtranslationadjustmentnetoftax": 2968000,
        "othercomprehensiveincomelossnetoftax": 2057000,
        "comprehensiveincomenetoftaxincludingportionattributabletononcontrollinginterest": 51616000,
        "earningspersharebasic": 1.55,
        "earningspersharediluted": 1.54,
        "weightedaveragenumberofsharesoutstandingbasic": 32015000,
        "weightedaveragenumberofdilutedsharesoutstanding": 32272000
    },
    {
        "date": "2017-06-29",
        "symbol": "DECK",
        "period": "Q1",
        "salesrevenuegoodsnet": 209717000,
        "costofgoodssold": 119092000,
        "grossprofit": 90625000,
        "sellinggeneralandadministrativeexpense": 146881000,
        "operatingincomeloss": -56256000,
        "investmentincomeinterest": 452000,
        "interestandotherexpense": 1007000,
        "othernonoperatingincomeexpense": 224000,
        "nonoperatingincomeexpense": -331000,
        "incomelossfromcontinuingoperationsbeforeincometaxesminorityinterestandincomelossfromequitymethodinvestments": -56587000,
        "incometaxexpensebenefit": -14466000,
        "profitloss": -42121000,
        "othercomprehensiveincomeunrealizedgainlossonderivativesarisingduringperiodnetoftax": -3772000,
        "othercomprehensiveincomelossforeigncurrencytransactionandtranslationadjustmentnetoftax": 1550000,
        "othercomprehensiveincomelossnetoftax": -2222000,
        "comprehensiveincomenetoftaxincludingportionattributabletononcontrollinginterest": -44343000,
        "earningspersharebasic": -1.32,
        "earningspersharediluted": -1.32,
        "weightedaveragenumberofsharesoutstandingbasic": 31991000,
        "weightedaveragenumberofdilutedsharesoutstanding": 31991000
    },
    {
        "date": "2017-03-30",
        "symbol": "DECK",
        "period": "Q4",
        "salesrevenuegoodsnet": -27909000,
        "costofgoodssold": 210541000,
        "grossprofit": 158924000,
        "sellinggeneralandadministrativeexpense": 189797000,
        "operatingincomeloss": 236816000,
        "investmentincomeinterest": 302000,
        "interestandotherexpense": 1281000,
        "othernonoperatingincomeexpense": 388000,
        "nonoperatingincomeexpense": -591000,
        "incomelossfromcontinuingoperationsbeforeincometaxesminorityinterestandincomelossfromequitymethodinvestments": -31464000,
        "incometaxexpensebenefit": -15760000,
        "othercomprehensiveincomeunrealizedgainlossonderivativesarisingduringperiodnetoftax": 84000,
        "othercomprehensiveincomelossforeigncurrencytransactionandtranslationadjustmentnetoftax": 3626000,
        "othercomprehensiveincomelossnetoftax": 3710000,
        "comprehensiveincomenetoftaxincludingportionattributabletononcontrollinginterest": -11994000,
        "earningspersharebasic": -0.49,
        "earningspersharediluted": -0.45999999999999974,
        "weightedaveragenumberofsharesoutstandingbasic": -64054000,
        "weightedaveragenumberofdilutedsharesoutstanding": -64400000
    },
    {
        "date": "2016-12-30",
        "symbol": "DECK",
        "period": "Q3",
        "salesrevenuegoodsnet": 342019000,
        "costofgoodssold": 376711000,
        "grossprofit": 383634000,
        "sellinggeneralandadministrativeexpense": 330384000,
        "operatingincomeloss": 107335000,
        "investmentincomeinterest": 169000,
        "interestandotherexpense": 2660000,
        "othernonoperatingincomeexpense": 128000,
        "nonoperatingincomeexpense": -2363000,
        "incomelossfromcontinuingoperationsbeforeincometaxesminorityinterestandincomelossfromequitymethodinvestments": 50887000,
        "incometaxexpensebenefit": 9860000,
        "netincomeloss": 41027000,
        "othercomprehensiveincomeunrealizedgainlossonderivativesarisingduringperiodnetoftax": -1399000,
        "othercomprehensiveincomelossforeigncurrencytransactionandtranslationadjustmentnetoftax": -13067000,
        "othercomprehensiveincomelossnetoftax": -14466000,
        "comprehensiveincomenetoftaxincludingportionattributabletononcontrollinginterest": 26561000,
        "earningspersharebasic": 1.28,
        "earningspersharediluted": 1.27,
        "weightedaveragenumberofsharesoutstandingbasic": 31973000,
        "weightedaveragenumberofdilutedsharesoutstanding": 32309000
    },
    {
        "date": "2016-09-29",
        "symbol": "DECK",
        "period": "Q2",
        "salesrevenuegoodsnet": 337852000,
        "costofgoodssold": 269519000,
        "grossprofit": 216425000,
        "sellinggeneralandadministrativeexpense": 162402000,
        "operatingincomeloss": -52425000,
        "investmentincomeinterest": 103000,
        "interestandotherexpense": 1943000,
        "othernonoperatingincomeexpense": 289000,
        "nonoperatingincomeexpense": -1551000,
        "incomelossfromcontinuingoperationsbeforeincometaxesminorityinterestandincomelossfromequitymethodinvestments": 52472000,
        "incometaxexpensebenefit": 13167000,
        "profitloss": 39305000,
        "othercomprehensiveincomeunrealizedgainlossonderivativesarisingduringperiodnetoftax": -890000,
        "othercomprehensiveincomelossforeigncurrencytransactionandtranslationadjustmentnetoftax": -856000,
        "othercomprehensiveincomelossnetoftax": -1746000,
        "comprehensiveincomenetoftaxincludingportionattributabletononcontrollinginterest": 37559000,
        "earningspersharebasic": 1.23,
        "earningspersharediluted": 1.21,
        "weightedaveragenumberofsharesoutstandingbasic": 32057000,
        "weightedaveragenumberofdilutedsharesoutstanding": 32422000
    },
    {
        "date": "2016-06-29",
        "symbol": "DECK",
        "period": "Q1",
        "salesrevenuegoodsnet": 174393000,
        "costofgoodssold": 98141000,
        "grossprofit": 76252000,
        "sellinggeneralandadministrativeexpense": 154571000,
        "operatingincomeloss": -78319000,
        "investmentincomeinterest": 204000,
        "interestandotherexpense": 1435000,
        "othernonoperatingincomeexpense": 669000,
        "nonoperatingincomeexpense": -562000,
        "incomelossfromcontinuingoperationsbeforeincometaxesminorityinterestandincomelossfromequitymethodinvestments": -78881000,
        "incometaxexpensebenefit": -19963000,
        "profitloss": -58918000,
        "othercomprehensiveincomeunrealizedgainlossonderivativesarisingduringperiodnetoftax": 2909000,
        "othercomprehensiveincomelossforeigncurrencytransactionandtranslationadjustmentnetoftax": 3699000,
        "othercomprehensiveincomelossnetoftax": 6608000,
        "comprehensiveincomenetoftaxincludingportionattributabletononcontrollinginterest": -52310000,
        "earningspersharebasic": -1.84,
        "earningspersharediluted": -1.84,
        "weightedaveragenumberofsharesoutstandingbasic": 32024000,
        "weightedaveragenumberofdilutedsharesoutstanding": 32024000
    },
    {
        "date": "2016-03-30",
        "symbol": "DECK",
        "period": "Q4",
        "salesrevenuegoodsnet": 107455000,
        "costofgoodssold": 223693000,
        "grossprofit": 154942000,
        "sellinggeneralandadministrativeexpense": 182820000,
        "operatingincomeloss": -63640000,
        "investmentincomeinterest": 190000,
        "interestandotherexpense": 1172000,
        "othernonoperatingincomeexpense": -73000,
        "nonoperatingincomeexpense": -1055000,
        "incomelossfromcontinuingoperationsbeforeincometaxesminorityinterestandincomelossfromequitymethodinvestments": -28933000,
        "incometaxexpensebenefit": -5227000,
        "profitloss": -23706000,
        "othercomprehensiveincomeunrealizedgainlossonderivativesarisingduringperiodnetoftax": -520000,
        "othercomprehensiveincomelossforeigncurrencytransactionandtranslationadjustmentnetoftax": 1343000,
        "othercomprehensiveincomelossnetoftax": 823000,
        "comprehensiveincomenetoftaxincludingportionattributabletononcontrollinginterest": -22883000,
        "earningspersharebasic": -0.78,
        "earningspersharediluted": -0.7600000000000005,
        "weightedaveragenumberofsharesoutstandingbasic": -65413000,
        "weightedaveragenumberofdilutedsharesoutstanding": -65696000
    },
    {
        "date": "2015-12-30",
        "symbol": "DECK",
        "period": "Q3",
        "salesrevenuegoodsnet": 399566000,
        "costofgoodssold": 404885000,
        "grossprofit": 391017000,
        "sellinggeneralandadministrativeexpense": 188517000,
        "operatingincomeloss": -43715000,
        "investmentincomeinterest": 49000,
        "interestandotherexpense": 2075000,
        "othernonoperatingincomeexpense": 184000,
        "nonoperatingincomeexpense": -1842000,
        "incomelossfromcontinuingoperationsbeforeincometaxesminorityinterestandincomelossfromequitymethodinvestments": 200658000,
        "incometaxexpensebenefit": 43737000,
        "profitloss": 156921000,
        "othercomprehensiveincomeunrealizedgainlossonderivativesarisingduringperiodnetoftax": 1417000,
        "othercomprehensiveincomelossforeigncurrencytransactionandtranslationadjustmentnetoftax": -3568000,
        "othercomprehensiveincomelossnetoftax": -2151000,
        "comprehensiveincomenetoftaxincludingportionattributabletononcontrollinginterest": 154770000,
        "earningspersharebasic": 4.85,
        "earningspersharediluted": 4.78,
        "weightedaveragenumberofsharesoutstandingbasic": 32341000,
        "weightedaveragenumberofdilutedsharesoutstanding": 32843000
    },
    {
        "date": "2015-09-29",
        "symbol": "DECK",
        "period": "Q2",
        "salesrevenuegoodsnet": 344659000,
        "costofgoodssold": 272742000,
        "grossprofit": 214113000,
        "sellinggeneralandadministrativeexpense": 162900000,
        "operatingincomeloss": -55792000,
        "investmentincomeinterest": 65000,
        "interestandotherexpense": 1532000,
        "othernonoperatingincomeexpense": 96000,
        "nonoperatingincomeexpense": -1371000,
        "incomelossfromcontinuingoperationsbeforeincometaxesminorityinterestandincomelossfromequitymethodinvestments": 49842000,
        "incometaxexpensebenefit": 13465000,
        "profitloss": 36377000,
        "othercomprehensiveincomeunrealizedgainlossonderivativesarisingduringperiodnetoftax": 1027000,
        "othercomprehensiveincomelossforeigncurrencytransactionandtranslationadjustmentnetoftax": -1091000,
        "othercomprehensiveincomelossnetoftax": -64000,
        "comprehensiveincomenetoftaxincludingportionattributabletononcontrollinginterest": 36313000,
        "earningspersharebasic": 1.12,
        "earningspersharediluted": 1.11,
        "weightedaveragenumberofsharesoutstandingbasic": 32511000,
        "weightedaveragenumberofdilutedsharesoutstanding": 32775000
    },
    {
        "date": "2015-06-29",
        "symbol": "DECK",
        "period": "Q1",
        "salesrevenuegoodsnet": 66422000,
        "costofgoodssold": 127209000,
        "grossprofit": 86596000,
        "sellinggeneralandadministrativeexpense": 150304000,
        "operatingincomeloss": -52345000,
        "investmentincomeinterest": 116000,
        "interestandotherexpense": 1035000,
        "othernonoperatingincomeexpense": -55000,
        "nonoperatingincomeexpense": -974000,
        "incomelossfromcontinuingoperationsbeforeincometaxesminorityinterestandincomelossfromequitymethodinvestments": -64682000,
        "incometaxexpensebenefit": -17355000,
        "profitloss": -47327000,
        "othercomprehensiveincomeunrealizedgainlossonderivativesarisingduringperiodnetoftax": -1463000,
        "othercomprehensiveincomelossforeigncurrencytransactionandtranslationadjustmentnetoftax": 2766000,
        "othercomprehensiveincomelossnetoftax": 1303000,
        "comprehensiveincomenetoftaxincludingportionattributabletononcontrollinginterest": -46024000,
        "earningspersharebasic": -1.43,
        "earningspersharediluted": -1.43,
        "weightedaveragenumberofsharesoutstandingbasic": 33117000,
        "weightedaveragenumberofdilutedsharesoutstanding": 33117000
    },
    {
        "date": "2015-03-30",
        "symbol": "DECK",
        "period": "Q4",
        "salesrevenuegoodsnet": 450604000,
        "costofgoodssold": 188313000,
        "grossprofit": 152324000,
        "sellinggeneralandadministrativeexpense": 151587000,
        "operatingincomeloss": -159048000,
        "investmentincomeinterest": 85000,
        "interestandotherexpense": 474000,
        "othernonoperatingincomeexpense": 603000,
        "nonoperatingincomeexpense": 214000,
        "incomelossfromcontinuingoperationsbeforeincometaxesminorityinterestandincomelossfromequitymethodinvestments": 951000,
        "incometaxexpensebenefit": -455000,
        "profitloss": 1406000,
        "othercomprehensiveincomeunrealizedgainlossonderivativesarisingduringperiodnetoftax": -309000,
        "othercomprehensiveincomelossforeigncurrencytransactionandtranslationadjustmentnetoftax": -7728000,
        "othercomprehensiveincomelossnetoftax": -8037000,
        "comprehensiveincomenetoftaxincludingportionattributabletononcontrollinginterest": -6631000,
        "earningspersharebasic": 0.050000000000000266,
        "earningspersharediluted": 0.060000000000000275,
        "weightedaveragenumberofsharesoutstandingbasic": -69362000,
        "weightedaveragenumberofdilutedsharesoutstanding": -69700000
    },
    {
        "date": "2014-12-30",
        "symbol": "DECK",
        "period": "Q3",
        "salesrevenuegoodsnet": 401702000,
        "costofgoodssold": 369539000,
        "grossprofit": 415139000,
        "sellinggeneralandadministrativeexpense": 200558000,
        "operatingincomeloss": -57156000,
        "investmentincomeinterest": 38000,
        "interestandotherexpense": 1308000,
        "othernonoperatingincomeexpense": 5000,
        "nonoperatingincomeexpense": -1265000,
        "incomelossfromcontinuingoperationsbeforeincometaxesminorityinterestandincomelossfromequitymethodinvestments": 213316000,
        "incometaxexpensebenefit": 56610000,
        "profitloss": 156706000,
        "othercomprehensiveincomeunrealizedgainlossonderivativesarisingduringperiodnetoftax": -682000,
        "othercomprehensiveincomelossforeigncurrencytransactionandtranslationadjustmentnetoftax": -6647000,
        "othercomprehensiveincomelossnetoftax": -7329000,
        "comprehensiveincomenetoftaxincludingportionattributabletononcontrollinginterest": 149377000,
        "earningspersharebasic": 4.54,
        "earningspersharediluted": 4.5,
        "weightedaveragenumberofsharesoutstandingbasic": 34537000,
        "weightedaveragenumberofdilutedsharesoutstanding": 34853000
    },
    {
        "date": "2014-09-29",
        "symbol": "DECK",
        "period": "Q2",
        "salesrevenuegoodsnet": 15955000,
        "costofgoodssold": 256400000,
        "grossprofit": 223873000,
        "sellinggeneralandadministrativeexpense": 164290000,
        "operatingincomeloss": -571000,
        "investmentincomeinterest": 30000,
        "interestandotherexpense": 2000000,
        "othernonoperatingincomeexpense": 29000,
        "nonoperatingincomeexpense": -1941000,
        "incomelossfromcontinuingoperationsbeforeincometaxesminorityinterestandincomelossfromequitymethodinvestments": 57642000,
        "incometaxexpensebenefit": 16912000,
        "profitloss": 40730000,
        "othercomprehensiveincomeunrealizedgainlossonderivativesarisingduringperiodnetoftax": 1701000,
        "othercomprehensiveincomelossforeigncurrencytransactionandtranslationadjustmentnetoftax": -4976000,
        "othercomprehensiveincomelossnetoftax": -3275000,
        "comprehensiveincomenetoftaxincludingportionattributabletononcontrollinginterest": 37455000,
        "earningspersharebasic": 1.18,
        "earningspersharediluted": 1.17,
        "weightedaveragenumberofsharesoutstandingbasic": 34632000,
        "weightedaveragenumberofdilutedsharesoutstanding": 34954000
    },
    {
        "date": "2014-06-29",
        "symbol": "DECK",
        "period": "Q1",
        "salesrevenuegoodsnet": 35665000,
        "costofgoodssold": 124697000,
        "grossprofit": 86772000,
        "sellinggeneralandadministrativeexpense": 137254000,
        "operatingincomeloss": -4011000,
        "investmentincomeinterest": 54000,
        "interestandotherexpense": 438000,
        "othernonoperatingincomeexpense": 96000,
        "nonoperatingincomeexpense": -288000,
        "incomelossfromcontinuingoperationsbeforeincometaxesminorityinterestandincomelossfromequitymethodinvestments": -50770000,
        "incometaxexpensebenefit": -13708000,
        "profitloss": -37062000,
        "othercomprehensiveincomeunrealizedgainlossonderivativesarisingduringperiodnetoftax": -260000,
        "othercomprehensiveincomelossforeigncurrencytransactionandtranslationadjustmentnetoftax": 476000,
        "othercomprehensiveincomelossnetoftax": 216000,
        "comprehensiveincomenetoftaxincludingportionattributabletononcontrollinginterest": -36846000,
        "earningspersharebasic": -1.07,
        "earningspersharediluted": -1.07,
        "weightedaveragenumberofsharesoutstandingbasic": 34626000,
        "weightedaveragenumberofdilutedsharesoutstanding": 34626000
    },
    {
        "date": "2013-12-30",
        "symbol": "DECK",
        "period": "FY",
        "salesrevenuegoodsnet": 38276000,
        "costofgoodssold": 820135000,
        "grossprofit": 736483000,
        "sellinggeneralandadministrativeexpense": 528586000,
        "operatingincomeloss": 66819000,
        "investmentincomeinterest": 60000,
        "interestandotherexpense": 3079000,
        "othernonoperatingincomeexpense": 679000,
        "nonoperatingincomeexpense": -2340000,
        "incomelossfromcontinuingoperationsbeforeincometaxesminorityinterestandincomelossfromequitymethodinvestments": 205557000,
        "incometaxexpensebenefit": 59868000,
        "profitloss": 145689000,
        "othercomprehensiveincomeunrealizedgainlossonderivativesarisingduringperiodnetoftax": -486000,
        "othercomprehensiveincomelossforeigncurrencytransactionandtranslationadjustmentnetoftax": -757000,
        "othercomprehensiveincomelossnetoftax": -1243000,
        "comprehensiveincomenetoftaxincludingportionattributabletononcontrollinginterest": 144446000,
        "netincomelossavailabletocommonstockholdersbasic": 145689000,
        "comprehensiveincomenetoftax": 144446000,
        "earningspersharebasic": 4.23,
        "earningspersharediluted": 4.18,
        "weightedaveragenumberofsharesoutstandingbasic": 34473000,
        "weightedaveragenumberofdilutedsharesoutstanding": 34829000
    },
    {
        "date": "2013-09-29",
        "symbol": "DECK",
        "period": "Q2",
        "salesrevenuegoodsnet": 16649000,
        "costofgoodssold": 219833000,
        "grossprofit": 166892000,
        "sellinggeneralandadministrativeexpense": 120395000,
        "operatingincomeloss": -2260000,
        "investmentincomeinterest": 7000,
        "interestandotherexpense": 1067000,
        "othernonoperatingincomeexpense": 265000,
        "nonoperatingincomeexpense": -795000,
        "incomelossfromcontinuingoperationsbeforeincometaxesminorityinterestandincomelossfromequitymethodinvestments": 45702000,
        "incometaxexpensebenefit": 12642000,
        "profitloss": 33060000,
        "othercomprehensiveincomeunrealizedgainlossonderivativesarisingduringperiodnetoftax": -1772000,
        "othercomprehensiveincomelossforeigncurrencytransactionandtranslationadjustmentnetoftax": 2898000,
        "othercomprehensiveincomelossnetoftax": 1126000,
        "comprehensiveincomenetoftaxincludingportionattributabletononcontrollinginterest": 34186000,
        "netincomelossavailabletocommonstockholdersbasic": 33060000,
        "comprehensiveincomenetoftax": 34186000,
        "earningspersharebasic": 0.96,
        "earningspersharediluted": 0.95,
        "weightedaveragenumberofsharesoutstandingbasic": 34496000,
        "weightedaveragenumberofdilutedsharesoutstanding": 34794000
    },
    {
        "date": "2013-06-29",
        "symbol": "DECK",
        "period": "Q1",
        "salesrevenuegoodsnet": 170085000,
        "costofgoodssold": 100253000,
        "grossprofit": 69832000,
        "sellinggeneralandadministrativeexpense": 112583000,
        "operatingincomeloss": -42751000,
        "investmentincomeinterest": 9000,
        "interestandotherexpense": 380000,
        "othernonoperatingincomeexpense": 70000,
        "nonoperatingincomeexpense": -301000,
        "incomelossfromcontinuingoperationsbeforeincometaxesminorityinterestandincomelossfromequitymethodinvestments": -43052000,
        "incometaxexpensebenefit": -13777000,
        "profitloss": -29275000,
        "othercomprehensiveincomeunrealizedgainlossonderivativesarisingduringperiodnetoftax": -210000,
        "othercomprehensiveincomelossforeigncurrencytransactionandtranslationadjustmentnetoftax": -1089000,
        "othercomprehensiveincomelossnetoftax": -1299000,
        "comprehensiveincomenetoftaxincludingportionattributabletononcontrollinginterest": -30574000,
        "netincomelossavailabletocommonstockholdersbasic": -29275000,
        "comprehensiveincomenetoftax": -30574000,
        "earningspersharebasic": -0.85,
        "earningspersharediluted": -0.85,
        "weightedaveragenumberofsharesoutstandingbasic": 34452000,
        "weightedaveragenumberofdilutedsharesoutstanding": 34452000
    },
    {
        "date": "2013-03-30",
        "symbol": "DECK",
        "period": "Q4",
        "salesrevenuegoodsnet": 263760000,
        "costofgoodssold": 140201000,
        "grossprofit": 123559000,
        "sellinggeneralandadministrativeexpense": 120907000,
        "operatingincomeloss": -47251000,
        "investmentincomeinterest": 26000,
        "interestandotherexpense": 339000,
        "othernonoperatingincomeexpense": 171000,
        "nonoperatingincomeexpense": -142000,
        "incomelossfromcontinuingoperationsbeforeincometaxesminorityinterestandincomelossfromequitymethodinvestments": 2510000,
        "incometaxexpensebenefit": 1503000,
        "profitloss": 1007000,
        "othercomprehensiveincomeunrealizedgainlossonderivativesarisingduringperiodnetoftax": 1530000,
        "othercomprehensiveincomelossforeigncurrencytransactionandtranslationadjustmentnetoftax": -674000,
        "othercomprehensiveincomelossnetoftax": 856000,
        "comprehensiveincomenetoftaxincludingportionattributabletononcontrollinginterest": 1863000,
        "netincomelossavailabletocommonstockholdersbasic": 1007000,
        "comprehensiveincomenetoftax": 1863000,
        "earningspersharebasic": 0.03,
        "earningspersharediluted": 0.03,
        "weightedaveragenumberofsharesoutstandingbasic": 34404000,
        "weightedaveragenumberofdilutedsharesoutstanding": 34788000
    },
    {
        "date": "2012-12-30",
        "symbol": "DECK",
        "period": "FY",
        "salesrevenuegoodsnet": 1414398000,
        "costofgoodssold": 782244000,
        "grossprofit": 632154000,
        "sellinggeneralandadministrativeexpense": 445206000,
        "operatingincomeloss": 186948000,
        "investmentincomeinterest": 217000,
        "interestandotherexpense": 3840000,
        "othernonoperatingincomeexpense": 793000,
        "nonoperatingincomeexpense": -2830000,
        "incomelossfromcontinuingoperationsbeforeincometaxesminorityinterestandincomelossfromequitymethodinvestments": 184118000,
        "incometaxexpensebenefit": 55104000,
        "profitloss": 148000,
        "othercomprehensiveincomeunrealizedgainlossonderivativesarisingduringperiodnetoftax": -633000,
        "othercomprehensiveincomeforeigncurrencytransactionandtranslationadjustmentnetoftaxperiodincreasedecrease": 963000,
        "othercomprehensiveincomelossnetoftaxperiodincreasedecrease": 330000,
        "comprehensiveincomenetoftaxincludingportionattributabletononcontrollinginterest": 129344000,
        "netincomelossavailabletocommonstockholdersbasic": 128866000,
        "netincomelossattributabletononcontrollinginterest": 148000,
        "comprehensiveincomenetoftax": 129196000,
        "comprehensiveincomenetoftaxattributabletononcontrollinginterest": -148000,
        "earningspersharebasic": 3.49,
        "earningspersharediluted": 3.45,
        "weightedaveragenumberofsharesoutstandingbasic": 36879000,
        "weightedaveragenumberofdilutedsharesoutstanding": 37334000
    },
    {
        "date": "2012-03-30",
        "symbol": "DECK",
        "period": "Q4",
        "salesrevenuegoodsnet": 246306000,
        "costofgoodssold": 133018000,
        "grossprofit": 113288000,
        "sellinggeneralandadministrativeexpense": 101355000,
        "operatingincomeloss": 11933000,
        "investmentincomeinterest": 102000,
        "interestandotherexpense": 49000,
        "othernonoperatingincomeexpense": 348000,
        "nonoperatingincomeexpense": 401000,
        "incomelossfromcontinuingoperationsbeforeincometaxesminorityinterestandincomelossfromequitymethodinvestments": 12334000,
        "incometaxexpensebenefit": 4299000,
        "profitloss": 8035000,
        "othercomprehensiveincomeunrealizedgainlossonderivativesarisingduringperiodnetoftax": -1068000,
        "othercomprehensiveincomeforeigncurrencytransactionandtranslationadjustmentnetoftaxperiodincreasedecrease": 738000,
        "othercomprehensiveincomelossnetoftaxperiodincreasedecrease": -330000,
        "comprehensiveincomenetoftaxincludingportionattributabletononcontrollinginterest": 7705000,
        "netincomelossavailabletocommonstockholdersbasic": 7887000,
        "netincomelossattributabletononcontrollinginterest": 148000,
        "comprehensiveincomenetoftax": 7557000,
        "comprehensiveincomenetoftaxattributabletononcontrollinginterest": 148000,
        "earningspersharebasic": 0.2,
        "earningspersharediluted": 0.2,
        "weightedaveragenumberofsharesoutstandingbasic": 38614000,
        "weightedaveragenumberofdilutedsharesoutstanding": 39094000
    },
    {
        "date": "2011-12-30",
        "symbol": "DECK",
        "period": "FY",
        "salesrevenuegoodsnet": 26039000,
        "costofgoodssold": 698288000,
        "grossprofit": 678995000,
        "sellinggeneralandadministrativeexpense": 394157000,
        "operatingincomeloss": 797000,
        "investmentincomeinterest": 180000,
        "interestandotherexpense": 249000,
        "othernonoperatingincomeexpense": 493000,
        "nonoperatingincomeexpense": 424000,
        "incomelossfromcontinuingoperationsbeforeincometaxesminorityinterestandincomelossfromequitymethodinvestments": 285262000,
        "incometaxexpensebenefit": 83404000,
        "profitloss": 199052000,
        "netincomelossattributabletononcontrollinginterest": 2806000,
        "netincomelossavailabletocommonstockholdersbasic": 199052000,
        "earningspersharebasic": 5.16,
        "earningspersharediluted": 5.07,
        "weightedaveragenumberofsharesoutstandingbasic": 38605000,
        "weightedaveragenumberofdilutedsharesoutstanding": 39265000,
        "stockholdersequityincludingportionattributabletononcontrollinginterest": 835936000,
        "sharesissued": 38692000,
        "stockissuedduringperiodvaluesharebasedcompensation": 14803000,
        "stockissuedduringperiodsharessharebasedcompensation": 10000,
        "stockissuedduringperiodvaluestockoptionsexercised": 62000,
        "stockissuedduringperiodsharesstockoptionsexercised": 12000,
        "stockissuedduringperiodvaluerestrictedstockawardnetofforfeitures": -3000,
        "stockissuedduringperiodsharesrestrictedstockawardnetofforfeitures": 334000,
        "adjustmentstoadditionalpaidincapitaltaxeffectfromsharebasedcompensation": 15330000,
        "adjustmentsrelatedtotaxwithholdingforsharebasedcompensation": 23497000,
        "stockrepurchasedduringperiodvalue": 19918000,
        "stockrepurchasedduringperiodshares": 245000,
        "othercomprehensiveincomeforeigncurrencytransactionandtranslationadjustmentnetoftaxportionattributabletoparent": -1952000,
        "othercomprehensiveincomederivativesqualifyingashedgesnetoftaxportionattributabletoparent": -931000,
        "comprehensiveincomenetoftaxincludingportionattributabletononcontrollinginterest": 196169000
    },
    {
        "date": "2011-09-29",
        "symbol": "DECK",
        "period": "Q2",
        "salesrevenuegoodsnet": 15350000,
        "costofgoodssold": 211505000,
        "grossprofit": 202853000,
        "sellinggeneralandadministrativeexpense": 112192000,
        "operatingincomeloss": 1459000,
        "investmentincomeinterest": 34000,
        "interestandotherexpense": 148000,
        "othernonoperatingincomeexpense": 64000,
        "nonoperatingincomeexpense": -50000,
        "incomelossfromcontinuingoperationsbeforeincometaxesminorityinterestandincomelossfromequitymethodinvestments": 90611000,
        "incometaxexpensebenefit": 28266000,
        "profitloss": 62345000,
        "netincomelossattributabletononcontrollinginterest": -139000,
        "netincomelossavailabletocommonstockholdersbasic": 62484000,
        "earningspersharebasic": 1.62,
        "earningspersharediluted": 1.59,
        "weightedaveragenumberofsharesoutstandingbasic": 38603000,
        "weightedaveragenumberofdilutedsharesoutstanding": 39190000
    },
    {
        "date": "2011-06-29",
        "symbol": "DECK",
        "period": "Q1",
        "salesrevenuegoodsnet": 154222000,
        "costofgoodssold": 88310000,
        "grossprofit": 65912000,
        "sellinggeneralandadministrativeexpense": 76710000,
        "operatingincomeloss": -10798000,
        "investmentincomeinterest": 35000,
        "interestandotherexpense": 13000,
        "othernonoperatingincomeexpense": 21000,
        "nonoperatingincomeexpense": 43000,
        "incomelossfromcontinuingoperationsbeforeincometaxesminorityinterestandincomelossfromequitymethodinvestments": -10755000,
        "incometaxexpensebenefit": -3227000,
        "profitloss": -7528000,
        "netincomelossattributabletononcontrollinginterest": -189000,
        "netincomeloss": -7339000,
        "earningspersharebasic": -0.19,
        "earningspersharediluted": -0.19,
        "weightedaveragenumberofsharesoutstandingbasic": 38670000,
        "weightedaveragenumberofdilutedsharesoutstanding": 38670000,
        "othercomprehensiveincomeunrealizedgainlossonderivativesarisingduringperiodnetoftax": 1274000
    },
    {
        "date": "2011-03-30",
        "symbol": "DECK",
        "period": "Q4",
        "salesrevenuegoodsnet": 204851000,
        "costofgoodssold": 102373000,
        "grossprofit": 102478000,
        "sellinggeneralandadministrativeexpense": 74283000,
        "operatingincomeloss": 28195000,
        "investmentincomeinterest": 52000,
        "interestandotherexpense": -58000,
        "othernonoperatingincomeexpense": 28000,
        "nonoperatingincomeexpense": 138000,
        "incomelossfromcontinuingoperationsbeforeincometaxesminorityinterestandincomelossfromequitymethodinvestments": 28333000,
        "incometaxexpensebenefit": 8500000,
        "profitloss": 19833000,
        "netincomelossattributabletononcontrollinginterest": 655000,
        "netincomeloss": 19178000,
        "earningspersharebasic": 0.5,
        "earningspersharediluted": 0.49,
        "weightedaveragenumberofsharesoutstandingbasic": 38609000,
        "weightedaveragenumberofdilutedsharesoutstanding": 39397000
    },
    {
        "date": "2010-12-30",
        "symbol": "DECK",
        "period": "FY",
        "stockholdersequityincludingportionattributabletononcontrollinginterest": 655675000,
        "sharesissued": 38581000,
        "stockissuedduringperiodvaluesharebasedcompensation": 12782000,
        "stockissuedduringperiodsharessharebasedcompensation": 30000,
        "stockissuedduringperiodvaluestockoptionsexercised": 89000,
        "stockissuedduringperiodsharesstockoptionsexercised": 31000,
        "stockissuedduringperiodvaluerestrictedstockawardnetofforfeitures": -1000,
        "stockissuedduringperiodsharesrestrictedstockawardnetofforfeitures": 146000,
        "adjustmentstoadditionalpaidincapitaltaxeffectfromsharebasedcompensation": 3525000,
        "shareswithheldfortaxes": 3579000,
        "stockrepurchasedduringperiodvalue": 10082000,
        "stockrepurchasedduringperiodshares": 230000,
        "profitloss": 2142000,
        "othercomprehensiveincomeforeigncurrencytransactionandtranslationadjustmentnetoftaxperiodincreasedecrease": -905000,
        "othercomprehensiveincomeunrealizedgainlossonderivativesarisingduringperiodnetoftax": 1564000,
        "comprehensiveincomenetoftax": 161036000,
        "salesrevenuegoodsnet": 1000989000,
        "costofgoodssold": 498051000,
        "grossprofit": 502938000,
        "sellinggeneralandadministrativeexpense": 253850000,
        "operatingincomeloss": 249088000,
        "investmentincomeinterest": 234000,
        "interestandotherexpense": 566000,
        "othernonoperatingincomeexpense": 1353000,
        "nonoperatingincomeexpense": 1021000,
        "incomelossfromcontinuingoperationsbeforeincometaxesminorityinterestandincomelossfromequitymethodinvestments": 250109000,
        "incometaxexpensebenefit": 89732000,
        "netincomelossattributabletononcontrollinginterest": 2142000,
        "netincomeloss": 158235000,
        "earningspersharebasic": 4.1,
        "earningspersharediluted": 4.03,
        "weightedaveragenumberofsharesoutstandingbasic": 38615000,
        "weightedaveragenumberofdilutedsharesoutstanding": 39292000
    },
    {
        "date": "2010-09-29",
        "symbol": "DECK",
        "period": "Q2",
        "salesrevenuegoodsnet": 277879000,
        "costofgoodssold": 146926000,
        "grossprofit": 130953000,
        "sellinggeneralandadministrativeexpense": 64639000,
        "operatingincomeloss": 66314000,
        "investmentincomeinterest": 95000,
        "interestandotherexpense": 216000,
        "othernonoperatingincomeexpense": 334000,
        "nonoperatingincomeexpense": 213000,
        "incomelossfromcontinuingoperationsbeforeincometaxesminorityinterestandincomelossfromequitymethodinvestments": 66527000,
        "incometaxexpensebenefit": 24555000,
        "profitloss": 41972000,
        "netincomelossattributabletononcontrollinginterest": -171000,
        "netincomeloss": 42143000,
        "earningspersharebasic": 1.09,
        "earningspersharediluted": 1.07,
        "weightedaveragenumberofsharesoutstandingbasic": 38615000,
        "weightedaveragenumberofdilutedsharesoutstanding": 39228000
    },
    {
        "date": "2010-06-29",
        "symbol": "DECK",
        "period": "Q1",
        "salesrevenuegoodsnet": 137059000,
        "costofgoodssold": 76316000,
        "grossprofit": 60743000,
        "sellinggeneralandadministrativeexpense": 47527000,
        "operatingincomeloss": 13216000,
        "investmentincomeinterest": 53000,
        "interestandotherexpense": 106000,
        "othernonoperatingincomeexpense": 550000,
        "nonoperatingincomeexpense": 497000,
        "incomelossfromcontinuingoperationsbeforeincometaxesminorityinterestandincomelossfromequitymethodinvestments": 13713000,
        "incometaxexpensebenefit": 4803000,
        "profitloss": 8910000,
        "netincomelossattributabletononcontrollinginterest": -56000,
        "netincomeloss": 8966000,
        "earningspersharebasic": 0.23,
        "earningspersharediluted": 0.23,
        "weightedaveragenumberofsharesoutstandingbasic": 38667000,
        "weightedaveragenumberofdilutedsharesoutstanding": 39081000
    }
]