[
    {
        "date": "2024-09-29",
        "symbol": "VZ",
        "period": "Q3",
        "revenues": 33330000000,
        "costofgoodsandservicessold": 6047000000,
        "sellinggeneralandadministrativeexpense": 9706000000,
        "depreciationandamortization": 4458000000,
        "costsandexpenses": 27404000000,
        "operatingincomeloss": 5926000000,
        "incomelossfromequitymethodinvestments": -24000000,
        "othernonoperatingincomeexpense": 72000000,
        "interestexpensenonoperating": 1672000000,
        "incomelossfromcontinuingoperationsbeforeincometaxesextraordinaryitemsnoncontrollinginterest": 4302000000,
        "incometaxexpensebenefit": 891000000,
        "profitloss": 3411000000,
        "netincomelossattributabletononcontrollinginterest": 105000000,
        "netincomeloss": 3306000000,
        "earningspersharebasic": 0.78,
        "weightedaveragenumberofsharesoutstandingbasic": 4220000000,
        "earningspersharediluted": 0.78,
        "weightedaveragenumberofdilutedsharesoutstanding": 4225000000,
        "othercomprehensiveincomelossforeigncurrencytransactionandtranslationadjustmentnetoftax": 59000000,
        "othercomprehensiveincomelosscashflowhedgegainlossafterreclassificationandtax": 6000000,
        "othercomprehensiveincomelossderivativeexcludedcomponentincreasedecreaseafteradjustmentsandtax": -446000000,
        "othercomprehensiveincomelossavailableforsalesecuritiesadjustmentnetoftax": 5000000,
        "othercomprehensiveincomelosspensionandotherpostretirementbenefitplansadjustmentnetoftax": 2000000,
        "othercomprehensiveincomelossnetoftaxportionattributabletoparent": -378000000,
        "comprehensiveincomenetoftaxincludingportionattributabletononcontrollinginterest": 105000000,
        "comprehensiveincomenetoftaxattributabletononcontrollinginterest": 105000000,
        "comprehensiveincomenetoftax": 2928000000,
        "othercomprehensiveincomelossforeigncurrencytranslationadjustmenttax": -8000000,
        "othercomprehensiveincomelosscashflowhedgegainlossafterreclassificationtax": 2000000,
        "othercomprehensiveincomelossderivativeexcludedcomponentincreasedecreaseafteradjustmentstax": -149000000,
        "othercomprehensiveincomelossavailableforsalesecuritiestax": 2000000,
        "othercomprehensiveincomelosspensionandotherpostretirementbenefitplanstax": 1000000
    },
    {
        "date": "2023-12-30",
        "symbol": "VZ",
        "period": "Q4",
        "revenues": 82251000000,
        "costofgoodsandservicessold": 8812000000,
        "sellinggeneralandadministrativeexpense": 8991000000,
        "depreciationandamortization": 4516000000,
        "costsandexpenses": 34530000000,
        "operatingincomeloss": 15752000000,
        "incomelossfromequitymethodinvestments": -11000000,
        "othernonoperatingincomeexpense": -807000000,
        "interestexpense": 1599000000,
        "incomelossfromcontinuingoperationsbeforeincometaxesextraordinaryitemsnoncontrollinginterest": -1817000000,
        "incometaxexpensebenefit": 756000000,
        "profitloss": -2573000000,
        "netincomelossattributabletononcontrollinginterest": 132000000,
        "netincomeloss": -2705000000,
        "earningspersharebasic": -0.6400000000000001,
        "earningspersharediluted": -0.6499999999999999,
        "weightedaveragenumberofdilutedsharesoutstanding": 4215000000,
        "othercomprehensiveincomelossforeigncurrencytransactionandtranslationadjustmentnetoftax": 93000000,
        "othercomprehensiveincomelosscashflowhedgegainlossafterreclassificationandtax": 21000000,
        "othercomprehensiveincomelossderivativeexcludedcomponentincreasedecreaseafteradjustmentsandtax": -39000000,
        "othercomprehensiveincomelossavailableforsalesecuritiesadjustmentnetoftax": 10000000,
        "othercomprehensiveincomelosspensionandotherpostretirementbenefitplansadjustmentnetoftax": 37000000,
        "othercomprehensiveincomelossnetoftaxportionattributabletoparent": 48000000,
        "comprehensiveincomenetoftaxincludingportionattributabletononcontrollinginterest": 6976000000,
        "comprehensiveincomenetoftaxattributabletononcontrollinginterest": 132000000,
        "comprehensiveincomenetoftax": -2657000000,
        "othercomprehensiveincomelossforeigncurrencytranslationadjustmenttax": -9000000,
        "othercomprehensiveincomelosscashflowhedgegainlossafterreclassificationtax": 7000000,
        "othercomprehensiveincomelossderivativeexcludedcomponentincreasedecreaseafteradjustmentstax": -14000000,
        "othercomprehensiveincomelosspensionandotherpostretirementbenefitplanstax": 13000000
    },
    {
        "date": "2023-09-29",
        "symbol": "VZ",
        "period": "Q3",
        "revenues": 27523000000,
        "costofgoodsandservicessold": 7084000000,
        "sellinggeneralandadministrativeexpense": 7995000000,
        "depreciationandamortization": 4431000000,
        "costsandexpenses": 25863000000,
        "operatingincomeloss": 7473000000,
        "incomelossfromequitymethodinvestments": -18000000,
        "othernonoperatingincomeexpense": 170000000,
        "interestexpense": 1433000000,
        "incomelossfromcontinuingoperationsbeforeincometaxesextraordinaryitemsnoncontrollinginterest": 6192000000,
        "incometaxexpensebenefit": 1308000000,
        "profitloss": 4884000000,
        "netincomelossattributabletononcontrollinginterest": 122000000,
        "netincomeloss": 4762000000,
        "earningspersharebasic": 1.13,
        "weightedaveragenumberofsharesoutstandingbasic": 4213000000,
        "earningspersharediluted": 1.13,
        "weightedaveragenumberofdilutedsharesoutstanding": 4216000000,
        "othercomprehensiveincomelossforeigncurrencytransactionandtranslationadjustmentnetoftax": -51000000,
        "othercomprehensiveincomelosscashflowhedgegainlossafterreclassificationandtax": 21000000,
        "othercomprehensiveincomelossderivativeexcludedcomponentincreasedecreaseafteradjustmentsandtax": 584000000,
        "othercomprehensiveincomelossavailableforsalesecuritiesadjustmentnetoftax": -5000000,
        "othercomprehensiveincomelosspensionandotherpostretirementbenefitplansadjustmentnetoftax": 56000000,
        "othercomprehensiveincomelossnetoftaxportionattributabletoparent": 493000000,
        "comprehensiveincomenetoftaxincludingportionattributabletononcontrollinginterest": 5377000000,
        "comprehensiveincomenetoftaxattributabletononcontrollinginterest": 122000000,
        "comprehensiveincomenetoftax": 5255000000,
        "othercomprehensiveincomelossforeigncurrencytranslationadjustmenttax": 7000000,
        "othercomprehensiveincomelosscashflowhedgegainlossafterreclassificationtax": 8000000,
        "othercomprehensiveincomelossderivativeexcludedcomponentincreasedecreaseafteradjustmentstax": 198000000,
        "othercomprehensiveincomelossavailableforsalesecuritiestax": -2000000,
        "othercomprehensiveincomelosspensionandotherpostretirementbenefitplanstax": 19000000
    },
    {
        "date": "2023-06-29",
        "symbol": "VZ",
        "period": "Q2",
        "revenues": -66000000,
        "costofgoodsandservicessold": 5778000000,
        "sellinggeneralandadministrativeexpense": 8253000000,
        "depreciationandamortization": 4359000000,
        "costsandexpenses": 25376000000,
        "operatingincomeloss": -344000000,
        "incomelossfromequitymethodinvestments": -33000000,
        "othernonoperatingincomeexpense": 210000000,
        "interestexpense": 1285000000,
        "incomelossfromcontinuingoperationsbeforeincometaxesextraordinaryitemsnoncontrollinginterest": 6112000000,
        "incometaxexpensebenefit": 1346000000,
        "profitloss": 4766000000,
        "netincomelossattributabletononcontrollinginterest": 118000000,
        "netincomeloss": 4648000000,
        "earningspersharebasic": 1.1,
        "weightedaveragenumberofsharesoutstandingbasic": 0,
        "earningspersharediluted": 1.1,
        "weightedaveragenumberofdilutedsharesoutstanding": 1000000,
        "othercomprehensiveincomelossforeigncurrencytransactionandtranslationadjustmentnetoftax": -6000000,
        "othercomprehensiveincomelosscashflowhedgegainlossafterreclassificationandtax": 25000000,
        "othercomprehensiveincomelossderivativeexcludedcomponentincreasedecreaseafteradjustmentsandtax": 293000000,
        "othercomprehensiveincomelossavailableforsalesecuritiesadjustmentnetoftax": -2000000,
        "othercomprehensiveincomelosspensionandotherpostretirementbenefitplansadjustmentnetoftax": 54000000,
        "othercomprehensiveincomelossnetoftaxportionattributabletoparent": 256000000,
        "comprehensiveincomenetoftaxincludingportionattributabletononcontrollinginterest": 118000000,
        "comprehensiveincomenetoftaxattributabletononcontrollinginterest": 118000000,
        "comprehensiveincomenetoftax": 4904000000,
        "othercomprehensiveincomelossforeigncurrencytranslationadjustmenttax": -1000000,
        "othercomprehensiveincomelosscashflowhedgegainlossafterreclassificationtax": 8000000,
        "othercomprehensiveincomelossderivativeexcludedcomponentincreasedecreaseafteradjustmentstax": 100000000,
        "othercomprehensiveincomelossavailableforsalesecuritiestax": 0,
        "othercomprehensiveincomelosspensionandotherpostretirementbenefitplanstax": 21000000
    },
    {
        "date": "2023-03-30",
        "symbol": "VZ",
        "period": "Q1",
        "revenues": -56000000,
        "costofgoodsandservicessold": 6426000000,
        "sellinggeneralandadministrativeexpense": 7506000000,
        "depreciationandamortization": 4318000000,
        "costsandexpenses": 25328000000,
        "operatingincomeloss": -4000000,
        "incomelossfromequitymethodinvestments": 9000000,
        "othernonoperatingincomeexpense": 114000000,
        "interestexpense": 1207000000,
        "incomelossfromcontinuingoperationsbeforeincometaxesextraordinaryitemsnoncontrollinginterest": 6500000000,
        "incometaxexpensebenefit": 1482000000,
        "profitloss": 5018000000,
        "netincomelossattributabletononcontrollinginterest": 109000000,
        "netincomeloss": 4909000000,
        "earningspersharebasic": 1.17,
        "weightedaveragenumberofsharesoutstandingbasic": 4207000000,
        "earningspersharediluted": 1.17,
        "weightedaveragenumberofdilutedsharesoutstanding": 4211000000,
        "othercomprehensiveincomelossforeigncurrencytransactionandtranslationadjustmentnetoftax": 26000000,
        "othercomprehensiveincomelosscashflowhedgegainlossafterreclassificationandtax": 21000000,
        "othercomprehensiveincomelossderivativeexcludedcomponentincreasedecreaseafteradjustmentsandtax": -302000000,
        "othercomprehensiveincomelossavailableforsalesecuritiesadjustmentnetoftax": 4000000,
        "othercomprehensiveincomelosspensionandotherpostretirementbenefitplansadjustmentnetoftax": 61000000,
        "othercomprehensiveincomelossnetoftaxportionattributabletoparent": -312000000,
        "comprehensiveincomenetoftaxincludingportionattributabletononcontrollinginterest": 109000000,
        "comprehensiveincomenetoftaxattributabletononcontrollinginterest": 109000000,
        "comprehensiveincomenetoftax": 4597000000,
        "othercomprehensiveincomelossforeigncurrencytranslationadjustmenttax": -3000000,
        "othercomprehensiveincomelosscashflowhedgegainlossafterreclassificationtax": 7000000,
        "othercomprehensiveincomelossderivativeexcludedcomponentincreasedecreaseafteradjustmentstax": -103000000,
        "othercomprehensiveincomelossavailableforsalesecuritiestax": 1000000,
        "othercomprehensiveincomelosspensionandotherpostretirementbenefitplanstax": 15000000
    },
    {
        "date": "2022-12-30",
        "symbol": "VZ",
        "period": "Q4",
        "revenues": -61000000,
        "costofgoodsandservicessold": 8577000000,
        "sellinggeneralandadministrativeexpense": 5258000000,
        "depreciationandamortization": 4147000000,
        "costsandexpenses": 24759000000,
        "operatingincomeloss": -20000000,
        "incomelossfromequitymethodinvestments": 4000000,
        "othernonoperatingincomeexpense": 2687000000,
        "interestexpense": 1105000000,
        "incomelossfromcontinuingoperationsbeforeincometaxesextraordinaryitemsnoncontrollinginterest": 8811000000,
        "incometaxexpensebenefit": 2113000000,
        "profitloss": 6698000000,
        "netincomelossattributabletononcontrollinginterest": 121000000,
        "netincomeloss": 6577000000,
        "earningspersharebasic": 1.5599999999999994,
        "weightedaveragenumberofsharesoutstandingbasic": -8402000000,
        "earningspersharediluted": 1.5599999999999994,
        "weightedaveragenumberofdilutedsharesoutstanding": -8404000000,
        "othercomprehensiveincomelossforeigncurrencytransactionandtranslationadjustmentnetoftax": 132000000,
        "othercomprehensiveincomelosscashflowhedgegainlossafterreclassificationandtax": 21000000,
        "othercomprehensiveincomelossavailableforsalesecuritiesadjustmentnetoftax": 7000000,
        "othercomprehensiveincomelosspensionandotherpostretirementbenefitplansadjustmentnetoftax": 61000000,
        "othercomprehensiveincomelossnetoftaxportionattributabletoparent": -165000000,
        "comprehensiveincomenetoftaxincludingportionattributabletononcontrollinginterest": 121000000,
        "comprehensiveincomenetoftaxattributabletononcontrollinginterest": 121000000,
        "comprehensiveincomenetoftax": 6412000000,
        "othercomprehensiveincomelossforeigncurrencytranslationadjustmenttax": -17000000,
        "othercomprehensiveincomelosscashflowhedgegainlossafterreclassificationtax": 14000000,
        "othercomprehensiveincomelossavailableforsalesecuritiestax": 2000000,
        "othercomprehensiveincomelosspensionandotherpostretirementbenefitplanstax": 20000000
    },
    {
        "date": "2022-09-29",
        "symbol": "VZ",
        "period": "Q3",
        "revenues": -63000000,
        "costofgoodsandservicessold": 7308000000,
        "sellinggeneralandadministrativeexpense": 7422000000,
        "depreciationandamortization": 4324000000,
        "costsandexpenses": 26347000000,
        "operatingincomeloss": -85000000,
        "incomelossfromequitymethodinvestments": 2000000,
        "othernonoperatingincomeexpense": -439000000,
        "interestexpense": 937000000,
        "incomelossfromcontinuingoperationsbeforeincometaxesextraordinaryitemsnoncontrollinginterest": 6520000000,
        "incometaxexpensebenefit": 1496000000,
        "profitloss": 5024000000,
        "netincomelossattributabletononcontrollinginterest": 124000000,
        "netincomeloss": 4900000000,
        "earningspersharebasic": 1.17,
        "weightedaveragenumberofsharesoutstandingbasic": 4202000000,
        "earningspersharediluted": 1.17,
        "weightedaveragenumberofdilutedsharesoutstanding": 4204000000,
        "othercomprehensiveincomelossforeigncurrencytransactionandtranslationadjustmentnetoftax": -120000000,
        "othercomprehensiveincomelosscashflowhedgegainlossafterreclassificationandtax": 22000000,
        "othercomprehensiveincomelossderivativeexcludedcomponentincreasedecreaseafteradjustmentsandtax": 105000000,
        "othercomprehensiveincomelossavailableforsalesecuritiesadjustmentnetoftax": -8000000,
        "othercomprehensiveincomelosspensionandotherpostretirementbenefitplansadjustmentnetoftax": 379000000,
        "othercomprehensiveincomelossnetoftaxportionattributabletoparent": -380000000,
        "comprehensiveincomenetoftaxincludingportionattributabletononcontrollinginterest": 124000000,
        "comprehensiveincomenetoftaxattributabletononcontrollinginterest": 124000000,
        "comprehensiveincomenetoftax": 4520000000,
        "othercomprehensiveincomelossforeigncurrencytranslationadjustmenttax": 13000000,
        "othercomprehensiveincomelosscashflowhedgegainlossafterreclassificationtax": 6000000,
        "othercomprehensiveincomelossderivativeexcludedcomponentincreasedecreaseafteradjustmentstax": 30000000,
        "othercomprehensiveincomelossavailableforsalesecuritiestax": -3000000,
        "othercomprehensiveincomelosspensionandotherpostretirementbenefitplanstax": 129000000
    },
    {
        "date": "2022-06-29",
        "symbol": "VZ",
        "period": "Q2",
        "revenues": -64000000,
        "costofgoodsandservicessold": 7488000000,
        "sellinggeneralandadministrativeexpense": 7496000000,
        "depreciationandamortization": 4321000000,
        "costsandexpenses": 26237000000,
        "operatingincomeloss": -190000000,
        "incomelossfromequitymethodinvestments": 41000000,
        "othernonoperatingincomeexpense": 49000000,
        "interestexpense": 785000000,
        "incomelossfromcontinuingoperationsbeforeincometaxesextraordinaryitemsnoncontrollinginterest": 6857000000,
        "incometaxexpensebenefit": 1542000000,
        "profitloss": 5315000000,
        "netincomelossattributabletononcontrollinginterest": 116000000,
        "netincomeloss": 5199000000,
        "earningspersharebasic": 1.24,
        "weightedaveragenumberofsharesoutstandingbasic": 4201000000,
        "earningspersharediluted": 1.24,
        "weightedaveragenumberofdilutedsharesoutstanding": 4202000000,
        "othercomprehensiveincomelossforeigncurrencytransactionandtranslationadjustmentnetoftax": -136000000,
        "othercomprehensiveincomelosscashflowhedgegainlossafterreclassificationandtax": 72000000,
        "othercomprehensiveincomelossderivativeexcludedcomponentincreasedecreaseafteradjustmentsandtax": -272000000,
        "othercomprehensiveincomelossavailableforsalesecuritiesadjustmentnetoftax": -6000000,
        "othercomprehensiveincomelosspensionandotherpostretirementbenefitplansadjustmentnetoftax": 72000000,
        "othercomprehensiveincomelossnetoftaxportionattributabletoparent": -414000000,
        "comprehensiveincomenetoftaxincludingportionattributabletononcontrollinginterest": 116000000,
        "comprehensiveincomenetoftaxattributabletononcontrollinginterest": 116000000,
        "comprehensiveincomenetoftax": 4785000000,
        "othercomprehensiveincomelossforeigncurrencytranslationadjustmenttax": 11000000,
        "othercomprehensiveincomelosscashflowhedgegainlossafterreclassificationtax": 19000000,
        "othercomprehensiveincomelossderivativeexcludedcomponentincreasedecreaseafteradjustmentstax": -88000000,
        "othercomprehensiveincomelossavailableforsalesecuritiestax": -2000000,
        "othercomprehensiveincomelosspensionandotherpostretirementbenefitplanstax": 24000000
    },
    {
        "date": "2022-03-30",
        "symbol": "VZ",
        "period": "Q1",
        "revenues": -65000000,
        "costofgoodsandservicessold": 7123000000,
        "sellinggeneralandadministrativeexpense": 7172000000,
        "depreciationandamortization": 4236000000,
        "costsandexpenses": 25758000000,
        "operatingincomeloss": -24000000,
        "incomelossfromequitymethodinvestments": -3000000,
        "othernonoperatingincomeexpense": -924000000,
        "interestexpense": 786000000,
        "incomelossfromcontinuingoperationsbeforeincometaxesextraordinaryitemsnoncontrollinginterest": 6083000000,
        "incometaxexpensebenefit": 1372000000,
        "profitloss": 4711000000,
        "netincomelossattributabletononcontrollinginterest": 131000000,
        "netincomeloss": 4580000000,
        "earningspersharebasic": 1.09,
        "weightedaveragenumberofsharesoutstandingbasic": 4201000000,
        "earningspersharediluted": 1.09,
        "weightedaveragenumberofdilutedsharesoutstanding": 4202000000,
        "othercomprehensiveincomelossforeigncurrencytransactionandtranslationadjustmentnetoftax": -29000000,
        "othercomprehensiveincomelosscashflowhedgegainlossafterreclassificationandtax": 207000000,
        "othercomprehensiveincomelossavailableforsalesecuritiesadjustmentnetoftax": -18000000,
        "othercomprehensiveincomelosspensionandotherpostretirementbenefitplansadjustmentnetoftax": 139000000,
        "othercomprehensiveincomelossnetoftaxportionattributabletoparent": 21000000,
        "comprehensiveincomenetoftaxincludingportionattributabletononcontrollinginterest": 131000000,
        "comprehensiveincomenetoftaxattributabletononcontrollinginterest": 131000000,
        "comprehensiveincomenetoftax": 4601000000,
        "othercomprehensiveincomelossforeigncurrencytranslationadjustmenttax": 6000000,
        "othercomprehensiveincomelosscashflowhedgegainlossafterreclassificationtax": 72000000,
        "othercomprehensiveincomelossavailableforsalesecuritiestax": -5000000,
        "othercomprehensiveincomelosspensionandotherpostretirementbenefitplanstax": 48000000
    },
    {
        "date": "2021-12-30",
        "symbol": "VZ",
        "period": "Q4",
        "revenues": -69000000,
        "costofgoodsandservicessold": 7961000000,
        "sellinggeneralandadministrativeexpense": 3640000000,
        "depreciationandamortization": 3608000000,
        "costsandexpenses": 18244000000,
        "operatingincomeloss": -841000000,
        "incomelossfromequitymethodinvestments": 135000000,
        "othernonoperatingincomeexpense": -860000000,
        "interestexpense": 739000000,
        "incomelossfromcontinuingoperationsbeforeincometaxesextraordinaryitemsnoncontrollinginterest": 6144000000,
        "incometaxexpensebenefit": 1407000000,
        "profitloss": 4737000000,
        "netincomelossattributabletononcontrollinginterest": 124000000,
        "netincomeloss": 4613000000,
        "earningspersharebasic": 1.1100000000000003,
        "earningspersharediluted": 1.1100000000000003,
        "othercomprehensiveincomelossforeigncurrencytransactionandtranslationadjustmentnetoftax": -15000000,
        "othercomprehensiveincomelosscashflowhedgegainlossafterreclassificationandtax": -43000000,
        "othercomprehensiveincomelosspensionandotherpostretirementbenefitplansadjustmentnetoftax": 156000000,
        "othercomprehensiveincomelossnetoftaxportionattributabletoparent": -218000000,
        "comprehensiveincomenetoftaxincludingportionattributabletononcontrollinginterest": 124000000,
        "comprehensiveincomenetoftaxattributabletononcontrollinginterest": 124000000,
        "comprehensiveincomenetoftax": 4395000000,
        "othercomprehensiveincomelossforeigncurrencytranslationadjustmenttax": 4000000,
        "othercomprehensiveincomelosscashflowhedgegainlossafterreclassificationtax": -15000000,
        "othercomprehensiveincomelosspensionandotherpostretirementbenefitplanstax": 51000000
    },
    {
        "date": "2021-09-29",
        "symbol": "VZ",
        "period": "Q3",
        "revenues": -111000000,
        "costofgoodsandservicessold": 5673000000,
        "sellinggeneralandadministrativeexpense": 6521000000,
        "depreciationandamortization": 3961000000,
        "costsandexpenses": 24010000000,
        "operatingincomeloss": 621000000,
        "incomelossfromequitymethodinvestments": 1000000,
        "othernonoperatingincomeexpense": 269000000,
        "interestexpense": 801000000,
        "incomelossfromcontinuingoperationsbeforeincometaxesextraordinaryitemsnoncontrollinginterest": 8374000000,
        "incometaxexpensebenefit": 1820000000,
        "profitloss": 6554000000,
        "netincomelossattributabletononcontrollinginterest": 147000000,
        "netincomeloss": 6407000000,
        "earningspersharebasic": 1.54,
        "earningspersharediluted": 1.54,
        "weightedaveragenumberofdilutedsharesoutstanding": 0,
        "othercomprehensiveincomelossforeigncurrencytransactionandtranslationadjustmentnetoftax": -146000000,
        "othercomprehensiveincomelosscashflowhedgegainlossafterreclassificationandtax": -174000000,
        "othercomprehensiveincomelosspensionandotherpostretirementbenefitplansadjustmentnetoftax": 155000000,
        "othercomprehensiveincomelossnetoftaxportionattributabletoparent": -475000000,
        "comprehensiveincomenetoftaxincludingportionattributabletononcontrollinginterest": 147000000,
        "comprehensiveincomenetoftaxattributabletononcontrollinginterest": 147000000,
        "comprehensiveincomenetoftax": 5932000000,
        "othercomprehensiveincomelossforeigncurrencytranslationadjustmenttax": 6000000,
        "othercomprehensiveincomelosscashflowhedgegainlossafterreclassificationtax": -61000000,
        "othercomprehensiveincomelosspensionandotherpostretirementbenefitplanstax": 51000000
    },
    {
        "date": "2021-06-29",
        "symbol": "VZ",
        "period": "Q2",
        "revenues": 28221000000,
        "costofgoodsandservicessold": 8324000000,
        "sellinggeneralandadministrativeexpense": 7324000000,
        "depreciationandamortization": 4020000000,
        "costsandexpenses": 25599000000,
        "operatingincomeloss": 8165000000,
        "incomelossfromequitymethodinvestments": 1000000,
        "othernonoperatingincomeexpense": 502000000,
        "interestexpense": 844000000,
        "incomelossfromcontinuingoperationsbeforeincometaxesextraordinaryitemsnoncontrollinginterest": 7824000000,
        "incometaxexpensebenefit": 1875000000,
        "profitloss": 5949000000,
        "netincomelossattributabletononcontrollinginterest": 149000000,
        "netincomeloss": 5800000000,
        "earningspersharebasic": 1.4,
        "weightedaveragenumberofsharesoutstandingbasic": 0,
        "earningspersharediluted": 1.4,
        "weightedaveragenumberofdilutedsharesoutstanding": 1000000,
        "othercomprehensiveincomelossforeigncurrencytransactionandtranslationadjustmentnetoftax": 58000000,
        "othercomprehensiveincomelosscashflowhedgegainlossafterreclassificationandtax": -777000000,
        "othercomprehensiveincomelossavailableforsalesecuritiesadjustmentnetoftax": 0,
        "othercomprehensiveincomelosspensionandotherpostretirementbenefitplansadjustmentnetoftax": 155000000,
        "othercomprehensiveincomelossnetoftaxportionattributabletoparent": -874000000,
        "comprehensiveincomenetoftaxincludingportionattributabletononcontrollinginterest": 5075000000,
        "comprehensiveincomenetoftaxattributabletononcontrollinginterest": 149000000,
        "comprehensiveincomenetoftax": 4926000000,
        "othercomprehensiveincomelossforeigncurrencytranslationadjustmenttax": 15000000,
        "othercomprehensiveincomelosscashflowhedgegainlossafterreclassificationtax": -294000000,
        "othercomprehensiveincomelossavailableforsalesecuritiestax": 0,
        "othercomprehensiveincomelosspensionandotherpostretirementbenefitplanstax": 52000000
    },
    {
        "date": "2021-03-30",
        "symbol": "VZ",
        "period": "Q1",
        "revenues": 27923000000,
        "costofgoodsandservicessold": 8020000000,
        "sellinggeneralandadministrativeexpense": 7401000000,
        "depreciationandamortization": 4174000000,
        "costsandexpenses": 25097000000,
        "operatingincomeloss": 7770000000,
        "incomelossfromequitymethodinvestments": 8000000,
        "othernonoperatingincomeexpense": 401000000,
        "interestexpense": 1101000000,
        "incomelossfromcontinuingoperationsbeforeincometaxesextraordinaryitemsnoncontrollinginterest": 7078000000,
        "incometaxexpensebenefit": 1700000000,
        "profitloss": 5378000000,
        "netincomelossattributabletononcontrollinginterest": 133000000,
        "netincomeloss": 5245000000,
        "earningspersharebasic": 1.27,
        "weightedaveragenumberofsharesoutstandingbasic": 4141000000,
        "earningspersharediluted": 1.27,
        "weightedaveragenumberofdilutedsharesoutstanding": 4142000000,
        "othercomprehensiveincomelossforeigncurrencytransactionandtranslationadjustmentnetoftax": -38000000,
        "othercomprehensiveincomelosscashflowhedgegainlossafterreclassificationandtax": 909000000,
        "othercomprehensiveincomelossavailableforsalesecuritiesadjustmentnetoftax": -5000000,
        "othercomprehensiveincomelosspensionandotherpostretirementbenefitplansadjustmentnetoftax": 155000000,
        "othercomprehensiveincomelossnetoftaxportionattributabletoparent": 711000000,
        "comprehensiveincomenetoftaxincludingportionattributabletononcontrollinginterest": 6089000000,
        "comprehensiveincomenetoftaxattributabletononcontrollinginterest": 133000000,
        "comprehensiveincomenetoftax": 5956000000,
        "othercomprehensiveincomelossforeigncurrencytranslationadjustmenttax": -8000000,
        "othercomprehensiveincomelosscashflowhedgegainlossafterreclassificationtax": 340000000,
        "othercomprehensiveincomelossavailableforsalesecuritiestax": -1000000,
        "othercomprehensiveincomelosspensionandotherpostretirementbenefitplanstax": 51000000
    },
    {
        "date": "2020-12-30",
        "symbol": "VZ",
        "period": "Q4",
        "revenues": 28268000000,
        "costofgoodsandservicessold": 8053000000,
        "sellinggeneralandadministrativeexpense": 8493000000,
        "depreciationandamortization": 4197000000,
        "costsandexpenses": 27512000000,
        "operatingincomeloss": 7180000000,
        "incomelossfromequitymethodinvestments": -11000000,
        "othernonoperatingincomeexpense": 164000000,
        "interestexpense": 1080000000,
        "incomelossfromcontinuingoperationsbeforeincometaxesextraordinaryitemsnoncontrollinginterest": 6253000000,
        "incometaxexpensebenefit": 1535000000,
        "profitloss": 4718000000,
        "netincomelossattributabletononcontrollinginterest": 130000000,
        "netincomeloss": 4588000000,
        "earningspersharebasic": 1.1100000000000003,
        "weightedaveragenumberofsharesoutstandingbasic": -8278000000,
        "earningspersharediluted": 1.12,
        "weightedaveragenumberofdilutedsharesoutstanding": -8282000000,
        "othercomprehensiveincomelossforeigncurrencytransactionandtranslationadjustmentnetoftax": 99000000,
        "othercomprehensiveincomelosscashflowhedgegainlossafterreclassificationandtax": 820000000,
        "othercomprehensiveincomelossavailableforsalesecuritiesadjustmentnetoftax": -9000000,
        "othercomprehensiveincomelosspensionandotherpostretirementbenefitplansadjustmentnetoftax": 169000000,
        "othercomprehensiveincomelossnetoftaxportionattributabletoparent": 741000000,
        "comprehensiveincomenetoftaxincludingportionattributabletononcontrollinginterest": 5459000000,
        "comprehensiveincomenetoftaxattributabletononcontrollinginterest": 130000000,
        "comprehensiveincomenetoftax": 5329000000,
        "othercomprehensiveincomelossforeigncurrencytranslationadjustmenttax": -9000000,
        "othercomprehensiveincomelosscashflowhedgegainlossafterreclassificationtax": 286000000,
        "othercomprehensiveincomelossavailableforsalesecuritiestax": 0,
        "othercomprehensiveincomelosspensionandotherpostretirementbenefitplanstax": 55000000
    },
    {
        "date": "2020-09-29",
        "symbol": "VZ",
        "period": "Q3",
        "revenues": 27431000000,
        "costofgoodsandservicessold": 7955000000,
        "sellinggeneralandadministrativeexpense": 7339000000,
        "depreciationandamortization": 4192000000,
        "costsandexpenses": 23865000000,
        "operatingincomeloss": 7678000000,
        "incomelossfromequitymethodinvestments": -9000000,
        "othernonoperatingincomeexpense": -774000000,
        "interestexpense": 1044000000,
        "incomelossfromcontinuingoperationsbeforeincometaxesextraordinaryitemsnoncontrollinginterest": 5851000000,
        "incometaxexpensebenefit": 1347000000,
        "profitloss": 4504000000,
        "netincomelossattributabletononcontrollinginterest": 147000000,
        "netincomeloss": 4357000000,
        "earningspersharebasic": 1.05,
        "weightedaveragenumberofsharesoutstandingbasic": 4140000000,
        "earningspersharediluted": 1.05,
        "weightedaveragenumberofdilutedsharesoutstanding": 4142000000,
        "othercomprehensiveincomelossforeigncurrencytransactionandtranslationadjustmentnetoftax": 124000000,
        "othercomprehensiveincomelosscashflowhedgegainlossafterreclassificationandtax": 505000000,
        "othercomprehensiveincomelossavailableforsalesecuritiesadjustmentnetoftax": 2000000,
        "othercomprehensiveincomelosspensionandotherpostretirementbenefitplansadjustmentnetoftax": 169000000,
        "othercomprehensiveincomelossnetoftaxportionattributabletoparent": 462000000,
        "comprehensiveincomenetoftaxincludingportionattributabletononcontrollinginterest": 4966000000,
        "comprehensiveincomenetoftaxattributabletononcontrollinginterest": 147000000,
        "comprehensiveincomenetoftax": 4819000000,
        "othercomprehensiveincomelossforeigncurrencytranslationadjustmenttax": -10000000,
        "othercomprehensiveincomelosscashflowhedgegainlossafterreclassificationtax": 176000000,
        "othercomprehensiveincomelossavailableforsalesecuritiestax": 1000000,
        "othercomprehensiveincomelosspensionandotherpostretirementbenefitplanstax": 55000000
    },
    {
        "date": "2020-06-29",
        "symbol": "VZ",
        "period": "Q2",
        "revenues": 26692000000,
        "costofgoodsandservicessold": 7639000000,
        "sellinggeneralandadministrativeexpense": 7156000000,
        "depreciationandamortization": 4181000000,
        "costsandexpenses": 23086000000,
        "operatingincomeloss": 7361000000,
        "incomelossfromequitymethodinvestments": -13000000,
        "othernonoperatingincomeexpense": -72000000,
        "interestexpense": 1089000000,
        "incomelossfromcontinuingoperationsbeforeincometaxesextraordinaryitemsnoncontrollinginterest": 6187000000,
        "incometaxexpensebenefit": 1348000000,
        "profitloss": 4839000000,
        "netincomelossattributabletononcontrollinginterest": 139000000,
        "netincomeloss": 4700000000,
        "earningspersharebasic": 1.14,
        "weightedaveragenumberofsharesoutstandingbasic": 4139000000,
        "earningspersharediluted": 1.13,
        "weightedaveragenumberofdilutedsharesoutstanding": 4141000000,
        "othercomprehensiveincomelossforeigncurrencytransactionandtranslationadjustmentnetoftax": 77000000,
        "othercomprehensiveincomelosscashflowhedgegainlossafterreclassificationandtax": 314000000,
        "othercomprehensiveincomelossavailableforsalesecuritiesadjustmentnetoftax": 6000000,
        "othercomprehensiveincomelosspensionandotherpostretirementbenefitplansadjustmentnetoftax": 169000000,
        "othercomprehensiveincomelossnetoftaxportionattributabletoparent": 228000000,
        "comprehensiveincomenetoftaxincludingportionattributabletononcontrollinginterest": 5067000000,
        "comprehensiveincomenetoftaxattributabletononcontrollinginterest": 139000000,
        "comprehensiveincomenetoftax": 4928000000,
        "othercomprehensiveincomelossforeigncurrencytranslationadjustmenttax": -4000000,
        "othercomprehensiveincomelosscashflowhedgegainlossafterreclassificationtax": 133000000,
        "othercomprehensiveincomelossavailableforsalesecuritiestax": 2000000,
        "othercomprehensiveincomelosspensionandotherpostretirementbenefitplanstax": 55000000
    },
    {
        "date": "2020-03-30",
        "symbol": "VZ",
        "period": "Q1",
        "profitloss": 4287000000,
        "othercomprehensiveincomelossforeigncurrencytransactionandtranslationadjustmentnetoftax": -120000000,
        "othercomprehensiveincomelosscashflowhedgegainlossafterreclassificationandtax": -2210000000,
        "othercomprehensiveincomelossavailableforsalesecuritiesadjustmentnetoftax": -1000000,
        "othercomprehensiveincomelosspensionandotherpostretirementbenefitplansadjustmentnetoftax": 169000000,
        "othercomprehensiveincomelossnetoftaxportionattributabletoparent": -2500000000,
        "comprehensiveincomenetoftaxincludingportionattributabletononcontrollinginterest": 1787000000,
        "comprehensiveincomenetoftaxattributabletononcontrollinginterest": 131000000,
        "comprehensiveincomenetoftax": 1656000000,
        "othercomprehensiveincomelossforeigncurrencytranslationadjustmenttax": 4000000,
        "othercomprehensiveincomelosscashflowhedgegainlossafterreclassificationtax": -792000000,
        "othercomprehensiveincomelossavailableforsalesecuritiestax": -1000000,
        "othercomprehensiveincomelosspensionandotherpostretirementbenefitplanstax": 56000000,
        "revenues": 27481000000,
        "costofgoodsandservicessold": 7754000000,
        "sellinggeneralandadministrativeexpense": 8585000000,
        "depreciationandamortization": 4150000000,
        "costsandexpenses": 25031000000,
        "operatingincomeloss": 6579000000,
        "incomelossfromequitymethodinvestments": -12000000,
        "othernonoperatingincomeexpense": 143000000,
        "interestexpense": 1034000000,
        "incomelossfromcontinuingoperationsbeforeincometaxesextraordinaryitemsnoncontrollinginterest": 5676000000,
        "incometaxexpensebenefit": 1389000000,
        "netincomelossattributabletononcontrollinginterest": 131000000,
        "netincomeloss": 4156000000,
        "earningspersharebasic": 1,
        "weightedaveragenumberofsharesoutstandingbasic": 4139000000,
        "earningspersharediluted": 1,
        "weightedaveragenumberofdilutedsharesoutstanding": 4141000000
    },
    {
        "date": "2019-12-30",
        "symbol": "VZ",
        "period": "Q4",
        "profitloss": 5217000000,
        "othercomprehensiveincomelossforeigncurrencytransactionandtranslationadjustmentnetoftax": 69000000,
        "othercomprehensiveincomelossavailableforsalesecuritiesadjustmentnetoftax": -3000000,
        "othercomprehensiveincomelosspensionandotherpostretirementbenefitplansadjustmentnetoftax": 152000000,
        "othercomprehensiveincomelossnetoftaxportionattributabletoparent": -106000000,
        "comprehensiveincomenetoftaxincludingportionattributabletononcontrollinginterest": 5111000000,
        "comprehensiveincomenetoftaxattributabletononcontrollinginterest": 122000000,
        "comprehensiveincomenetoftax": 4989000000,
        "othercomprehensiveincomelossforeigncurrencytranslationadjustmenttax": 9000000,
        "othercomprehensiveincomelosspensionandotherpostretirementbenefitplanstax": 51000000,
        "revenues": 28004000000,
        "costofgoodsandservicessold": 8376000000,
        "sellinggeneralandadministrativeexpense": 8214000000,
        "depreciationandamortization": 4105000000,
        "costsandexpenses": 28136000000,
        "operatingincomeloss": 6639000000,
        "incomelossfromequitymethodinvestments": 5000000,
        "othernonoperatingincomeexpense": -1773000000,
        "interestexpense": 1159000000,
        "incomelossfromcontinuingoperationsbeforeincometaxesextraordinaryitemsnoncontrollinginterest": 3712000000,
        "incometaxexpensebenefit": -1505000000,
        "netincomelossattributabletononcontrollinginterest": 122000000,
        "netincomeloss": 5095000000,
        "earningspersharebasic": 1.2300000000000002,
        "earningspersharediluted": 1.2300000000000002
    },
    {
        "date": "2019-09-29",
        "symbol": "VZ",
        "period": "Q3",
        "profitloss": 5337000000,
        "othercomprehensiveincomelossforeigncurrencytransactionandtranslationadjustmentnetoftax": -10000000,
        "othercomprehensiveincomelosscashflowhedgegainlossafterreclassificationandtax": -166000000,
        "othercomprehensiveincomelossavailableforsalesecuritiesadjustmentnetoftax": 2000000,
        "othercomprehensiveincomelosspensionandotherpostretirementbenefitplansadjustmentnetoftax": 169000000,
        "othercomprehensiveincomelossnetoftaxportionattributabletoparent": -343000000,
        "comprehensiveincomenetoftaxincludingportionattributabletononcontrollinginterest": 4994000000,
        "comprehensiveincomenetoftaxattributabletononcontrollinginterest": 143000000,
        "comprehensiveincomenetoftax": 4851000000,
        "othercomprehensiveincomelossforeigncurrencytranslationadjustmenttax": 10000000,
        "othercomprehensiveincomelosscashflowhedgegainlossafterreclassificationtax": -59000000,
        "othercomprehensiveincomelossavailableforsalesecuritiestax": 1000000,
        "othercomprehensiveincomelosspensionandotherpostretirementbenefitplanstax": 56000000,
        "revenues": 27753000000,
        "costofgoodsandservicessold": 7902000000,
        "sellinggeneralandadministrativeexpense": 7216000000,
        "depreciationandamortization": 4114000000,
        "costsandexpenses": 24714000000,
        "operatingincomeloss": 8180000000,
        "incomelossfromequitymethodinvestments": -1000000,
        "othernonoperatingincomeexpense": -110000000,
        "interestexpense": 1146000000,
        "incomelossfromcontinuingoperationsbeforeincometaxesextraordinaryitemsnoncontrollinginterest": 6923000000,
        "incometaxexpensebenefit": 1586000000,
        "netincomelossattributabletononcontrollinginterest": 143000000,
        "netincomeloss": 5194000000,
        "earningspersharebasic": 1.26,
        "weightedaveragenumberofsharesoutstandingbasic": 4138000000,
        "earningspersharediluted": 1.25,
        "weightedaveragenumberofdilutedsharesoutstanding": 4140000000
    },
    {
        "date": "2019-06-29",
        "symbol": "VZ",
        "period": "Q2",
        "profitloss": 4074000000,
        "othercomprehensiveincomelossforeigncurrencytransactionandtranslationadjustmentnetoftax": -67000000,
        "othercomprehensiveincomelossderivativesqualifyingashedgesnetoftax": -537000000,
        "othercomprehensiveincomelossavailableforsalesecuritiesadjustmentnetoftax": 4000000,
        "othercomprehensiveincomelosspensionandotherpostretirementbenefitplansadjustmentnetoftax": 169000000,
        "othercomprehensiveincomelossnetoftaxportionattributabletoparent": -769000000,
        "comprehensiveincomenetoftaxincludingportionattributabletononcontrollinginterest": 3305000000,
        "comprehensiveincomenetoftaxattributabletononcontrollinginterest": 130000000,
        "comprehensiveincomenetoftax": 3175000000,
        "othercomprehensiveincomelossforeigncurrencytranslationadjustmenttax": -3000000,
        "othercomprehensiveincomelossderivativesqualifyingashedgestax": -193000000,
        "othercomprehensiveincomelossavailableforsalesecuritiestax": 0,
        "othercomprehensiveincomelosspensionandotherpostretirementbenefitplanstax": 56000000,
        "revenues": 27351000000,
        "costofgoodsandservicessold": 7702000000,
        "sellinggeneralandadministrativeexpense": 7268000000,
        "depreciationandamortization": 4232000000,
        "costsandexpenses": 24221000000,
        "operatingincomeloss": 7850000000,
        "incomelossfromequitymethodinvestments": -13000000,
        "othernonoperatingincomeexpense": -1312000000,
        "interestexpense": 1215000000,
        "incomelossfromcontinuingoperationsbeforeincometaxesextraordinaryitemsnoncontrollinginterest": 5310000000,
        "incometaxexpensebenefit": 1236000000,
        "netincomelossattributabletononcontrollinginterest": 130000000,
        "netincomeloss": 3944000000,
        "earningspersharebasic": 0.95,
        "weightedaveragenumberofsharesoutstandingbasic": 0,
        "earningspersharediluted": 0.95,
        "weightedaveragenumberofdilutedsharesoutstanding": 0
    },
    {
        "date": "2019-03-30",
        "symbol": "VZ",
        "period": "Q1",
        "profitloss": 5160000000,
        "othercomprehensiveincomelossforeigncurrencytransactionandtranslationadjustmentnetoftax": 24000000,
        "othercomprehensiveincomelossderivativesqualifyingashedgesnetoftax": -13000000,
        "othercomprehensiveincomelossavailableforsalesecuritiesadjustmentnetoftax": 4000000,
        "othercomprehensiveincomelosspensionandotherpostretirementbenefitplansadjustmentnetoftax": 169000000,
        "othercomprehensiveincomelossnetoftaxportionattributabletoparent": -154000000,
        "comprehensiveincomenetoftaxincludingportionattributabletononcontrollinginterest": 5006000000,
        "comprehensiveincomenetoftaxattributabletononcontrollinginterest": 128000000,
        "comprehensiveincomenetoftax": 4878000000,
        "othercomprehensiveincomelossforeigncurrencytranslationadjustmenttax": 5000000,
        "othercomprehensiveincomelossderivativesqualifyingashedgestax": -5000000,
        "othercomprehensiveincomelossavailableforsalesecuritiestax": 2000000,
        "othercomprehensiveincomelosspensionandotherpostretirementbenefitplanstax": 56000000,
        "revenues": 27197000000,
        "costofgoodsandservicessold": 7792000000,
        "sellinggeneralandadministrativeexpense": 7198000000,
        "depreciationandamortization": 4231000000,
        "costsandexpenses": 24419000000,
        "operatingincomeloss": 7709000000,
        "incomelossfromequitymethodinvestments": -6000000,
        "othernonoperatingincomeexpense": 295000000,
        "interestexpense": 1210000000,
        "incomelossfromcontinuingoperationsbeforeincometaxesextraordinaryitemsnoncontrollinginterest": 6788000000,
        "incometaxexpensebenefit": 1628000000,
        "netincomelossattributabletononcontrollinginterest": 128000000,
        "netincomeloss": 5032000000,
        "earningspersharebasic": 1.22,
        "weightedaveragenumberofsharesoutstandingbasic": 4138000000,
        "earningspersharediluted": 1.22,
        "weightedaveragenumberofdilutedsharesoutstanding": 4140000000
    },
    {
        "date": "2018-12-30",
        "symbol": "VZ",
        "period": "Q4",
        "profitloss": 2067000000,
        "othercomprehensiveincomelossforeigncurrencytransactionandtranslationadjustmentnetoftax": -44000000,
        "othercomprehensiveincomelossderivativesqualifyingashedgesnetoftax": -623000000,
        "othercomprehensiveincomelossavailableforsalesecuritiesadjustmentnetoftax": 6000000,
        "othercomprehensiveincomelosspensionandotherpostretirementbenefitplansadjustmentnetoftax": 170000000,
        "othercomprehensiveincomelossnetoftaxportionattributabletoparent": -29000000,
        "comprehensiveincomenetoftaxincludingportionattributabletononcontrollinginterest": -13128000000,
        "comprehensiveincomenetoftaxattributabletononcontrollinginterest": 126000000,
        "comprehensiveincomenetoftax": 1108000000,
        "othercomprehensiveincomelossderivativesqualifyingashedgestax": -224000000,
        "othercomprehensiveincomelosspensionandotherpostretirementbenefitplanstax": 49000000,
        "revenues": 34120000000,
        "sellinggeneralandadministrativeexpense": 9861000000,
        "depreciationandamortization": -6870000000,
        "costsandexpenses": -44908000000,
        "operatingincomeloss": -273000000,
        "incomelossfromequitymethodinvestments": 64000000,
        "othernonoperatingincomeexpense": 1865000000,
        "interestexpense": 1199000000,
        "incomelossfromcontinuingoperationsbeforeincometaxesextraordinaryitemsnoncontrollinginterest": 764000000,
        "incometaxexpensebenefit": -852000000,
        "netincomelossattributabletononcontrollinginterest": 118000000,
        "netincomeloss": 1498000000,
        "earningspersharebasic": 0.46999999999999975,
        "weightedaveragenumberofsharesoutstandingbasic": -4128000000,
        "earningspersharediluted": 0.46999999999999975,
        "weightedaveragenumberofdilutedsharesoutstanding": -4131000000
    },
    {
        "date": "2018-09-29",
        "symbol": "VZ",
        "period": "Q3",
        "profitloss": 4796000000,
        "othercomprehensiveincomelossforeigncurrencytransactionandtranslationadjustmentnetoftax": 10000000,
        "othercomprehensiveincomelossderivativesqualifyingashedgesnetoftax": 329000000,
        "othercomprehensiveincomelossavailableforsalesecuritiesadjustmentnetoftax": -1000000,
        "othercomprehensiveincomelosspensionandotherpostretirementbenefitplansadjustmentnetoftax": 342000000,
        "othercomprehensiveincomelossnetoftaxportionattributabletoparent": -4000000,
        "comprehensiveincomenetoftaxincludingportionattributabletononcontrollinginterest": 5058000000,
        "comprehensiveincomenetoftaxattributabletononcontrollinginterest": 138000000,
        "comprehensiveincomenetoftax": 4920000000,
        "othercomprehensiveincomelossderivativesqualifyingashedgestax": 118000000,
        "othercomprehensiveincomelossavailableforsalesecuritiestax": -2000000,
        "othercomprehensiveincomelosspensionandotherpostretirementbenefitplanstax": 117000000,
        "revenues": 32532000000,
        "costofgoodsandservicessold": 7853000000,
        "sellinggeneralandadministrativeexpense": 7545000000,
        "depreciationandamortization": 4377000000,
        "costsandexpenses": 24932000000,
        "operatingincomeloss": -50000000,
        "incomelossfromequitymethodinvestments": -3000000,
        "othernonoperatingincomeexpense": 214000000,
        "interestexpense": 1211000000,
        "incomelossfromcontinuingoperationsbeforeincometaxesextraordinaryitemsnoncontrollinginterest": 6308000000,
        "incometaxexpensebenefit": 1512000000,
        "netincomelossattributabletononcontrollinginterest": 133000000,
        "netincomeloss": 4663000000,
        "earningspersharebasic": 1.19,
        "weightedaveragenumberofsharesoutstandingbasic": 4136000000,
        "earningspersharediluted": 1.19,
        "weightedaveragenumberofdilutedsharesoutstanding": 4140000000,
        "commonstockdividendspersharedeclared": 0.6025
    },
    {
        "date": "2018-06-29",
        "symbol": "VZ",
        "period": "Q2",
        "profitloss": 4120000000,
        "othercomprehensiveincomelossforeigncurrencytransactionandtranslationadjustmentnetoftax": -176000000,
        "othercomprehensiveincomelossderivativesqualifyingashedgesnetoftax": -152000000,
        "othercomprehensiveincomelossavailableforsalesecuritiesadjustmentnetoftax": 1000000,
        "othercomprehensiveincomelosspensionandotherpostretirementbenefitplansadjustmentnetoftax": 173000000,
        "othercomprehensiveincomelossnetoftaxportionattributabletoparent": -500000000,
        "comprehensiveincomenetoftaxincludingportionattributabletononcontrollinginterest": 3620000000,
        "comprehensiveincomenetoftaxattributabletononcontrollinginterest": 126000000,
        "comprehensiveincomenetoftax": 3620000000,
        "othercomprehensiveincomelossderivativesqualifyingashedgestax": -55000000,
        "othercomprehensiveincomelossavailableforsalesecuritiestax": 0,
        "othercomprehensiveincomelosspensionandotherpostretirementbenefitplanstax": 58000000,
        "revenues": 62586000000,
        "sellinggeneralandadministrativeexpense": 15572000000,
        "depreciationandamortization": 4350000000,
        "costsandexpenses": 25586000000,
        "operatingincomeloss": -19000000,
        "incomelossfromequitymethodinvestments": -229000000,
        "othernonoperatingincomeexpense": 360000000,
        "interestexpense": 1222000000,
        "incomelossfromcontinuingoperationsbeforeincometaxesextraordinaryitemsnoncontrollinginterest": 10276000000,
        "incometaxexpensebenefit": 2336000000,
        "netincomelossattributabletononcontrollinginterest": 223000000,
        "netincomeloss": 7717000000,
        "earningspersharebasic": 0.99,
        "weightedaveragenumberofsharesoutstandingbasic": 16000000,
        "earningspersharediluted": 0.99,
        "weightedaveragenumberofdilutedsharesoutstanding": 16000000,
        "commonstockdividendspersharedeclared": 0.59
    },
    {
        "date": "2018-03-30",
        "symbol": "VZ",
        "period": "Q1",
        "profitloss": 4545000000,
        "othercomprehensiveincomelossforeigncurrencytransactionandtranslationadjustmentnetoftax": 93000000,
        "othercomprehensiveincomelossderivativesqualifyingashedgesnetoftax": 501000000,
        "othercomprehensiveincomelossavailableforsalesecuritiesadjustmentnetoftax": -5000000,
        "othercomprehensiveincomelosspensionandotherpostretirementbenefitplansadjustmentnetoftax": 173000000,
        "othercomprehensiveincomelossnetoftaxportionattributabletoparent": 416000000,
        "comprehensiveincomenetoftaxincludingportionattributabletononcontrollinginterest": 4961000000,
        "comprehensiveincomenetoftaxattributabletononcontrollinginterest": 121000000,
        "comprehensiveincomenetoftax": 4961000000,
        "othercomprehensiveincomelossderivativesqualifyingashedgestax": 180000000,
        "othercomprehensiveincomelossavailableforsalesecuritiestax": -1000000,
        "othercomprehensiveincomelosspensionandotherpostretirementbenefitplanstax": 60000000,
        "salesrevenueservicesnet": -401000000,
        "salesrevenuegoodsnet": 446000000,
        "revenues": 1200000000,
        "costofservices": -10000000,
        "costofgoodssold": 22000000,
        "sellinggeneralandadministrativeexpense": -390000000,
        "depreciationandamortization": 4324000000,
        "costsandexpenses": 24423000000,
        "operatingincomeloss": 69000000,
        "incomelossfromequitymethodinvestments": -19000000,
        "othernonoperatingincomeexpense": -75000000,
        "interestexpense": 1201000000,
        "incomelossfromcontinuingoperationsbeforeincometaxesextraordinaryitemsnoncontrollinginterest": 423000000,
        "incometaxexpensebenefit": 108000000,
        "netincomelossattributabletononcontrollinginterest": 7000000,
        "netincomeloss": 308000000,
        "earningspersharebasic": 1.11,
        "weightedaveragenumberofsharesoutstandingbasic": 4104000000,
        "earningspersharediluted": 1.11,
        "weightedaveragenumberofdilutedsharesoutstanding": 4107000000,
        "commonstockdividendspersharedeclared": 0.59
    },
    {
        "date": "2017-12-30",
        "symbol": "VZ",
        "period": "Q4",
        "profitloss": 18669000000,
        "othercomprehensiveincomelossforeigncurrencytransactionandtranslationadjustmentnetoftax": 40000000,
        "othercomprehensiveincomelossderivativesqualifyingashedgesnetoftax": 63000000,
        "othercomprehensiveincomelossavailableforsalesecuritiesadjustmentnetoftax": -9000000,
        "othercomprehensiveincomelosspensionandotherpostretirementbenefitplansadjustmentnetoftax": 118000000,
        "othercomprehensiveincomelossnetoftaxportionattributabletoparent": 235000000,
        "comprehensiveincomenetoftaxincludingportionattributabletononcontrollinginterest": -10993000000,
        "comprehensiveincomenetoftaxattributabletononcontrollinginterest": -784000000,
        "comprehensiveincomenetoftax": 18645000000,
        "salesrevenueservicesnet": 27480000000,
        "salesrevenuegoodsnet": 6475000000,
        "revenues": 3000000000,
        "costofservices": -3651000000,
        "costofgoodssold": 7339000000,
        "sellinggeneralandadministrativeexpense": -14305000000,
        "depreciationandamortization": -6394000000,
        "costsandexpenses": -39158000000,
        "operatingincomeloss": 62000000,
        "incomelossfromequitymethodinvestments": -6000000,
        "othernonoperatingincomeexpense": -634000000,
        "interestexpense": 1219000000,
        "incomelossfromcontinuingoperationsbeforeincometaxesextraordinaryitemsnoncontrollinginterest": 2934000000,
        "incometaxexpensebenefit": -15849000000,
        "netincomelossattributabletononcontrollinginterest": 114000000,
        "netincomeloss": 18669000000,
        "earningspersharebasic": 4.57,
        "weightedaveragenumberofsharesoutstandingbasic": 1000000,
        "earningspersharediluted": 4.5600000000000005,
        "weightedaveragenumberofdilutedsharesoutstanding": 1000000
    },
    {
        "date": "2017-09-29",
        "symbol": "VZ",
        "period": "Q3",
        "profitloss": 6851000000,
        "othercomprehensiveincomelossforeigncurrencytransactionandtranslationadjustmentnetoftax": 111000000,
        "othercomprehensiveincomelossderivativesqualifyingashedgesnetoftax": 110000000,
        "othercomprehensiveincomelossavailableforsalesecuritiesadjustmentnetoftax": 1000000,
        "othercomprehensiveincomelosspensionandotherpostretirementbenefitplansadjustmentnetoftax": -177000000,
        "othercomprehensiveincomelossnetoftaxportionattributabletoparent": 399000000,
        "comprehensiveincomenetoftaxincludingportionattributabletononcontrollinginterest": 7186000000,
        "comprehensiveincomenetoftaxattributabletononcontrollinginterest": 116000000,
        "comprehensiveincomenetoftax": 4019000000,
        "salesrevenueservicesnet": 27365000000,
        "salesrevenuegoodsnet": 4352000000,
        "revenues": -19980000000,
        "costofservices": 7640000000,
        "costofgoodssold": 4965000000,
        "sellinggeneralandadministrativeexpense": 7632000000,
        "depreciationandamortization": 4272000000,
        "costsandexpenses": 24509000000,
        "operatingincomeloss": -6826000000,
        "incomelossfromequitymethodinvestments": -22000000,
        "othernonoperatingincomeexpense": -511000000,
        "interestexpense": 1164000000,
        "incomelossfromcontinuingoperationsbeforeincometaxesextraordinaryitemsnoncontrollinginterest": 5511000000,
        "incometaxexpensebenefit": 1775000000,
        "netincomelossattributabletononcontrollinginterest": 116000000,
        "netincomeloss": 3620000000,
        "earningspersharebasic": 0.8799999999999998,
        "weightedaveragenumberofsharesoutstandingbasic": -4081000000,
        "earningspersharediluted": 0.8899999999999998,
        "weightedaveragenumberofdilutedsharesoutstanding": -4086000000,
        "commonstockdividendspersharedeclared": 0.5895000000000002
    },
    {
        "date": "2017-06-29",
        "symbol": "VZ",
        "period": "Q2",
        "salesrevenueservicesnet": 26250000000,
        "salesrevenuegoodsnet": 4298000000,
        "revenues": 7802000000,
        "costofservices": 7075000000,
        "costofgoodssold": 5035000000,
        "sellinggeneralandadministrativeexpense": 6039000000,
        "depreciationandamortization": 4167000000,
        "costsandexpenses": 22316000000,
        "operatingincomeloss": 68000000,
        "incomelossfromequitymethodinvestments": -28000000,
        "othernonoperatingincomeexpense": -19000000,
        "interestexpense": 1218000000,
        "incomelossfromcontinuingoperationsbeforeincometaxesextraordinaryitemsnoncontrollinginterest": 6967000000,
        "incometaxexpensebenefit": 2489000000,
        "profitloss": 4478000000,
        "netincomelossattributabletononcontrollinginterest": 116000000,
        "netincomeloss": 4362000000,
        "earningspersharebasic": 1.07,
        "weightedaveragenumberofsharesoutstandingbasic": 4082000000,
        "earningspersharediluted": 1.07,
        "weightedaveragenumberofdilutedsharesoutstanding": 4087000000,
        "commonstockdividendspersharedeclared": 0.578,
        "gainlossonsaleofbusiness": 1800000000,
        "othercomprehensiveincomelossforeigncurrencytransactionandtranslationadjustmentnetoftax": 17000000,
        "othercomprehensiveincomelossderivativesqualifyingashedgesnetoftax": -186000000,
        "othercomprehensiveincomelossavailableforsalesecuritiesadjustmentnetoftax": -20000000,
        "othercomprehensiveincomelosspensionandotherpostretirementbenefitplansadjustmentnetoftax": 136000000,
        "othercomprehensiveincomelossnetoftaxportionattributabletoparent": -325000000,
        "comprehensiveincomenetoftaxincludingportionattributabletononcontrollinginterest": 4153000000,
        "comprehensiveincomenetoftaxattributabletononcontrollinginterest": 116000000,
        "comprehensiveincomenetoftax": 4037000000
    },
    {
        "date": "2017-03-30",
        "symbol": "VZ",
        "period": "Q1",
        "salesrevenueservicesnet": 26050000000,
        "salesrevenuegoodsnet": 3764000000,
        "revenues": 20878000000,
        "costofservices": 6858000000,
        "costofgoodssold": 4808000000,
        "sellinggeneralandadministrativeexpense": 6908000000,
        "depreciationandamortization": 4059000000,
        "costsandexpenses": 22633000000,
        "operatingincomeloss": 7076000000,
        "incomelossfromequitymethodinvestments": -21000000,
        "othernonoperatingincomeexpense": -846000000,
        "interestexpense": 1132000000,
        "incomelossfromcontinuingoperationsbeforeincometaxesextraordinaryitemsnoncontrollinginterest": 5182000000,
        "incometaxexpensebenefit": 1629000000,
        "profitloss": 103000000,
        "netincomelossattributabletononcontrollinginterest": 103000000,
        "netincomeloss": 3450000000,
        "earningspersharebasic": 0.85,
        "weightedaveragenumberofsharesoutstandingbasic": 4082000000,
        "earningspersharediluted": 0.84,
        "weightedaveragenumberofdilutedsharesoutstanding": 4087000000,
        "commonstockdividendspersharedeclared": 0.5775,
        "othercomprehensiveincomelossforeigncurrencytransactionandtranslationadjustmentnetoftax": 77000000,
        "othercomprehensiveincomelossderivativesqualifyingashedgesnetoftax": -18000000,
        "othercomprehensiveincomelossavailableforsalesecuritiesadjustmentnetoftax": 14000000,
        "othercomprehensiveincomelosspensionandotherpostretirementbenefitplansadjustmentnetoftax": 137000000,
        "othercomprehensiveincomelossnetoftaxportionattributabletoparent": -64000000,
        "comprehensiveincomenetoftaxincludingportionattributabletononcontrollinginterest": 103000000,
        "comprehensiveincomenetoftaxattributabletononcontrollinginterest": 103000000,
        "comprehensiveincomenetoftax": 3386000000
    },
    {
        "date": "2016-12-30",
        "symbol": "VZ",
        "period": "Q4",
        "salesrevenueservicesnet": 26610000000,
        "salesrevenuegoodsnet": 5730000000,
        "revenues": -42150000000,
        "costofservices": -14192000000,
        "costofgoodssold": 7356000000,
        "sellinggeneralandadministrativeexpense": -5677000000,
        "depreciationandamortization": -2758000000,
        "costsandexpenses": -15271000000,
        "operatingincomeloss": -23433000000,
        "incomelossfromequitymethodinvestments": -35000000,
        "othernonoperatingincomeexpense": 98000000,
        "interestexpense": 1137000000,
        "incomelossfromcontinuingoperationsbeforeincometaxesextraordinaryitemsnoncontrollinginterest": 6949000000,
        "incometaxexpensebenefit": 2349000000,
        "profitloss": 4720000000,
        "netincomelossattributabletononcontrollinginterest": 105000000,
        "netincomeloss": 4495000000,
        "earningspersharebasic": 1.1,
        "weightedaveragenumberofsharesoutstandingbasic": -8158000000,
        "earningspersharediluted": 1.0899999999999999,
        "weightedaveragenumberofdilutedsharesoutstanding": -8170000000,
        "othercomprehensiveincomelossforeigncurrencytransactionandtranslationadjustmentnetoftax": -136000000,
        "othercomprehensiveincomelossderivativesqualifyingashedgesnetoftax": 256000000,
        "othercomprehensiveincomelossavailableforsalesecuritiesadjustmentnetoftax": -20000000,
        "othercomprehensiveincomelosspensionandotherpostretirementbenefitplansadjustmentnetoftax": 185000000,
        "othercomprehensiveincomelossnetoftaxportionattributabletoparent": -206000000,
        "comprehensiveincomenetoftaxincludingportionattributabletononcontrollinginterest": 4635000000,
        "comprehensiveincomenetoftaxattributabletononcontrollinginterest": 105000000,
        "comprehensiveincomenetoftax": 4410000000
    },
    {
        "date": "2016-09-29",
        "symbol": "VZ",
        "period": "Q3",
        "salesrevenueservicesnet": 26813000000,
        "salesrevenuegoodsnet": 4124000000,
        "revenues": 22101000000,
        "costofservices": 6989000000,
        "costofgoodssold": 5240000000,
        "sellinggeneralandadministrativeexpense": 8226000000,
        "depreciationandamortization": 3942000000,
        "costsandexpenses": 24397000000,
        "operatingincomeloss": 7647000000,
        "incomelossfromequitymethodinvestments": -23000000,
        "othernonoperatingincomeexpense": 97000000,
        "interestexpense": 1038000000,
        "incomelossfromcontinuingoperationsbeforeincometaxesextraordinaryitemsnoncontrollinginterest": 5576000000,
        "incometaxexpensebenefit": 1829000000,
        "profitloss": 3747000000,
        "netincomelossattributabletononcontrollinginterest": 127000000,
        "netincomeloss": 3620000000,
        "earningspersharebasic": 0.89,
        "weightedaveragenumberofsharesoutstandingbasic": 4079000000,
        "earningspersharediluted": 0.89,
        "weightedaveragenumberofdilutedsharesoutstanding": 4086000000,
        "commonstockdividendspersharedeclared": 0.5775,
        "othercomprehensiveincomelossforeigncurrencytransactionandtranslationadjustmentnetoftax": -78000000,
        "othercomprehensiveincomelossderivativesqualifyingashedgesnetoftax": 147000000,
        "othercomprehensiveincomelossavailableforsalesecuritiesadjustmentnetoftax": -19000000,
        "othercomprehensiveincomelosspensionandotherpostretirementbenefitplansadjustmentnetoftax": 139000000,
        "othercomprehensiveincomelossnetoftaxportionattributabletoparent": -89000000,
        "comprehensiveincomenetoftaxincludingportionattributabletononcontrollinginterest": 3658000000,
        "comprehensiveincomenetoftaxattributabletononcontrollinginterest": 127000000,
        "comprehensiveincomenetoftax": 3531000000
    },
    {
        "date": "2016-06-29",
        "symbol": "VZ",
        "period": "Q2",
        "salesrevenueservicesnet": 26828000000,
        "salesrevenuegoodsnet": 3704000000,
        "revenues": 21704000000,
        "costofservices": 7577000000,
        "costofgoodssold": 4644000000,
        "sellinggeneralandadministrativeexpense": 9775000000,
        "depreciationandamortization": 3982000000,
        "costsandexpenses": 25978000000,
        "operatingincomeloss": 8017000000,
        "incomelossfromequitymethodinvestments": -20000000,
        "othernonoperatingincomeexpense": -1826000000,
        "interestexpense": 1013000000,
        "incomelossfromcontinuingoperationsbeforeincometaxesextraordinaryitemsnoncontrollinginterest": 1695000000,
        "incometaxexpensebenefit": 864000000,
        "profitloss": 831000000,
        "netincomelossattributabletononcontrollinginterest": 129000000,
        "netincomeloss": 702000000,
        "earningspersharebasic": 0.17,
        "weightedaveragenumberofsharesoutstandingbasic": 4079000000,
        "earningspersharediluted": 0.17,
        "weightedaveragenumberofdilutedsharesoutstanding": 4085000000,
        "commonstockdividendspersharedeclared": 0.565,
        "othercomprehensiveincomelossforeigncurrencytransactionandtranslationadjustmentnetoftax": 25000000,
        "othercomprehensiveincomelossderivativesqualifyingashedgesnetoftax": -147000000,
        "othercomprehensiveincomelossavailableforsalesecuritiesadjustmentnetoftax": 2000000,
        "othercomprehensiveincomelosspensionandotherpostretirementbenefitplansadjustmentnetoftax": -2508000000,
        "othercomprehensiveincomelossnetoftaxportionattributabletoparent": 2388000000,
        "comprehensiveincomenetoftaxincludingportionattributabletononcontrollinginterest": 3219000000,
        "comprehensiveincomenetoftaxattributabletononcontrollinginterest": 129000000,
        "comprehensiveincomenetoftax": 3090000000
    },
    {
        "date": "2016-03-30",
        "symbol": "VZ",
        "period": "Q1",
        "salesrevenueservicesnet": 28217000000,
        "salesrevenuegoodsnet": 3954000000,
        "revenues": -355000000,
        "costofservices": 7614000000,
        "costofgoodssold": 4998000000,
        "sellinggeneralandadministrativeexpense": 7600000000,
        "depreciationandamortization": 4017000000,
        "costsandexpenses": 24229000000,
        "operatingincomeloss": 8469000000,
        "incomelossfromequitymethodinvestments": -20000000,
        "othernonoperatingincomeexpense": 32000000,
        "interestexpense": 1188000000,
        "incomelossfromcontinuingoperationsbeforeincometaxesextraordinaryitemsnoncontrollinginterest": 6766000000,
        "incometaxexpensebenefit": 2336000000,
        "profitloss": 4310000000,
        "netincomelossattributabletononcontrollinginterest": 120000000,
        "netincomeloss": 4310000000,
        "earningspersharebasic": 1.06,
        "weightedaveragenumberofsharesoutstandingbasic": 4080000000,
        "earningspersharediluted": 1.06,
        "weightedaveragenumberofdilutedsharesoutstanding": 4085000000,
        "commonstockdividendspersharedeclared": 0.565,
        "othercomprehensiveincomelossforeigncurrencytransactionandtranslationadjustmentnetoftax": 30000000,
        "othercomprehensiveincomelossderivativesqualifyingashedgesnetoftax": -58000000,
        "othercomprehensiveincomelossavailableforsalesecuritiesadjustmentnetoftax": -18000000,
        "othercomprehensiveincomelosspensionandotherpostretirementbenefitplansadjustmentnetoftax": 45000000,
        "othercomprehensiveincomelossnetoftaxportionattributabletoparent": 30000000,
        "comprehensiveincomenetoftaxincludingportionattributabletononcontrollinginterest": 4219000000,
        "comprehensiveincomenetoftaxattributabletononcontrollinginterest": 120000000,
        "comprehensiveincomenetoftax": 4219000000
    },
    {
        "date": "2015-12-30",
        "symbol": "VZ",
        "period": "Q4",
        "revenues": -19870000000,
        "sellinggeneralandadministrativeexpense": 5572000000,
        "depreciationandamortization": 3680000000,
        "costsandexpenses": 23202000000,
        "operatingincomeloss": -8661000000,
        "incomelossfromequitymethodinvestments": -16000000,
        "othernonoperatingincomeexpense": 28000000,
        "interestexpense": 1178000000,
        "incomelossfromcontinuingoperationsbeforeincometaxesextraordinaryitemsnoncontrollinginterest": 8578000000,
        "incometaxexpensebenefit": 3065000000,
        "profitloss": 5632000000,
        "netincomelossattributabletononcontrollinginterest": -360000000,
        "netincomeloss": 5391000000,
        "earningspersharebasic": 1.3199999999999996,
        "weightedaveragenumberofsharesoutstandingbasic": -8182000000,
        "earningspersharediluted": 1.3199999999999998,
        "weightedaveragenumberofdilutedsharesoutstanding": -8191000000,
        "othercomprehensiveincomelossforeigncurrencytransactionandtranslationadjustmentnetoftax": -47000000,
        "othercomprehensiveincomelossderivativesqualifyingashedgesnetoftax": 2000000,
        "othercomprehensiveincomelossavailableforsalesecuritiesadjustmentnetoftax": 11000000,
        "othercomprehensiveincomelosspensionandotherpostretirementbenefitplansadjustmentnetoftax": 16000000,
        "othercomprehensiveincomelossnetoftaxportionattributabletoparent": 152000000,
        "comprehensiveincomenetoftaxincludingportionattributabletononcontrollinginterest": 5582000000,
        "comprehensiveincomenetoftaxattributabletononcontrollinginterest": -122000000,
        "comprehensiveincomenetoftax": 5341000000
    },
    {
        "date": "2015-09-29",
        "symbol": "VZ",
        "period": "Q3",
        "salesrevenueservicesnet": 28866000000,
        "salesrevenuegoodsnet": 4292000000,
        "revenues": 798000000,
        "costofservices": 7589000000,
        "costofgoodssold": 5716000000,
        "sellinggeneralandadministrativeexpense": 8309000000,
        "depreciationandamortization": 4009000000,
        "costsandexpenses": 25623000000,
        "operatingincomeloss": -368000000,
        "incomelossfromequitymethodinvestments": -18000000,
        "othernonoperatingincomeexpense": 51000000,
        "interestexpense": 1202000000,
        "incomelossfromcontinuingoperationsbeforeincometaxesextraordinaryitemsnoncontrollinginterest": 6366000000,
        "incometaxexpensebenefit": 2195000000,
        "profitloss": 4171000000,
        "netincomelossattributabletononcontrollinginterest": -133000000,
        "netincomeloss": 4038000000,
        "earningspersharebasic": 0.99,
        "weightedaveragenumberofsharesoutstandingbasic": 4072000000,
        "earningspersharediluted": 0.99,
        "weightedaveragenumberofdilutedsharesoutstanding": 4078000000,
        "commonstockdividendspersharedeclared": 0.565,
        "othercomprehensiveincomelossforeigncurrencytransactionandtranslationadjustmentnetoftax": -74000000,
        "othercomprehensiveincomelossderivativesqualifyingashedgesnetoftax": -90000000,
        "othercomprehensiveincomelossavailableforsalesecuritiesadjustmentnetoftax": -13000000,
        "othercomprehensiveincomelosspensionandotherpostretirementbenefitplansadjustmentnetoftax": 44000000,
        "othercomprehensiveincomelossnetoftaxportionattributabletoparent": -221000000,
        "comprehensiveincomenetoftaxincludingportionattributabletononcontrollinginterest": 3950000000,
        "comprehensiveincomenetoftaxattributabletononcontrollinginterest": -133000000,
        "comprehensiveincomenetoftax": 3817000000
    },
    {
        "date": "2015-06-29",
        "symbol": "VZ",
        "period": "Q2",
        "salesrevenueservicesnet": 28363000000,
        "salesrevenuegoodsnet": 3861000000,
        "revenues": 188000000,
        "costofservices": 6994000000,
        "costofgoodssold": 5455000000,
        "sellinggeneralandadministrativeexpense": 7974000000,
        "depreciationandamortization": 3980000000,
        "costsandexpenses": 24403000000,
        "operatingincomeloss": -379000000,
        "incomelossfromequitymethodinvestments": -18000000,
        "othernonoperatingincomeexpense": 32000000,
        "interestexpense": 1208000000,
        "incomelossfromcontinuingoperationsbeforeincometaxesextraordinaryitemsnoncontrollinginterest": 6627000000,
        "incometaxexpensebenefit": 2274000000,
        "profitloss": 4353000000,
        "netincomelossattributabletononcontrollinginterest": -122000000,
        "netincomeloss": 4231000000,
        "earningspersharebasic": 1.04,
        "weightedaveragenumberofsharesoutstandingbasic": 4079000000,
        "earningspersharediluted": 1.04,
        "weightedaveragenumberofdilutedsharesoutstanding": 4085000000,
        "commonstockdividendspersharedeclared": 0.55,
        "othercomprehensiveincomelossforeigncurrencytransactionandtranslationadjustmentnetoftax": 54000000,
        "othercomprehensiveincomelossderivativesqualifyingashedgesnetoftax": -93000000,
        "othercomprehensiveincomelossavailableforsalesecuritiesadjustmentnetoftax": -12000000,
        "othercomprehensiveincomelosspensionandotherpostretirementbenefitplansadjustmentnetoftax": 44000000,
        "othercomprehensiveincomelossnetoftaxportionattributabletoparent": -95000000,
        "comprehensiveincomenetoftaxincludingportionattributabletononcontrollinginterest": 4258000000,
        "comprehensiveincomenetoftaxattributabletononcontrollinginterest": -122000000,
        "comprehensiveincomenetoftax": 4136000000
    },
    {
        "date": "2015-03-30",
        "symbol": "VZ",
        "period": "Q1",
        "revenues": 22328000000,
        "costofgoodsandservicessold": 12096000000,
        "sellinggeneralandadministrativeexpense": 7939000000,
        "depreciationandamortization": 3989000000,
        "costsandexpenses": 24024000000,
        "operatingincomeloss": 7810000000,
        "incomelossfromequitymethodinvestments": -34000000,
        "othernonoperatingincomeexpense": 75000000,
        "interestexpense": 1332000000,
        "incomelossfromcontinuingoperationsbeforeincometaxesextraordinaryitemsnoncontrollinginterest": 6669000000,
        "incometaxexpensebenefit": 2331000000,
        "profitloss": 4219000000,
        "netincomelossattributabletononcontrollinginterest": 119000000,
        "netincomeloss": 4219000000,
        "earningspersharebasic": 1.03,
        "weightedaveragenumberofsharesoutstandingbasic": 4116000000,
        "earningspersharediluted": 1.02,
        "weightedaveragenumberofdilutedsharesoutstanding": 4121000000,
        "commonstockdividendspersharedeclared": 0.55,
        "othercomprehensiveincomelossforeigncurrencytransactionandtranslationadjustmentnetoftax": -141000000,
        "othercomprehensiveincomelossderivativesqualifyingashedgesnetoftax": -13000000,
        "othercomprehensiveincomelossavailableforsalesecuritiesadjustmentnetoftax": 3000000,
        "othercomprehensiveincomelosspensionandotherpostretirementbenefitplansadjustmentnetoftax": 44000000,
        "othercomprehensiveincomelossnetoftaxportionattributabletoparent": -44000000,
        "comprehensiveincomenetoftaxincludingportionattributabletononcontrollinginterest": 4024000000,
        "comprehensiveincomenetoftaxattributabletononcontrollinginterest": -119000000,
        "comprehensiveincomenetoftax": 4024000000
    },
    {
        "date": "2014-12-30",
        "symbol": "VZ",
        "period": "Q4",
        "revenues": -63449000000,
        "costofgoodsandservicessold": -6703000000,
        "sellinggeneralandadministrativeexpense": -557000000,
        "depreciationandamortization": -4006000000,
        "costsandexpenses": -11266000000,
        "operatingincomeloss": -22332000000,
        "incomelossfromequitymethodinvestments": -31000000,
        "othernonoperatingincomeexpense": -437000000,
        "interestexpense": 1282000000,
        "incomelossfromcontinuingoperationsbeforeincometaxesextraordinaryitemsnoncontrollinginterest": -3886000000,
        "incometaxexpensebenefit": -1738000000,
        "profitloss": 100000000,
        "netincomelossattributabletononcontrollinginterest": -4579000000,
        "netincomeloss": -2231000000,
        "earningspersharebasic": -0.6099999999999999,
        "weightedaveragenumberofsharesoutstandingbasic": 62000000,
        "earningspersharediluted": -0.6099999999999999,
        "weightedaveragenumberofdilutedsharesoutstanding": 62000000,
        "othercomprehensiveincomelossforeigncurrencytransactionandtranslationadjustmentnetoftax": -145000000,
        "othercomprehensiveincomelossderivativesqualifyingashedgesnetoftax": -186000000,
        "othercomprehensiveincomelossavailableforsalesecuritiesadjustmentnetoftax": -4000000,
        "othercomprehensiveincomelosspensionandotherpostretirementbenefitplansadjustmentnetoftax": -271000000,
        "othercomprehensiveincomelossnetoftaxportionattributabletoparent": 271000000,
        "comprehensiveincomenetoftaxincludingportionattributabletononcontrollinginterest": 13000000,
        "comprehensiveincomenetoftaxattributabletononcontrollinginterest": -83000000,
        "comprehensiveincomenetoftax": -2295000000
    },
    {
        "date": "2014-09-29",
        "symbol": "VZ",
        "period": "Q3",
        "revenues": 1896000000,
        "costofgoodsandservicessold": 12252000000,
        "sellinggeneralandadministrativeexpense": 8277000000,
        "depreciationandamortization": 4167000000,
        "costsandexpenses": 24696000000,
        "operatingincomeloss": 21829000000,
        "incomelossfromequitymethodinvestments": -48000000,
        "othernonoperatingincomeexpense": 71000000,
        "interestexpense": 1255000000,
        "incomelossfromcontinuingoperationsbeforeincometaxesextraordinaryitemsnoncontrollinginterest": 5658000000,
        "incometaxexpensebenefit": 1864000000,
        "profitloss": 3695000000,
        "netincomelossattributabletononcontrollinginterest": 99000000,
        "netincomeloss": 3695000000,
        "earningspersharebasic": 0.8799999999999999,
        "weightedaveragenumberofsharesoutstandingbasic": 123000000,
        "earningspersharediluted": 0.8799999999999999,
        "weightedaveragenumberofdilutedsharesoutstanding": 124000000,
        "commonstockdividendspersharedeclared": 0.55,
        "othercomprehensiveincomelossforeigncurrencytransactionandtranslationadjustmentnetoftax": -114000000,
        "othercomprehensiveincomelossderivativesqualifyingashedgesnetoftax": 153000000,
        "othercomprehensiveincomelossavailableforsalesecuritiesadjustmentnetoftax": -13000000,
        "othercomprehensiveincomelosspensionandotherpostretirementbenefitplansadjustmentnetoftax": 39000000,
        "othercomprehensiveincomelossnetoftaxportionattributabletoparent": -129000000,
        "comprehensiveincomenetoftaxincludingportionattributabletononcontrollinginterest": 3682000000,
        "comprehensiveincomenetoftaxattributabletononcontrollinginterest": -99000000,
        "comprehensiveincomenetoftax": 3682000000
    },
    {
        "date": "2014-06-29",
        "symbol": "VZ",
        "period": "Q2",
        "revenues": 31483000000,
        "costofgoodsandservicessold": 12087000000,
        "sellinggeneralandadministrativeexpense": 7550000000,
        "depreciationandamortization": 4161000000,
        "costsandexpenses": 23798000000,
        "operatingincomeloss": -266000000,
        "incomelossfromequitymethodinvestments": -43000000,
        "othernonoperatingincomeexpense": 66000000,
        "interestexpense": 1164000000,
        "incomelossfromcontinuingoperationsbeforeincometaxesextraordinaryitemsnoncontrollinginterest": 6544000000,
        "incometaxexpensebenefit": 2220000000,
        "profitloss": 4214000000,
        "netincomelossattributabletononcontrollinginterest": 110000000,
        "netincomeloss": 4214000000,
        "earningspersharebasic": 1,
        "weightedaveragenumberofsharesoutstandingbasic": 364000000,
        "earningspersharediluted": 1,
        "weightedaveragenumberofdilutedsharesoutstanding": 365000000,
        "commonstockdividendspersharedeclared": 0.53,
        "othercomprehensiveincomelossforeigncurrencytransactionandtranslationadjustmentnetoftax": 9000000,
        "othercomprehensiveincomelossderivativesqualifyingashedgesnetoftax": -81000000,
        "othercomprehensiveincomelossavailableforsalesecuritiesadjustmentnetoftax": 11000000,
        "othercomprehensiveincomelosspensionandotherpostretirementbenefitplansadjustmentnetoftax": 41000000,
        "othercomprehensiveincomelossnetoftaxportionattributabletoparent": 11000000,
        "othercomprehensiveincomelossnetoftaxportionattributabletononcontrollinginterest": 0,
        "comprehensiveincomenetoftaxincludingportionattributabletononcontrollinginterest": 4112000000,
        "comprehensiveincomenetoftaxattributabletononcontrollinginterest": -110000000,
        "comprehensiveincomenetoftax": 4112000000
    },
    {
        "date": "2014-03-30",
        "symbol": "VZ",
        "period": "Q1",
        "revenues": 30818000000,
        "costofgoodsandservicessold": 11189000000,
        "sellinggeneralandadministrativeexpense": 8332000000,
        "depreciationandamortization": 4137000000,
        "costsandexpenses": 23658000000,
        "operatingincomeloss": -305000000,
        "incomelossfromequitymethodinvestments": 1902000000,
        "othernonoperatingincomeexpense": -894000000,
        "interestexpense": 1214000000,
        "incomelossfromcontinuingoperationsbeforeincometaxesextraordinaryitemsnoncontrollinginterest": 6954000000,
        "incometaxexpensebenefit": 968000000,
        "profitloss": 3947000000,
        "netincomelossattributabletononcontrollinginterest": 2039000000,
        "netincomeloss": 3947000000,
        "earningspersharebasic": 1.15,
        "weightedaveragenumberofsharesoutstandingbasic": 3425000000,
        "earningspersharediluted": 1.15,
        "weightedaveragenumberofdilutedsharesoutstanding": 3430000000,
        "commonstockdividendspersharedeclared": 0.53,
        "othercomprehensiveincomelossforeigncurrencytransactionandtranslationadjustmentnetoftax": -949000000,
        "othercomprehensiveincomelossderivativesqualifyingashedgesnetoftax": -83000000,
        "othercomprehensiveincomelossavailableforsalesecuritiesadjustmentnetoftax": 1000000,
        "othercomprehensiveincomelosspensionandotherpostretirementbenefitplansadjustmentnetoftax": 37000000,
        "othercomprehensiveincomelossnetoftaxportionattributabletoparent": 1000000,
        "othercomprehensiveincomelossnetoftaxportionattributabletononcontrollinginterest": 23000000,
        "comprehensiveincomenetoftaxincludingportionattributabletononcontrollinginterest": 2879000000,
        "comprehensiveincomenetoftaxattributabletononcontrollinginterest": -2016000000,
        "comprehensiveincomenetoftax": 2879000000
    },
    {
        "date": "2013-12-30",
        "symbol": "VZ",
        "period": "Q4",
        "revenues": -69591000000,
        "costofgoodsandservicessold": 12651000000,
        "sellinggeneralandadministrativeexpense": 7539000000,
        "depreciationandamortization": 4106000000,
        "costsandexpenses": 24296000000,
        "operatingincomeloss": -20922000000,
        "incomelossfromequitymethodinvestments": 8000000,
        "othernonoperatingincomeexpense": -250000000,
        "interestexpense": 1061000000,
        "incomelossfromcontinuingoperationsbeforeincometaxesextraordinaryitemsnoncontrollinginterest": 10760000000,
        "incometaxexpensebenefit": 2844000000,
        "profitloss": 7916000000,
        "netincomelossattributabletononcontrollinginterest": -15445000000,
        "netincomeloss": 5067000000,
        "earningspersharebasic": 1.7699999999999991,
        "weightedaveragenumberofsharesoutstandingbasic": -5731000000,
        "earningspersharediluted": 1.7599999999999993,
        "weightedaveragenumberofdilutedsharesoutstanding": -5744000000,
        "othercomprehensiveincomelossforeigncurrencytransactionandtranslationadjustmentnetoftax": 56000000,
        "othercomprehensiveincomelossderivativesqualifyingashedgesnetoftax": 37000000,
        "othercomprehensiveincomelossavailableforsalesecuritiesadjustmentnetoftax": 17000000,
        "othercomprehensiveincomelosspensionandotherpostretirementbenefitplansadjustmentnetoftax": -130000000,
        "othercomprehensiveincomelossnetoftaxportionattributabletoparent": 133000000,
        "othercomprehensiveincomelossnetoftaxportionattributabletononcontrollinginterest": 4000000,
        "comprehensiveincomenetoftaxincludingportionattributabletononcontrollinginterest": 8152000000,
        "comprehensiveincomenetoftaxattributabletononcontrollinginterest": -15443000000,
        "comprehensiveincomenetoftax": 5307000000
    },
    {
        "date": "2013-09-29",
        "symbol": "VZ",
        "period": "Q3",
        "revenues": 30279000000,
        "costofgoodsandservicessold": 10960000000,
        "sellinggeneralandadministrativeexpense": 8037000000,
        "depreciationandamortization": 4154000000,
        "costsandexpenses": 23151000000,
        "operatingincomeloss": 7041000000,
        "incomelossfromequitymethodinvestments": 19000000,
        "othernonoperatingincomeexpense": 20000000,
        "interestexpense": 555000000,
        "incomelossfromcontinuingoperationsbeforeincometaxesextraordinaryitemsnoncontrollinginterest": 6612000000,
        "incometaxexpensebenefit": 1034000000,
        "profitloss": 5578000000,
        "netincomelossattributabletononcontrollinginterest": 3346000000,
        "netincomeloss": 2232000000,
        "earningspersharebasic": 0.78,
        "weightedaveragenumberofsharesoutstandingbasic": 2866000000,
        "earningspersharediluted": 0.78,
        "weightedaveragenumberofdilutedsharesoutstanding": 2874000000,
        "commonstockdividendspersharedeclared": 0.53,
        "othercomprehensiveincomelossforeigncurrencytransactionandtranslationadjustmentnetoftax": 140000000,
        "othercomprehensiveincomelossderivativesqualifyingashedgesnetoftax": 6000000,
        "othercomprehensiveincomelossavailableforsalesecuritiesadjustmentnetoftax": 14000000,
        "othercomprehensiveincomelosspensionandotherpostretirementbenefitplansadjustmentnetoftax": 36000000,
        "othercomprehensiveincomelossnetoftaxportionattributabletoparent": 124000000,
        "othercomprehensiveincomelossnetoftaxportionattributabletononcontrollinginterest": -4000000,
        "comprehensiveincomenetoftaxincludingportionattributabletononcontrollinginterest": 5706000000,
        "comprehensiveincomenetoftaxattributabletononcontrollinginterest": 3350000000,
        "comprehensiveincomenetoftax": 2356000000
    },
    {
        "date": "2013-06-29",
        "symbol": "VZ",
        "period": "Q2",
        "revenues": 29786000000,
        "costofgoodsandservicessold": 11033000000,
        "sellinggeneralandadministrativeexpense": 8047000000,
        "depreciationandamortization": 4151000000,
        "costsandexpenses": 23231000000,
        "operatingincomeloss": 6538000000,
        "incomelossfromequitymethodinvestments": 120000000,
        "othernonoperatingincomeexpense": 25000000,
        "interestexpense": 514000000,
        "incomelossfromcontinuingoperationsbeforeincometaxesextraordinaryitemsnoncontrollinginterest": 6186000000,
        "incometaxexpensebenefit": 988000000,
        "profitloss": 5198000000,
        "netincomelossattributabletononcontrollinginterest": 2952000000,
        "netincomeloss": 2246000000,
        "earningspersharebasic": 0.78,
        "weightedaveragenumberofsharesoutstandingbasic": 2865000000,
        "earningspersharediluted": 0.78,
        "weightedaveragenumberofdilutedsharesoutstanding": 2872000000,
        "commonstockdividendspersharedeclared": 0.515,
        "othercomprehensiveincomelossforeigncurrencytransactionandtranslationadjustmentnetoftax": 12000000,
        "othercomprehensiveincomelossderivativesqualifyingashedgesnetoftax": -12000000,
        "othercomprehensiveincomelossavailableforsalesecuritiesadjustmentnetoftax": -26000000,
        "othercomprehensiveincomelosspensionandotherpostretirementbenefitplansadjustmentnetoftax": 36000000,
        "othercomprehensiveincomelossnetoftaxportionattributabletoparent": -62000000,
        "othercomprehensiveincomelossnetoftaxportionattributabletononcontrollinginterest": 3000000,
        "comprehensiveincomenetoftaxincludingportionattributabletononcontrollinginterest": 5133000000,
        "comprehensiveincomenetoftaxattributabletononcontrollinginterest": 2949000000,
        "comprehensiveincomenetoftax": 2184000000
    },
    {
        "date": "2013-03-30",
        "symbol": "VZ",
        "period": "Q1",
        "revenues": 9830000000,
        "costofgoodsandservicessold": 10932000000,
        "sellinggeneralandadministrativeexpense": 8148000000,
        "depreciationandamortization": 4118000000,
        "costsandexpenses": 23198000000,
        "operatingincomeloss": 6431000000,
        "incomelossfromequitymethodinvestments": -5000000,
        "othernonoperatingincomeexpense": 39000000,
        "interestexpense": 537000000,
        "incomelossfromcontinuingoperationsbeforeincometaxesextraordinaryitemsnoncontrollinginterest": 5719000000,
        "incometaxexpensebenefit": 864000000,
        "profitloss": 4855000000,
        "netincomelossattributabletononcontrollinginterest": -2903000000,
        "netincomeloss": 1952000000,
        "earningspersharebasic": 0.68,
        "weightedaveragenumberofsharesoutstandingbasic": 2866000000,
        "earningspersharediluted": 0.68,
        "weightedaveragenumberofdilutedsharesoutstanding": 2872000000,
        "commonstockdividendspersharedeclared": 0.515,
        "othercomprehensiveincomelossforeigncurrencytransactionandtranslationadjustmentnetoftax": -148000000,
        "othercomprehensiveincomelossderivativesqualifyingashedgesnetoftax": -6000000,
        "othercomprehensiveincomelossavailableforsalesecuritiesadjustmentnetoftax": 11000000,
        "othercomprehensiveincomelosspensionandotherpostretirementbenefitplansadjustmentnetoftax": 36000000,
        "othercomprehensiveincomelossnetoftaxportionattributabletoparent": -179000000,
        "othercomprehensiveincomelossnetoftaxportionattributabletononcontrollinginterest": 12000000,
        "comprehensiveincomenetoftaxincludingportionattributabletononcontrollinginterest": 4664000000,
        "comprehensiveincomenetoftaxattributabletononcontrollinginterest": -2891000000,
        "comprehensiveincomenetoftax": 1773000000
    },
    {
        "date": "2012-12-30",
        "symbol": "VZ",
        "period": "Q4",
        "revenues": 9990000000,
        "costofgoodsandservicessold": -10793000000,
        "sellinggeneralandadministrativeexpense": -15060000000,
        "depreciationandamortization": -3899000000,
        "costsandexpenses": -29752000000,
        "operatingincomeloss": 9682000000,
        "incomelossfromequitymethodinvestments": 87000000,
        "othernonoperatingincomeexpense": -1079000000,
        "interestexpense": 575000000,
        "incomelossfromcontinuingoperationsbeforeincometaxesextraordinaryitemsnoncontrollinginterest": -4736000000,
        "incometaxexpensebenefit": -2810000000,
        "profitloss": -1926000000,
        "netincomelossattributabletononcontrollinginterest": 12621000000,
        "netincomeloss": -4229000000,
        "earningspersharebasic": -1.48,
        "weightedaveragenumberofsharesoutstandingbasic": -5695000000,
        "earningspersharediluted": -1.48,
        "weightedaveragenumberofdilutedsharesoutstanding": -5711000000,
        "othercomprehensiveincomeunrealizedgainlossonderivativesarisingduringperiodnetoftax": -30000000,
        "othercomprehensiveincomelossnetoftaxportionattributabletoparent": 978000000,
        "othercomprehensiveincomelossnetoftaxportionattributabletononcontrollinginterest": -14000000,
        "comprehensiveincomenetoftaxincludingportionattributabletononcontrollinginterest": -940000000,
        "comprehensiveincomenetoftaxattributabletononcontrollinginterest": -6757000000,
        "comprehensiveincomenetoftax": -3251000000
    },
    {
        "date": "2012-09-29",
        "symbol": "VZ",
        "period": "Q3",
        "revenues": 9914000000,
        "costofgoodsandservicessold": 10991000000,
        "sellinggeneralandadministrativeexpense": 8366000000,
        "depreciationandamortization": 4167000000,
        "costsandexpenses": 23524000000,
        "operatingincomeloss": 6088000000,
        "incomelossfromequitymethodinvestments": 62000000,
        "othernonoperatingincomeexpense": 10000000,
        "interestexpense": 632000000,
        "incomelossfromcontinuingoperationsbeforeincometaxesextraordinaryitemsnoncontrollinginterest": 4923000000,
        "incometaxexpensebenefit": 631000000,
        "profitloss": 4292000000,
        "netincomelossattributabletononcontrollinginterest": -2699000000,
        "netincomeloss": 1593000000,
        "earningspersharebasic": 0.56,
        "weightedaveragenumberofsharesoutstandingbasic": 2857000000,
        "earningspersharediluted": 0.56,
        "weightedaveragenumberofdilutedsharesoutstanding": 2866000000,
        "commonstockdividendspersharedeclared": 0.515,
        "othercomprehensiveincomelossforeigncurrencytransactionandtranslationadjustmentnetoftax": 103000000,
        "othercomprehensiveincomeunrealizedgainlossonderivativesarisingduringperiodnetoftax": -5000000,
        "othercomprehensiveincomelossavailableforsalesecuritiesadjustmentnetoftax": 19000000,
        "othercomprehensiveincomelosspensionandotherpostretirementbenefitplansadjustmentnetoftax": 7000000,
        "othercomprehensiveincomelossnetoftaxportionattributabletoparent": 110000000,
        "othercomprehensiveincomelossnetoftaxportionattributabletononcontrollinginterest": -7000000,
        "comprehensiveincomenetoftaxincludingportionattributabletononcontrollinginterest": 4409000000,
        "comprehensiveincomenetoftaxattributabletononcontrollinginterest": -2706000000,
        "comprehensiveincomenetoftax": 1703000000
    },
    {
        "date": "2012-06-29",
        "symbol": "VZ",
        "period": "Q2",
        "revenues": 9931000000,
        "costofgoodsandservicessold": 10896000000,
        "sellinggeneralandadministrativeexpense": 7877000000,
        "depreciationandamortization": 4128000000,
        "costsandexpenses": 22901000000,
        "operatingincomeloss": 5901000000,
        "incomelossfromequitymethodinvestments": 72000000,
        "othernonoperatingincomeexpense": 34000000,
        "interestexpense": 679000000,
        "incomelossfromcontinuingoperationsbeforeincometaxesextraordinaryitemsnoncontrollinginterest": 5078000000,
        "incometaxexpensebenefit": 793000000,
        "profitloss": 4285000000,
        "netincomelossattributabletononcontrollinginterest": -2460000000,
        "netincomeloss": 1825000000,
        "earningspersharebasic": 0.64,
        "weightedaveragenumberofsharesoutstandingbasic": 2849000000,
        "earningspersharediluted": 0.64,
        "weightedaveragenumberofdilutedsharesoutstanding": 2858000000,
        "commonstockdividendspersharedeclared": 0.5,
        "othercomprehensiveincomelossforeigncurrencytransactionandtranslationadjustmentnetoftax": -195000000,
        "othercomprehensiveincomeunrealizedgainlossonderivativesarisingduringperiodnetoftax": -41000000,
        "othercomprehensiveincomelossavailableforsalesecuritiesadjustmentnetoftax": -10000000,
        "othercomprehensiveincomelosspensionandotherpostretirementbenefitplansadjustmentnetoftax": 5000000,
        "othercomprehensiveincomelossnetoftaxportionattributabletoparent": -251000000,
        "othercomprehensiveincomelossnetoftaxportionattributabletononcontrollinginterest": 8000000,
        "comprehensiveincomenetoftaxincludingportionattributabletononcontrollinginterest": 4026000000,
        "comprehensiveincomenetoftaxattributabletononcontrollinginterest": -2452000000,
        "comprehensiveincomenetoftax": 1574000000
    },
    {
        "date": "2012-03-30",
        "symbol": "VZ",
        "period": "Q1",
        "revenues": 9945000000,
        "costofgoodsandservicessold": 11319000000,
        "sellinggeneralandadministrativeexpense": 7700000000,
        "depreciationandamortization": 4028000000,
        "costsandexpenses": 23047000000,
        "operatingincomeloss": 157000000,
        "incomelossfromequitymethodinvestments": 103000000,
        "othernonoperatingincomeexpense": 19000000,
        "interestexpense": 685000000,
        "incomelossfromcontinuingoperationsbeforeincometaxesextraordinaryitemsnoncontrollinginterest": 4632000000,
        "incometaxexpensebenefit": 726000000,
        "profitloss": 3906000000,
        "netincomelossattributabletononcontrollinginterest": 2220000000,
        "netincomeloss": 1686000000,
        "earningspersharebasic": 0.59,
        "weightedaveragenumberofsharesoutstandingbasic": 2842000000,
        "earningspersharediluted": 0.59,
        "weightedaveragenumberofdilutedsharesoutstanding": 2849000000,
        "commonstockdividendspersharedeclared": 0.5,
        "othercomprehensiveincomeforeigncurrencytransactionandtranslationadjustmentnetoftaxperiodincreasedecrease": 104000000,
        "othercomprehensiveincomeunrealizedgainlossonderivativesarisingduringperiodnetoftax": 8000000,
        "othercomprehensiveincomeavailableforsalesecuritiesadjustmentnetoftaxperiodincreasedecrease": 23000000,
        "othercomprehensiveincomedefinedbenefitplansadjustmentnetoftaxperiodincreasedecrease": -6000000,
        "othercomprehensiveincomelossnetoftaxportionattributabletoparent": 129000000,
        "othercomprehensiveincomelossnetoftaxportionattributabletononcontrollinginterest": 3000000,
        "comprehensiveincomenetoftaxincludingportionattributabletononcontrollinginterest": 4038000000,
        "comprehensiveincomenetoftaxattributabletononcontrollinginterest": 2223000000,
        "comprehensiveincomenetoftax": 1815000000
    },
    {
        "date": "2011-12-30",
        "symbol": "VZ",
        "period": "Q4",
        "revenues": -41757000000,
        "costofgoodsandservicessold": -11627000000,
        "sellinggeneralandadministrativeexpense": -13239000000,
        "depreciationandamortization": -3858000000,
        "costsandexpenses": -28724000000,
        "operatingincomeloss": 300000000,
        "incomelossfromequitymethodinvestments": 97000000,
        "othernonoperatingincomeexpense": -84000000,
        "interestexpense": 703000000,
        "incomelossfromcontinuingoperationsbeforeincometaxesextraordinaryitemsnoncontrollinginterest": -1802000000,
        "incometaxexpensebenefit": -1590000000,
        "profitloss": -212000000,
        "netincomelossattributabletononcontrollinginterest": 1811000000,
        "netincomeloss": -2023000000,
        "earningspersharebasic": -0.72,
        "weightedaveragenumberofsharesoutstandingbasic": -5663000000,
        "earningspersharediluted": -0.72,
        "weightedaveragenumberofdilutedsharesoutstanding": -5672000000
    },
    {
        "date": "2011-09-29",
        "symbol": "VZ",
        "period": "Q3",
        "revenues": 27913000000,
        "costofgoodsandservicessold": 11398000000,
        "sellinggeneralandadministrativeexpense": 7689000000,
        "depreciationandamortization": 4179000000,
        "costsandexpenses": 23266000000,
        "operatingincomeloss": 53000000,
        "incomelossfromequitymethodinvestments": 125000000,
        "othernonoperatingincomeexpense": 24000000,
        "interestexpense": 698000000,
        "incomelossfromcontinuingoperationsbeforeincometaxesextraordinaryitemsnoncontrollinginterest": 4098000000,
        "incometaxexpensebenefit": 556000000,
        "profitloss": 3542000000,
        "netincomelossattributabletononcontrollinginterest": 2163000000,
        "netincomeloss": 1379000000,
        "earningspersharebasic": 0.49,
        "weightedaveragenumberofsharesoutstandingbasic": 2834000000,
        "earningspersharediluted": 0.49,
        "weightedaveragenumberofdilutedsharesoutstanding": 2839000000,
        "commonstockdividendspersharedeclared": 0.5
    },
    {
        "date": "2011-06-29",
        "symbol": "VZ",
        "period": "Q2",
        "revenues": 27536000000,
        "costofgoodsandservicessold": 11158000000,
        "sellinggeneralandadministrativeexpense": 7373000000,
        "depreciationandamortization": 4113000000,
        "costsandexpenses": 22644000000,
        "operatingincomeloss": 318000000,
        "incomelossfromequitymethodinvestments": 121000000,
        "othernonoperatingincomeexpense": 10000000,
        "interestexpense": 717000000,
        "incomelossfromcontinuingoperationsbeforeincometaxesextraordinaryitemsnoncontrollinginterest": 4306000000,
        "incometaxexpensebenefit": 702000000,
        "profitloss": 3604000000,
        "netincomelossattributabletononcontrollinginterest": 1995000000,
        "netincomeloss": 1609000000,
        "earningspersharebasic": 0.57,
        "weightedaveragenumberofsharesoutstandingbasic": 2832000000,
        "earningspersharediluted": 0.57,
        "weightedaveragenumberofdilutedsharesoutstanding": 2838000000,
        "commonstockdividendspersharedeclared": 0.4875
    },
    {
        "date": "2011-03-30",
        "symbol": "VZ",
        "period": "Q1",
        "revenues": 26990000000,
        "costofgoodsandservicessold": 11229000000,
        "sellinggeneralandadministrativeexpense": 7284000000,
        "depreciationandamortization": 4024000000,
        "costsandexpenses": 22537000000,
        "operatingincomeloss": 288000000,
        "incomelossfromequitymethodinvestments": 101000000,
        "othernonoperatingincomeexpense": 36000000,
        "interestexpense": 709000000,
        "incomelossfromcontinuingoperationsbeforeincometaxesextraordinaryitemsnoncontrollinginterest": 3881000000,
        "incometaxexpensebenefit": 617000000,
        "profitloss": 3264000000,
        "netincomelossattributabletononcontrollinginterest": 1825000000,
        "netincomeloss": 1439000000,
        "earningspersharebasic": 0.51,
        "weightedaveragenumberofsharesoutstandingbasic": 2830000000,
        "earningspersharediluted": 0.51,
        "weightedaveragenumberofdilutedsharesoutstanding": 2834000000,
        "commonstockdividendspersharedeclared": 0.4875
    },
    {
        "date": "2010-12-30",
        "symbol": "VZ",
        "period": "Q4",
        "revenues": 26395000000,
        "costofgoodsandservicessold": 10921000000,
        "sellinggeneralandadministrativeexpense": 7790000000,
        "depreciationandamortization": 4081000000,
        "costsandexpenses": 21887000000,
        "operatingincomeloss": 4508000000,
        "incomelossfromequitymethodinvestments": 113000000,
        "othernonoperatingincomeexpense": 42000000,
        "interestexpense": 567000000,
        "incometaxexpensebenefit": 257000000,
        "profitloss": 2935000000,
        "netincomelossattributabletononcontrollinginterest": 2009000000,
        "netincomeloss": 926000000,
        "earningspersharebasic": 0.32999999999999996,
        "weightedaveragenumberofsharesoutstandingbasic": -5662000000,
        "earningspersharediluted": 0.32999999999999996,
        "weightedaveragenumberofdilutedsharesoutstanding": -5661000000
    },
    {
        "date": "2010-09-29",
        "symbol": "VZ",
        "period": "Q3",
        "revenues": 26484000000,
        "costofgoodsandservicessold": 11250000000,
        "sellinggeneralandadministrativeexpense": 7465000000,
        "depreciationandamortization": 4022000000,
        "costsandexpenses": 22737000000,
        "operatingincomeloss": 3747000000,
        "incomelossfromequitymethodinvestments": 141000000,
        "othernonoperatingincomeexpense": -50000000,
        "interestexpense": 597000000,
        "incomelossfromcontinuingoperationsbeforeincometaxes": 3241000000,
        "incometaxexpensebenefit": 321000000,
        "profitloss": 2920000000,
        "netincomelossattributabletononcontrollinginterest": 2039000000,
        "netincomeloss": 881000000,
        "earningspersharebasic": 0.31,
        "weightedaveragenumberofsharesoutstandingbasic": 2829000000,
        "earningspersharediluted": 0.31,
        "weightedaveragenumberofdilutedsharesoutstanding": 2830000000,
        "commonstockdividendspersharedeclared": 0.4875
    },
    {
        "date": "2010-06-29",
        "symbol": "VZ",
        "period": "Q2",
        "revenues": 26773000000,
        "costofgoodsandservicessold": 12239000000,
        "sellinggeneralandadministrativeexpense": 8319000000,
        "depreciationandamortization": 4176000000,
        "costsandexpenses": 24734000000,
        "operatingincomeloss": 2039000000,
        "incomelossfromequitymethodinvestments": 121000000,
        "othernonoperatingincomeexpense": 17000000,
        "interestexpense": 679000000,
        "incomelossfromcontinuingoperationsbeforeincometaxes": 1498000000,
        "incometaxexpensebenefit": -49000000,
        "profitloss": 1547000000,
        "netincomelossattributabletononcontrollinginterest": 1745000000,
        "netincomeloss": -198000000,
        "earningspersharebasic": -0.07,
        "weightedaveragenumberofsharesoutstandingbasic": 2827000000,
        "earningspersharediluted": -0.07,
        "weightedaveragenumberofdilutedsharesoutstanding": 2827000000,
        "commonstockdividendspersharedeclared": 0.475
    },
    {
        "date": "2010-03-30",
        "symbol": "VZ",
        "period": "Q1",
        "revenues": 26913000000,
        "costofgoodsandservicessold": 10717000000,
        "sellinggeneralandadministrativeexpense": 7724000000,
        "depreciationandamortization": 4121000000,
        "costsandexpenses": 22562000000,
        "operatingincomeloss": 4351000000,
        "incomelossfromequitymethodinvestments": 133000000,
        "othernonoperatingincomeexpense": 45000000,
        "interestexpense": 680000000,
        "incomelossfromcontinuingoperationsbeforeincometaxes": 3849000000,
        "incometaxexpensebenefit": 1565000000,
        "profitloss": 2284000000,
        "netincomelossattributabletononcontrollinginterest": 1875000000,
        "netincomeloss": 409000000,
        "earningspersharebasic": 0.14,
        "weightedaveragenumberofsharesoutstandingbasic": 2836000000,
        "earningspersharediluted": 0.14,
        "weightedaveragenumberofdilutedsharesoutstanding": 2837000000,
        "commonstockdividendspersharedeclared": 0.475
    },
    {
        "date": "2009-09-29",
        "symbol": "VZ",
        "period": "Q3",
        "revenues": 27265000000,
        "costofgoodsandservicessold": 10996000000,
        "sellinggeneralandadministrativeexpense": 8111000000,
        "depreciationandamortization": 4172000000,
        "costsandexpenses": 23279000000,
        "operatingincomeloss": 3986000000,
        "incomelossfromequitymethodinvestments": 166000000,
        "othernonoperatingincomeexpense": 13000000,
        "interestexpense": 704000000,
        "incomelossfromcontinuingoperationsbeforeincometaxes": 3461000000,
        "incometaxexpensebenefit": 574000000,
        "profitloss": 2887000000,
        "netincomelossattributabletononcontrollinginterest": 1711000000,
        "netincomeloss": 1176000000,
        "earningspersharebasic": 0.41,
        "weightedaveragenumberofsharesoutstandingbasic": 2841000000,
        "earningspersharediluted": 0.41,
        "weightedaveragenumberofdilutedsharesoutstanding": 2841000000,
        "commonstockdividendspersharedeclared": 0.475
    },
    {
        "date": "2009-06-29",
        "symbol": "VZ",
        "period": "Q2",
        "revenues": 26861000000,
        "costofgoodsandservicessold": 10481000000,
        "sellinggeneralandadministrativeexpense": 7871000000,
        "depreciationandamortization": 4091000000,
        "costsandexpenses": 22443000000,
        "operatingincomeloss": 4418000000,
        "incomelossfromequitymethodinvestments": 128000000,
        "othernonoperatingincomeexpense": 11000000,
        "interestexpense": 787000000,
        "incomelossfromcontinuingoperationsbeforeincometaxes": 3770000000,
        "incometaxexpensebenefit": 610000000,
        "profitloss": 3160000000,
        "netincomelossattributabletononcontrollinginterest": 1677000000,
        "netincomeloss": 1483000000,
        "earningspersharebasic": 0.52,
        "weightedaveragenumberofsharesoutstandingbasic": 2841000000,
        "earningspersharediluted": 0.52,
        "weightedaveragenumberofdilutedsharesoutstanding": 2841000000,
        "commonstockdividendspersharedeclared": 0.46
    }
]