[
    {
        "date": "2024-09-29",
        "symbol": "CSL",
        "period": "Q3",
        "revenuefromcontractwithcustomerexcludingassessedtax": 1333600000,
        "costofgoodsandservicessold": 819200000,
        "sellinggeneralandadministrativeexpense": 191800000,
        "researchanddevelopmentexpense": 8100000,
        "otheroperatingincomeexpensenet": 1900000,
        "operatingincomeloss": 316400000,
        "interestexpensenonoperating": 18600000,
        "interestincomeother": 22600000,
        "othernonoperatingincomeexpense": 1100000,
        "incomelossfromcontinuingoperationsbeforeincometaxesextraordinaryitemsnoncontrollinginterest": 321500000,
        "incometaxexpensebenefit": 74900000,
        "incomelossfromcontinuingoperations": 246600000,
        "discontinuedoperationincomelossfromdiscontinuedoperationbeforeincometax": -4400000,
        "discontinuedoperationtaxeffectofdiscontinuedoperation": -2100000,
        "incomelossfromdiscontinuedoperationsnetoftaxattributabletoreportingentity": -2300000,
        "netincomeloss": 244300000,
        "incomelossfromcontinuingoperationsperbasicshare": 5.36,
        "discontinuedoperationincomelossfromdiscontinuedoperationnetoftaxperbasicshare": -0.05,
        "earningspersharebasic": 5.31,
        "incomelossfromcontinuingoperationsperdilutedshare": 5.3,
        "discontinuedoperationincomelossfromdiscontinuedoperationnetoftaxperdilutedshare": -0.05,
        "earningspersharediluted": 5.25,
        "weightedaveragenumberofsharesoutstandingbasic": 45900000,
        "weightedaveragenumberofdilutedsharesoutstanding": 46500000,
        "othercomprehensiveincomeforeigncurrencytransactionandtranslationadjustmentnetoftaxportionattributabletoparent": 10100000,
        "othercomprehensiveincomedefinedbenefitplansadjustmentnetoftaxportionattributabletoparent": -500000,
        "othercomprehensiveincomeothernetoftax": 100000,
        "othercomprehensiveincomelossnetoftaxportionattributabletoparent": 10700000,
        "comprehensiveincomenetoftax": 255000000
    },
    {
        "date": "2024-06-29",
        "symbol": "CSL",
        "period": "Q2",
        "revenuefromcontractwithcustomerexcludingassessedtax": 1450600000,
        "costofgoodsandservicessold": 881700000,
        "sellinggeneralandadministrativeexpense": 189300000,
        "researchanddevelopmentexpense": 9300000,
        "otheroperatingincomeexpensenet": 7200000,
        "operatingincomeloss": 377500000,
        "interestexpensenonoperating": 18800000,
        "interestincomeother": 13800000,
        "othernonoperatingincomeexpense": 100000,
        "incomelossfromcontinuingoperationsbeforeincometaxesextraordinaryitemsnoncontrollinginterest": 372600000,
        "incometaxexpensebenefit": 87400000,
        "incomelossfromcontinuingoperations": 285200000,
        "discontinuedoperationincomelossfromdiscontinuedoperationbeforeincometax": 480200000,
        "discontinuedoperationtaxeffectofdiscontinuedoperation": 53000000,
        "incomelossfromdiscontinuedoperationsnetoftaxattributabletoreportingentity": 427200000,
        "netincomeloss": 712400000,
        "incomelossfromcontinuingoperationsperbasicshare": 6.02,
        "discontinuedoperationincomelossfromdiscontinuedoperationnetoftaxperbasicshare": 9.01,
        "earningspersharebasic": 15.03,
        "incomelossfromcontinuingoperationsperdilutedshare": 5.94,
        "discontinuedoperationincomelossfromdiscontinuedoperationnetoftaxperdilutedshare": 8.9,
        "earningspersharediluted": 14.84,
        "weightedaveragenumberofsharesoutstandingbasic": 47300000,
        "weightedaveragenumberofdilutedsharesoutstanding": 47900000,
        "othercomprehensiveincomeforeigncurrencytransactionandtranslationadjustmentnetoftaxportionattributabletoparent": 5000000,
        "othercomprehensiveincomedefinedbenefitplansadjustmentnetoftaxportionattributabletoparent": -400000,
        "othercomprehensiveincomeothernetoftax": 900000,
        "othercomprehensiveincomelossnetoftaxportionattributabletoparent": 6300000,
        "comprehensiveincomenetoftax": 718700000
    },
    {
        "date": "2024-03-30",
        "symbol": "CSL",
        "period": "Q1",
        "revenuefromcontractwithcustomerexcludingassessedtax": 1096500000,
        "costofgoodsandservicessold": 697600000,
        "sellinggeneralandadministrativeexpense": 166800000,
        "researchanddevelopmentexpense": 9200000,
        "otheroperatingincomeexpensenet": 2300000,
        "operatingincomeloss": 225200000,
        "interestincomeexpensenet": -18600000,
        "interestincomeother": 7900000,
        "othernonoperatingincomeexpense": 300000,
        "incomelossfromcontinuingoperationsbeforeincometaxesextraordinaryitemsnoncontrollinginterest": 214800000,
        "incometaxexpensebenefit": 43900000,
        "incomelossfromcontinuingoperations": 170900000,
        "discontinuedoperationincomelossfromdiscontinuedoperationbeforeincometax": 21900000,
        "discontinuedoperationtaxeffectofdiscontinuedoperation": 500000,
        "incomelossfromdiscontinuedoperationsnetoftaxattributabletoreportingentity": 21400000,
        "netincomeloss": 192300000,
        "incomelossfromcontinuingoperationsperbasicshare": 3.57,
        "discontinuedoperationincomelossfromdiscontinuedoperationnetoftaxperbasicshare": 0.45,
        "earningspersharebasic": 4.02,
        "incomelossfromcontinuingoperationsperdilutedshare": 3.52,
        "discontinuedoperationincomelossfromdiscontinuedoperationnetoftaxperdilutedshare": 0.45,
        "earningspersharediluted": 3.97,
        "weightedaveragenumberofsharesoutstandingbasic": 47800000,
        "weightedaveragenumberofdilutedsharesoutstanding": 48400000,
        "othercomprehensiveincomeforeigncurrencytransactionandtranslationadjustmentnetoftaxportionattributabletoparent": -9700000,
        "othercomprehensiveincomedefinedbenefitplansadjustmentnetoftaxportionattributabletoparent": -500000,
        "othercomprehensiveincomeothernetoftax": 1000000,
        "othercomprehensiveincomelossnetoftaxportionattributabletoparent": -8200000,
        "comprehensiveincomenetoftax": 184100000
    },
    {
        "date": "2023-12-30",
        "symbol": "CSL",
        "period": "Q4",
        "revenuefromcontractwithcustomerexcludingassessedtax": 695100000,
        "costofgoodsandservicessold": 373700000,
        "sellinggeneralandadministrativeexpense": 103500000,
        "researchanddevelopmentexpense": -5300000,
        "otheroperatingincomeexpensenet": 1500000,
        "operatingincomeloss": 224700000,
        "interestincomeother": 7400000,
        "othernonoperatingincomeexpense": 2600000,
        "incomelossfromcontinuingoperationsbeforeincometaxesextraordinaryitemsnoncontrollinginterest": 216100000,
        "incometaxexpensebenefit": 47400000,
        "incomelossfromcontinuingoperations": 168700000,
        "discontinuedoperationincomelossfromdiscontinuedoperationbeforeincometax": 29900000,
        "discontinuedoperationtaxeffectofdiscontinuedoperation": -6900000,
        "incomelossfromdiscontinuedoperationsnetoftaxattributabletoreportingentity": 36800000,
        "netincomeloss": 205500000,
        "incomelossfromcontinuingoperationsperbasicshare": 3.4800000000000013,
        "discontinuedoperationincomelossfromdiscontinuedoperationnetoftaxperbasicshare": 0.71,
        "earningspersharebasic": 4.19,
        "incomelossfromcontinuingoperationsperdilutedshare": 3.4300000000000006,
        "discontinuedoperationincomelossfromdiscontinuedoperationnetoftaxperdilutedshare": 0.71,
        "earningspersharediluted": 4.140000000000001,
        "weightedaveragenumberofsharesoutstandingbasic": 49900000,
        "weightedaveragenumberofdilutedsharesoutstanding": 50400000,
        "othercomprehensiveincomeforeigncurrencytransactionandtranslationadjustmentnetoftaxportionattributabletoparent": 47800000,
        "othercomprehensiveincomedefinedbenefitplansadjustmentnetoftaxportionattributabletoparent": 2100000,
        "othercomprehensiveincomelossnetoftaxportionattributabletoparent": 47900000,
        "comprehensiveincomenetoftax": 253400000
    },
    {
        "date": "2023-09-29",
        "symbol": "CSL",
        "period": "Q3",
        "revenuefromcontractwithcustomerexcludingassessedtax": 1259800000,
        "costofgoodsandservicessold": 793700000,
        "sellinggeneralandadministrativeexpense": 161700000,
        "researchanddevelopmentexpense": 7200000,
        "otheroperatingincomeexpensenet": 2700000,
        "operatingincomeloss": 299900000,
        "interestexpense": 19400000,
        "interestincomeother": 3600000,
        "othernonoperatingincomeexpense": -600000,
        "incomelossfromcontinuingoperationsbeforeincometaxesextraordinaryitemsnoncontrollinginterest": 283500000,
        "incometaxexpensebenefit": 66600000,
        "incomelossfromcontinuingoperations": 216900000,
        "discontinuedoperationincomelossfromdiscontinuedoperationbeforeincometax": 43200000,
        "discontinuedoperationtaxeffectofdiscontinuedoperation": -5500000,
        "incomelossfromdiscontinuedoperationsnetoftaxattributabletoreportingentity": 48700000,
        "netincomeloss": 265600000,
        "incomelossfromcontinuingoperationsperbasicshare": 4.37,
        "discontinuedoperationincomelossfromdiscontinuedoperationnetoftaxperbasicshare": 0.98,
        "earningspersharebasic": 5.35,
        "incomelossfromcontinuingoperationsperdilutedshare": 4.32,
        "discontinuedoperationincomelossfromdiscontinuedoperationnetoftaxperdilutedshare": 0.97,
        "earningspersharediluted": 5.29,
        "weightedaveragenumberofsharesoutstandingbasic": 49500000,
        "weightedaveragenumberofdilutedsharesoutstanding": 50100000,
        "othercomprehensiveincomeforeigncurrencytransactionandtranslationadjustmentnetoftaxportionattributabletoparent": -15800000,
        "othercomprehensiveincomedefinedbenefitplansadjustmentnetoftaxportionattributabletoparent": -200000,
        "othercomprehensiveincomelosscashflowhedgegainlossafterreclassificationandtax": 100000,
        "othercomprehensiveincomelossnetoftaxportionattributabletoparent": -15500000,
        "comprehensiveincomenetoftax": 250100000
    },
    {
        "date": "2023-06-29",
        "symbol": "CSL",
        "period": "Q2",
        "revenuefromcontractwithcustomerexcludingassessedtax": 2425700000,
        "costofgoodsandservicessold": 953200000,
        "sellinggeneralandadministrativeexpense": 171400000,
        "researchanddevelopmentexpense": 11300000,
        "otheroperatingincomeexpensenet": -100000,
        "operatingincomeloss": 485300000,
        "interestexpense": 18800000,
        "interestincomeother": 4500000,
        "othernonoperatingincomeexpense": -100000,
        "incomelossfromcontinuingoperationsbeforeincometaxesextraordinaryitemsnoncontrollinginterest": 302800000,
        "incometaxexpensebenefit": 69100000,
        "incomelossfromcontinuingoperations": 233700000,
        "discontinuedoperationincomelossfromdiscontinuedoperationbeforeincometax": -52000000,
        "discontinuedoperationtaxeffectofdiscontinuedoperation": -12900000,
        "incomelossfromdiscontinuedoperationsnetoftaxattributabletoreportingentity": -39100000,
        "netincomeloss": 194600000,
        "incomelossfromcontinuingoperationsperbasicshare": 4.58,
        "discontinuedoperationincomelossfromdiscontinuedoperationnetoftaxperbasicshare": -0.76,
        "earningspersharebasic": 3.8199999999999994,
        "incomelossfromcontinuingoperationsperdilutedshare": 4.55,
        "discontinuedoperationincomelossfromdiscontinuedoperationnetoftaxperdilutedshare": -0.76,
        "earningspersharediluted": 3.79,
        "weightedaveragenumberofsharesoutstandingbasic": -200000,
        "weightedaveragenumberofdilutedsharesoutstanding": -300000,
        "othercomprehensiveincomeforeigncurrencytransactionandtranslationadjustmentnetoftaxportionattributabletoparent": 1100000,
        "othercomprehensiveincomedefinedbenefitplansadjustmentnetoftaxportionattributabletoparent": -300000,
        "othercomprehensiveincomelosscashflowhedgegainlossafterreclassificationandtax": -2300000,
        "othercomprehensiveincomelossnetoftaxportionattributabletoparent": -900000,
        "comprehensiveincomenetoftax": 193700000
    },
    {
        "date": "2023-03-30",
        "symbol": "CSL",
        "period": "Q1",
        "revenuefromcontractwithcustomerexcludingassessedtax": 206300000,
        "costofgoodsandservicessold": 832100000,
        "sellinggeneralandadministrativeexpense": 188600000,
        "researchanddevelopmentexpense": 15500000,
        "otheroperatingincomeexpensenet": -1600000,
        "operatingincomeloss": -27100000,
        "interestexpense": 18800000,
        "interestincomeother": 4600000,
        "othernonoperatingincomeexpense": 1200000,
        "incomelossfromcontinuingoperationsbeforeincometaxesextraordinaryitemsnoncontrollinginterest": 128000000,
        "incometaxexpensebenefit": 28400000,
        "incomelossfromcontinuingoperations": 99600000,
        "discontinuedoperationincomelossfromdiscontinuedoperationbeforeincometax": 600000,
        "discontinuedoperationtaxeffectofdiscontinuedoperation": -1500000,
        "incomelossfromdiscontinuedoperationsnetoftaxattributabletoreportingentity": 2100000,
        "netincomeloss": 101700000,
        "incomelossfromcontinuingoperationsperbasicshare": 1.95,
        "discontinuedoperationincomelossfromdiscontinuedoperationnetoftaxperbasicshare": 0.04,
        "earningspersharebasic": 1.99,
        "incomelossfromcontinuingoperationsperdilutedshare": 1.92,
        "discontinuedoperationincomelossfromdiscontinuedoperationnetoftaxperdilutedshare": 0.04,
        "earningspersharediluted": 1.96,
        "weightedaveragenumberofsharesoutstandingbasic": 51100000,
        "weightedaveragenumberofdilutedsharesoutstanding": 51700000,
        "othercomprehensiveincomeforeigncurrencytransactionandtranslationadjustmentnetoftaxportionattributabletoparent": 13000000,
        "othercomprehensiveincomedefinedbenefitplansadjustmentnetoftaxportionattributabletoparent": -300000,
        "othercomprehensiveincomelosscashflowhedgegainlossafterreclassificationandtax": 1900000,
        "othercomprehensiveincomelossnetoftaxportionattributabletoparent": 15200000,
        "comprehensiveincomenetoftax": 116900000
    },
    {
        "date": "2022-12-30",
        "symbol": "CSL",
        "period": "Q4",
        "revenuefromcontractwithcustomerexcludingassessedtax": -287100000,
        "costofgoodsandservicessold": 1012400000,
        "sellinggeneralandadministrativeexpense": 188900000,
        "researchanddevelopmentexpense": 12800000,
        "otheroperatingincomeexpensenet": -900000,
        "operatingincomeloss": 21700000,
        "interestincomeother": 3300000,
        "othernonoperatingincomeexpense": 2500000,
        "incomelossfromcontinuingoperationsbeforeincometaxesextraordinaryitemsnoncontrollinginterest": 227100000,
        "incometaxexpensebenefit": 47300000,
        "incomelossfromcontinuingoperations": 179800000,
        "discontinuedoperationincomelossfromdiscontinuedoperationbeforeincometax": -9300000,
        "incomelossfromdiscontinuedoperationsnetoftaxattributabletoreportingentity": -5600000,
        "netincomeloss": 174200000,
        "incomelossfromcontinuingoperationsperbasicshare": 3.4899999999999998,
        "discontinuedoperationincomelossfromdiscontinuedoperationnetoftaxperbasicshare": -0.11,
        "earningspersharebasic": 3.380000000000001,
        "incomelossfromcontinuingoperationsperdilutedshare": 3.4499999999999984,
        "discontinuedoperationincomelossfromdiscontinuedoperationnetoftaxperdilutedshare": -0.11,
        "earningspersharediluted": 3.339999999999998,
        "weightedaveragenumberofsharesoutstandingbasic": -104000000,
        "weightedaveragenumberofdilutedsharesoutstanding": -105500000,
        "othercomprehensiveincomeforeigncurrencytransactionandtranslationadjustmentnetoftaxportionattributabletoparent": 33400000,
        "othercomprehensiveincomedefinedbenefitplansadjustmentnetoftaxportionattributabletoparent": 4800000,
        "othercomprehensiveincomelossnetoftaxportionattributabletoparent": 83800000,
        "comprehensiveincomenetoftax": 205800000
    },
    {
        "date": "2022-09-29",
        "symbol": "CSL",
        "period": "Q3",
        "revenuefromcontractwithcustomerexcludingassessedtax": 234300000,
        "costofgoodsandservicessold": 1201800000,
        "sellinggeneralandadministrativeexpense": 209000000,
        "researchanddevelopmentexpense": 13100000,
        "otheroperatingincomeexpensenet": -22000000,
        "operatingincomeloss": 600000,
        "interestexpense": 22600000,
        "interestincomeother": 3000000,
        "othernonoperatingincomeexpense": -1200000,
        "incomelossfromcontinuingoperationsbeforeincometaxesextraordinaryitemsnoncontrollinginterest": 327400000,
        "incometaxexpensebenefit": 72200000,
        "incomelossfromcontinuingoperations": 255200000,
        "discontinuedoperationincomelossfromdiscontinuedoperationbeforeincometax": -200000,
        "discontinuedoperationtaxeffectofdiscontinuedoperation": 300000,
        "incomelossfromdiscontinuedoperationsnetoftaxattributabletoreportingentity": -500000,
        "netincomeloss": 254700000,
        "incomelossfromcontinuingoperationsperbasicshare": 4.91,
        "discontinuedoperationincomelossfromdiscontinuedoperationnetoftaxperbasicshare": -0.01,
        "earningspersharebasic": 4.9,
        "incomelossfromcontinuingoperationsperdilutedshare": 4.84,
        "discontinuedoperationincomelossfromdiscontinuedoperationnetoftaxperdilutedshare": -0.01,
        "earningspersharediluted": 4.83,
        "weightedaveragenumberofsharesoutstandingbasic": 51900000,
        "weightedaveragenumberofdilutedsharesoutstanding": 52600000,
        "othercomprehensiveincomeforeigncurrencytransactionandtranslationadjustmentnetoftaxportionattributabletoparent": -46500000,
        "othercomprehensiveincomedefinedbenefitplansadjustmentnetoftaxportionattributabletoparent": -1000000,
        "othercomprehensiveincomelosscashflowhedgegainlossafterreclassificationandtax": -1700000,
        "othercomprehensiveincomelossnetoftaxportionattributabletoparent": -47200000,
        "comprehensiveincomenetoftax": 207500000
    },
    {
        "date": "2022-06-29",
        "symbol": "CSL",
        "period": "Q2",
        "revenuefromcontractwithcustomerexcludingassessedtax": 247400000,
        "costofgoodsandservicessold": 1214900000,
        "sellinggeneralandadministrativeexpense": 210600000,
        "researchanddevelopmentexpense": 12600000,
        "otheroperatingincomeexpensenet": 1800000,
        "operatingincomeloss": -22200000,
        "interestexpense": 22400000,
        "interestincomeother": 600000,
        "othernonoperatingincomeexpense": -2500000,
        "incomelossfromcontinuingoperationsbeforeincometaxesextraordinaryitemsnoncontrollinginterest": 386300000,
        "incometaxexpensebenefit": 90400000,
        "incomelossfromcontinuingoperations": 295900000,
        "discontinuedoperationincomelossfromdiscontinuedoperationbeforeincometax": 4800000,
        "discontinuedoperationtaxeffectofdiscontinuedoperation": -800000,
        "incomelossfromdiscontinuedoperationsnetoftaxattributabletoreportingentity": 5600000,
        "netincomeloss": 301500000,
        "incomelossfromcontinuingoperationsperbasicshare": 5.7,
        "discontinuedoperationincomelossfromdiscontinuedoperationnetoftaxperbasicshare": 0.11,
        "earningspersharebasic": 5.81,
        "incomelossfromcontinuingoperationsperdilutedshare": 5.62,
        "discontinuedoperationincomelossfromdiscontinuedoperationnetoftaxperdilutedshare": 0.11,
        "earningspersharediluted": 5.73,
        "weightedaveragenumberofsharesoutstandingbasic": 51800000,
        "weightedaveragenumberofdilutedsharesoutstanding": 52500000,
        "othercomprehensiveincomeforeigncurrencytransactionandtranslationadjustmentnetoftaxportionattributabletoparent": -40800000,
        "othercomprehensiveincomedefinedbenefitplansadjustmentnetoftaxportionattributabletoparent": -1000000,
        "othercomprehensiveincomelosscashflowhedgegainlossafterreclassificationandtax": -1000000,
        "othercomprehensiveincomelossnetoftaxportionattributabletoparent": -40800000,
        "comprehensiveincomenetoftax": 260700000
    },
    {
        "date": "2022-03-30",
        "symbol": "CSL",
        "period": "Q1",
        "revenuefromcontractwithcustomerexcludingassessedtax": 227000000,
        "costofgoodsandservicessold": 1005400000,
        "sellinggeneralandadministrativeexpense": 203000000,
        "researchanddevelopmentexpense": 12300000,
        "otheroperatingincomeexpensenet": 1700000,
        "operatingincomeloss": 100000,
        "interestexpense": 22600000,
        "interestincomeother": 200000,
        "othernonoperatingincomeexpense": -100000,
        "incomelossfromcontinuingoperationsbeforeincometaxesextraordinaryitemsnoncontrollinginterest": 254800000,
        "incometaxexpensebenefit": 60500000,
        "incomelossfromcontinuingoperations": 194300000,
        "discontinuedoperationincomelossfromdiscontinuedoperationbeforeincometax": -700000,
        "incomelossfromdiscontinuedoperationsnetoftaxattributabletoreportingentity": -700000,
        "netincomeloss": 193600000,
        "incomelossfromcontinuingoperationsperbasicshare": 3.72,
        "discontinuedoperationincomelossfromdiscontinuedoperationnetoftaxperbasicshare": -0.01,
        "earningspersharebasic": 3.71,
        "incomelossfromcontinuingoperationsperdilutedshare": 3.67,
        "discontinuedoperationincomelossfromdiscontinuedoperationnetoftaxperdilutedshare": -0.01,
        "earningspersharediluted": 3.66,
        "weightedaveragenumberofsharesoutstandingbasic": 52100000,
        "weightedaveragenumberofdilutedsharesoutstanding": 52900000,
        "othercomprehensiveincomeforeigncurrencytransactionandtranslationadjustmentnetoftaxportionattributabletoparent": 3500000,
        "othercomprehensiveincomedefinedbenefitplansadjustmentnetoftaxportionattributabletoparent": -1000000,
        "othercomprehensiveincomelosscashflowhedgegainlossafterreclassificationandtax": -700000,
        "othercomprehensiveincomelossnetoftaxportionattributabletoparent": 3800000,
        "comprehensiveincomenetoftax": 197400000
    },
    {
        "date": "2021-12-30",
        "symbol": "CSL",
        "period": "Q4",
        "revenuefromcontractwithcustomerexcludingassessedtax": -215500000,
        "costofgoodsandservicessold": 1853200000,
        "sellinggeneralandadministrativeexpense": 184500000,
        "researchanddevelopmentexpense": 10700000,
        "otheroperatingincomeexpensenet": -800000,
        "operatingincomeloss": -29700000,
        "interestincomeother": 100000,
        "othernonoperatingincomeexpense": 0,
        "incometaxexpensebenefit": 28000000,
        "netincomeloss": 128100000,
        "earningspersharebasic": 2.44,
        "earningspersharediluted": 2.4000000000000004,
        "weightedaveragenumberofsharesoutstandingbasic": -105100000,
        "weightedaveragenumberofdilutedsharesoutstanding": -106400000,
        "othercomprehensiveincomeforeigncurrencytransactionandtranslationadjustmentnetoftaxportionattributabletoparent": -6000000,
        "othercomprehensiveincomedefinedbenefitplansadjustmentnetoftaxportionattributabletoparent": -499999.99999999953,
        "othercomprehensiveincomelossnetoftaxportionattributabletoparent": 3800000,
        "comprehensiveincomenetoftax": 124100000
    },
    {
        "date": "2021-09-29",
        "symbol": "CSL",
        "period": "Q3",
        "revenuefromcontractwithcustomerexcludingassessedtax": 194400000,
        "costofgoodsandservicessold": 5000000,
        "sellinggeneralandadministrativeexpense": 192600000,
        "researchanddevelopmentexpense": 12800000,
        "otheroperatingincomeexpensenet": 300000,
        "operatingincomeloss": -24800000,
        "interestexpense": 19800000,
        "interestincomeother": 200000,
        "othernonoperatingincomeexpense": -900000,
        "incomelossfromcontinuingoperationsbeforeincometaxesextraordinaryitemsnoncontrollinginterest": 146000000,
        "incometaxexpensebenefit": 33000000,
        "incomelossfromcontinuingoperations": 113000000,
        "discontinuedoperationincomelossfromdiscontinuedoperationbeforeincometax": 2200000,
        "discontinuedoperationtaxeffectofdiscontinuedoperation": -26900000,
        "incomelossfromdiscontinuedoperationsnetoftaxattributabletoreportingentity": 29100000,
        "netincomeloss": 142100000,
        "incomelossfromcontinuingoperationsperbasicshare": 2.15,
        "discontinuedoperationincomelossfromdiscontinuedoperationnetoftaxperbasicshare": 0.55,
        "earningspersharebasic": 2.7,
        "incomelossfromcontinuingoperationsperdilutedshare": 2.12,
        "discontinuedoperationincomelossfromdiscontinuedoperationnetoftaxperdilutedshare": 0.55,
        "earningspersharediluted": 2.67,
        "weightedaveragenumberofsharesoutstandingbasic": 52300000,
        "weightedaveragenumberofdilutedsharesoutstanding": 53000000,
        "othercomprehensiveincomeforeigncurrencytransactionandtranslationadjustmentnetoftaxportionattributabletoparent": 600000,
        "othercomprehensiveincomedefinedbenefitplansadjustmentnetoftaxportionattributabletoparent": -1200000,
        "othercomprehensiveincomelosscashflowhedgegainlossafterreclassificationandtax": -200000,
        "othercomprehensiveincomelossnetoftaxportionattributabletoparent": 1600000,
        "comprehensiveincomenetoftax": 143700000
    },
    {
        "date": "2021-06-29",
        "symbol": "CSL",
        "period": "Q2",
        "revenuefromcontractwithcustomerexcludingassessedtax": 188100000,
        "costofgoodsandservicessold": 870100000,
        "sellinggeneralandadministrativeexpense": 161300000,
        "researchanddevelopmentexpense": 13800000,
        "otheroperatingincomeexpensenet": 1200000,
        "operatingincomeloss": -37300000,
        "interestexpense": 19200000,
        "interestincomeother": 400000,
        "othernonoperatingincomeexpense": -1100000,
        "incomelossfromcontinuingoperationsbeforeincometaxesminorityinterestandincomelossfromequitymethodinvestments": 113900000,
        "incometaxexpensebenefit": 19800000,
        "incomelossfromcontinuingoperations": 94100000,
        "discontinuedoperationincomelossfromdiscontinuedoperationbeforeincometax": 6300000,
        "discontinuedoperationtaxeffectofdiscontinuedoperation": 1100000,
        "incomelossfromdiscontinuedoperationsnetoftaxattributabletoreportingentity": 5200000,
        "netincomeloss": 99300000,
        "incomelossfromcontinuingoperationsperbasicshare": 1.79,
        "discontinuedoperationincomelossfromdiscontinuedoperationnetoftaxperbasicshare": 0.1,
        "earningspersharebasic": 1.89,
        "incomelossfromcontinuingoperationsperdilutedshare": 1.77,
        "discontinuedoperationincomelossfromdiscontinuedoperationnetoftaxperdilutedshare": 0.1,
        "earningspersharediluted": 1.87,
        "weightedaveragenumberofsharesoutstandingbasic": 52300000,
        "weightedaveragenumberofdilutedsharesoutstanding": 53000000,
        "othercomprehensiveincomeforeigncurrencytransactionandtranslationadjustmentnetoftaxportionattributabletoparent": 6800000,
        "othercomprehensiveincomedefinedbenefitplansadjustmentnetoftaxportionattributabletoparent": -1200000,
        "othercomprehensiveincomelosscashflowhedgegainlossafterreclassificationandtax": 300000,
        "othercomprehensiveincomelossnetoftaxportionattributabletoparent": 8300000.000000001,
        "comprehensiveincomenetoftax": 107600000
    },
    {
        "date": "2021-03-30",
        "symbol": "CSL",
        "period": "Q1",
        "revenuefromcontractwithcustomerexcludingassessedtax": 233100000,
        "costofgoodsandservicessold": 767300000,
        "sellinggeneralandadministrativeexpense": 159800000,
        "researchanddevelopmentexpense": 12600000,
        "otheroperatingincomeexpensenet": 200000,
        "operatingincomeloss": -31500000,
        "interestexpense": 19200000,
        "interestincomeother": 500000,
        "othernonoperatingincomeexpense": -3900000,
        "incomelossfromcontinuingoperationsbeforeincometaxesminorityinterestandincomelossfromequitymethodinvestments": 66900000.00000001,
        "incometaxexpensebenefit": 14700000,
        "netincomeloss": 52200000,
        "earningspersharebasic": 0.98,
        "earningspersharediluted": 0.97,
        "weightedaveragenumberofsharesoutstandingbasic": 53000000,
        "weightedaveragenumberofdilutedsharesoutstanding": 53600000,
        "othercomprehensiveincomeforeigncurrencytransactionandtranslationadjustmentnetoftaxportionattributabletoparent": -13300000,
        "othercomprehensiveincomedefinedbenefitplansadjustmentnetoftaxportionattributabletoparent": -1200000,
        "othercomprehensiveincomelosscashflowhedgegainlossafterreclassificationandtax": -2000000,
        "othercomprehensiveincomelossnetoftaxportionattributabletoparent": -14100000,
        "comprehensiveincomenetoftax": 38100000
    },
    {
        "date": "2020-12-30",
        "symbol": "CSL",
        "period": "Q4",
        "costofgoodsandservicessold": 771600000,
        "sellinggeneralandadministrativeexpense": 164200000,
        "researchanddevelopmentexpense": 12600000,
        "otheroperatingincomeexpensenet": -3900000,
        "operatingincomeloss": -34000000,
        "interestincomeother": 800000,
        "othernonoperatingincomeexpense": -2000000,
        "incomelossfromcontinuingoperationsbeforeincometaxesminorityinterestandincomelossfromequitymethodinvestments": 91700000,
        "incometaxexpensebenefit": 7000000,
        "incomelossfromcontinuingoperations": 84700000,
        "netincomeloss": 80600000,
        "incomelossfromcontinuingoperationsperbasicshare": 1.5800000000000005,
        "earningspersharebasic": 1.5,
        "incomelossfromcontinuingoperationsperdilutedshare": 1.57,
        "earningspersharediluted": 1.49,
        "weightedaveragenumberofsharesoutstandingbasic": -400000,
        "weightedaveragenumberofdilutedsharesoutstanding": -400000,
        "othercomprehensiveincomeforeigncurrencytransactionandtranslationadjustmentnetoftaxportionattributabletoparent": 35000000,
        "othercomprehensiveincomelossnetoftaxportionattributabletoparent": -4500000,
        "comprehensiveincomenetoftax": 115500000
    },
    {
        "date": "2020-09-29",
        "symbol": "CSL",
        "period": "Q3",
        "costofgoodsandservicessold": 796400000,
        "sellinggeneralandadministrativeexpense": 162300000,
        "researchanddevelopmentexpense": 13700000,
        "otheroperatingincomeexpensenet": 1400000,
        "operatingincomeloss": -27200000,
        "interestexpense": 19000000,
        "interestincomeother": 600000,
        "othernonoperatingincomeexpense": -900000,
        "incomelossfromcontinuingoperationsbeforeincometaxesminorityinterestandincomelossfromequitymethodinvestments": 136400000,
        "incometaxexpensebenefit": 34100000,
        "incomelossfromcontinuingoperations": 102300000,
        "netincomeloss": 102300000,
        "incomelossfromcontinuingoperationsperbasicshare": 1.8799999999999994,
        "earningspersharebasic": 1.8799999999999994,
        "incomelossfromcontinuingoperationsperdilutedshare": 1.8599999999999992,
        "earningspersharediluted": 1.8599999999999992,
        "weightedaveragenumberofsharesoutstandingbasic": -55700000,
        "weightedaveragenumberofdilutedsharesoutstanding": -56300000,
        "othercomprehensiveincomeforeigncurrencytransactionandtranslationadjustmentnetoftaxportionattributabletoparent": 24900000,
        "othercomprehensiveincomedefinedbenefitplansadjustmentnetoftaxportionattributabletoparent": -1100000,
        "othercomprehensiveincomelossnetoftaxportionattributabletoparent": -15200000,
        "comprehensiveincomenetoftax": 130500000
    },
    {
        "date": "2020-06-29",
        "symbol": "CSL",
        "period": "Q2",
        "revenues": 1024200000,
        "costofgoodsandservicessold": 743000000,
        "sellinggeneralandadministrativeexpense": 153100000,
        "researchanddevelopmentexpense": 14100000,
        "otheroperatingincomeexpensenet": -600000,
        "operatingincomeloss": -15900000,
        "interestexpense": 19800000,
        "interestincomeother": 2700000,
        "othernonoperatingincomeexpense": 700000,
        "incomelossfromcontinuingoperationsbeforeincometaxesminorityinterestandincomelossfromequitymethodinvestments": 97000000,
        "incometaxexpensebenefit": 21600000,
        "incomelossfromcontinuingoperations": 75400000,
        "netincomeloss": 75400000,
        "incomelossfromcontinuingoperationsperbasicshare": 1.37,
        "earningspersharebasic": 1.37,
        "incomelossfromcontinuingoperationsperdilutedshare": 1.36,
        "earningspersharediluted": 1.36,
        "weightedaveragenumberofsharesoutstandingbasic": 54800000,
        "weightedaveragenumberofdilutedsharesoutstanding": 55200000,
        "othercomprehensiveincomeforeigncurrencytransactionandtranslationadjustmentnetoftaxportionattributabletoparent": 7800000,
        "othercomprehensiveincomedefinedbenefitplansadjustmentnetoftaxportionattributabletoparent": -1000000,
        "othercomprehensiveincomederivativesqualifyingashedgesnetoftaxportionattributabletoparent": 700000,
        "othercomprehensiveincomelossnetoftaxportionattributabletoparent": 9500000,
        "comprehensiveincomenetoftax": 84900000
    },
    {
        "date": "2020-03-30",
        "symbol": "CSL",
        "period": "Q1",
        "revenues": 1030200000,
        "costofgoodsandservicessold": 751800000,
        "sellinggeneralandadministrativeexpense": 161900000,
        "researchanddevelopmentexpense": 14400000,
        "otheroperatingincomeexpensenet": 600000,
        "operatingincomeloss": -20400000,
        "interestexpense": 18900000,
        "gainslossesonextinguishmentofdebt": -8800000,
        "interestincomeother": 700000,
        "othernonoperatingincomeexpense": 500000,
        "incomelossfromcontinuingoperationsbeforeincometaxesminorityinterestandincomelossfromequitymethodinvestments": 76200000,
        "incometaxexpensebenefit": 14400000,
        "incomelossfromcontinuingoperations": 61800000,
        "netincomeloss": 61800000,
        "incomelossfromcontinuingoperationsperbasicshare": 1.1,
        "earningspersharebasic": 1.1,
        "incomelossfromcontinuingoperationsperdilutedshare": 1.09,
        "earningspersharediluted": 1.09,
        "weightedaveragenumberofsharesoutstandingbasic": 55800000,
        "weightedaveragenumberofdilutedsharesoutstanding": 56500000,
        "othercomprehensiveincomeforeigncurrencytransactionandtranslationadjustmentnetoftaxportionattributabletoparent": -28300000,
        "othercomprehensiveincomedefinedbenefitplansadjustmentnetoftaxportionattributabletoparent": -1000000,
        "othercomprehensiveincomederivativesqualifyingashedgesnetoftaxportionattributabletoparent": -18200000,
        "othercomprehensiveincomelossnetoftaxportionattributabletoparent": -2100000,
        "comprehensiveincomenetoftax": 16300000
    },
    {
        "date": "2019-09-29",
        "symbol": "CSL",
        "period": "Q3",
        "revenues": 1280600000,
        "costofgoodsandservicessold": 900400000,
        "sellinggeneralandadministrativeexpense": 175000000,
        "researchanddevelopmentexpense": 15200000,
        "otheroperatingincomeexpensenet": 1000000,
        "operatingincomeloss": 191000000,
        "interestexpense": 16700000,
        "interestincomeother": 1700000,
        "othernonoperatingincomeexpense": 1200000,
        "incomelossfromcontinuingoperationsbeforeincometaxesminorityinterestandincomelossfromequitymethodinvestments": 177200000,
        "incometaxexpensebenefit": 37900000,
        "incomelossfromcontinuingoperations": 139300000,
        "discontinuedoperationincomelossfromdiscontinuedoperationbeforeincometax": -1800000,
        "discontinuedoperationtaxeffectofdiscontinuedoperation": -400000,
        "incomelossfromdiscontinuedoperationsnetoftaxattributabletoreportingentity": -1400000,
        "netincomeloss": 137900000,
        "incomelossfromcontinuingoperationsperbasicshare": 2.45,
        "discontinuedoperationincomelossfromdiscontinuedoperationnetoftaxperbasicshare": -0.02,
        "earningspersharebasic": 2.43,
        "incomelossfromcontinuingoperationsperdilutedshare": 2.42,
        "discontinuedoperationincomelossfromdiscontinuedoperationnetoftaxperdilutedshare": -0.02,
        "earningspersharediluted": 2.4,
        "weightedaveragenumberofsharesoutstandingbasic": 56657000,
        "weightedaveragenumberofdilutedsharesoutstanding": 57335000,
        "othercomprehensiveincomeforeigncurrencytransactionandtranslationadjustmentnetoftaxportionattributabletoparent": -23600000,
        "othercomprehensiveincomedefinedbenefitplansadjustmentnetoftaxportionattributabletoparent": -700000,
        "othercomprehensiveincomederivativesqualifyingashedgesnetoftaxportionattributabletoparent": -1200000,
        "othercomprehensiveincomelossnetoftaxportionattributabletoparent": -24100000,
        "comprehensiveincomenetoftax": 113800000
    },
    {
        "date": "2019-03-30",
        "symbol": "CSL",
        "period": "Q1",
        "revenues": 1071900000,
        "costofgoodsandservicessold": 783300000,
        "sellinggeneralandadministrativeexpense": 164200000,
        "researchanddevelopmentexpense": 14400000,
        "otheroperatingincomeexpensenet": 4700000,
        "operatingincomeloss": 114700000,
        "interestincomeexpensenet": -13700000,
        "othernonoperatingincomeexpense": 400000,
        "incomelossfromcontinuingoperationsbeforeincometaxesminorityinterestandincomelossfromequitymethodinvestments": 101400000,
        "incometaxexpensebenefit": 24000000,
        "incomelossfromcontinuingoperations": 77400000,
        "discontinuedoperationtaxeffectofdiscontinuedoperation": -2000000,
        "incomelossfromdiscontinuedoperationsnetoftaxattributabletoreportingentity": 2000000,
        "netincomeloss": 79400000,
        "incomelossfromcontinuingoperationsperbasicshare": 1.34,
        "discontinuedoperationincomelossfromdiscontinuedoperationnetoftaxperbasicshare": 0.03,
        "earningspersharebasic": 1.37,
        "incomelossfromcontinuingoperationsperdilutedshare": 1.33,
        "discontinuedoperationincomelossfromdiscontinuedoperationnetoftaxperdilutedshare": 0.03,
        "earningspersharediluted": 1.36,
        "weightedaveragenumberofsharesoutstandingbasic": 57547000,
        "weightedaveragenumberofdilutedsharesoutstanding": 57870000,
        "othercomprehensiveincomeforeigncurrencytransactionandtranslationadjustmentnetoftaxportionattributabletoparent": 3900000,
        "othercomprehensiveincomedefinedbenefitplansadjustmentnetoftaxportionattributabletoparent": -700000,
        "othercomprehensiveincomederivativesqualifyingashedgesnetoftaxportionattributabletoparent": 1600000,
        "othercomprehensiveincomelossnetoftaxportionattributabletoparent": 6200000,
        "comprehensiveincomenetoftax": 85600000
    },
    {
        "date": "2018-09-29",
        "symbol": "CSL",
        "period": "Q3",
        "costofgoodsandservicessold": 867100000,
        "sellinggeneralandadministrativeexpense": 164800000,
        "researchanddevelopmentexpense": 12300000,
        "otheroperatingincomeexpensenet": 2800000,
        "operatingincomeloss": 140000000,
        "interestincomeexpensenet": -13000000,
        "othernonoperatingincomeexpense": -5100000,
        "incomelossfromcontinuingoperationsbeforeincometaxesminorityinterestandincomelossfromequitymethodinvestments": 121900000,
        "incometaxexpensebenefit": 25000000,
        "incomelossfromcontinuingoperations": 96900000,
        "discontinuedoperationincomelossfromdiscontinuedoperationbeforeincometax": 2600000,
        "discontinuedoperationtaxeffectofdiscontinuedoperation": -200000,
        "incomelossfromdiscontinuedoperationsnetoftaxattributabletoreportingentity": 2800000,
        "netincomeloss": 99700000,
        "incomelossfromcontinuingoperationsperbasicshare": 1.5900000000000003,
        "discontinuedoperationincomelossfromdiscontinuedoperationnetoftaxperbasicshare": 0.1200000000000001,
        "earningspersharebasic": 1.71,
        "incomelossfromcontinuingoperationsperdilutedshare": 1.58,
        "discontinuedoperationincomelossfromdiscontinuedoperationnetoftaxperdilutedshare": 0.1200000000000001,
        "earningspersharediluted": 1.7000000000000002,
        "weightedaveragenumberofsharesoutstandingbasic": -61613000,
        "weightedaveragenumberofdilutedsharesoutstanding": -62047000,
        "commonstockdividendspersharecashpaid": 0.3999999999999999,
        "othercomprehensiveincomeforeigncurrencytransactionandtranslationadjustmentnetoftaxportionattributabletoparent": -8400000,
        "othercomprehensiveincomedefinedbenefitplansadjustmentnetoftaxportionattributabletoparent": -600000,
        "othercomprehensiveincomederivativesqualifyingashedgesnetoftaxportionattributabletoparent": 0,
        "othercomprehensiveincomelossnetoftaxportionattributabletoparent": -7800000,
        "comprehensiveincomenetoftax": 91900000
    },
    {
        "date": "2018-06-29",
        "symbol": "CSL",
        "period": "Q2",
        "salesrevenuenet": 1236100000,
        "costofgoodsandservicessold": 903900000,
        "sellinggeneralandadministrativeexpense": 159900000,
        "researchanddevelopmentexpense": 14200000,
        "otheroperatingincomeexpensenet": 1600000,
        "operatingincomeloss": 159700000,
        "interestincomeexpensenet": -14200000,
        "othernonoperatingincomeexpense": 700000,
        "incomelossfromcontinuingoperationsbeforeincometaxesminorityinterestandincomelossfromequitymethodinvestments": 146200000,
        "incometaxexpensebenefit": 31500000,
        "incomelossfromcontinuingoperations": 114700000,
        "discontinuedoperationincomelossfromdiscontinuedoperationbeforeincometax": -1300000,
        "discontinuedoperationtaxeffectofdiscontinuedoperation": -300000,
        "incomelossfromdiscontinuedoperationsnetoftaxattributabletoreportingentity": -1000000,
        "netincomeloss": 113700000,
        "incomelossfromcontinuingoperationsperbasicshare": 1.88,
        "discontinuedoperationincomelossfromdiscontinuedoperationnetoftaxperbasicshare": -0.02,
        "earningspersharebasic": 1.86,
        "incomelossfromcontinuingoperationsperdilutedshare": 1.87,
        "discontinuedoperationincomelossfromdiscontinuedoperationnetoftaxperdilutedshare": -0.02,
        "earningspersharediluted": 1.85,
        "weightedaveragenumberofsharesoutstandingbasic": 60641000,
        "weightedaveragenumberofdilutedsharesoutstanding": 61059000,
        "commonstockdividendspersharecashpaid": 0.37,
        "othercomprehensiveincomeforeigncurrencytransactionandtranslationadjustmentnetoftaxportionattributabletoparent": -35400000,
        "othercomprehensiveincomedefinedbenefitplansadjustmentnetoftaxportionattributabletoparent": -1100000,
        "othercomprehensiveincomederivativesqualifyingashedgesnetoftaxportionattributabletoparent": 300000,
        "othercomprehensiveincomelossnetoftaxportionattributabletoparent": -34000000,
        "comprehensiveincomenetoftax": 79700000
    },
    {
        "date": "2018-03-30",
        "symbol": "CSL",
        "period": "Q1",
        "salesrevenuenet": 984700000,
        "costofgoodsandservicessold": 735300000,
        "sellinggeneralandadministrativeexpense": 148600000,
        "researchanddevelopmentexpense": 13900000,
        "otheroperatingincomeexpensenet": 7800000,
        "operatingincomeloss": 94700000,
        "interestincomeexpensenet": -14500000,
        "othernonoperatingincomeexpense": -1900000,
        "incomelossfromcontinuingoperationsbeforeincometaxesminorityinterestandincomelossfromequitymethodinvestments": 78300000,
        "incometaxexpensebenefit": 20400000,
        "incomelossfromcontinuingoperations": 57900000,
        "discontinuedoperationincomelossfromdiscontinuedoperationbeforeincometax": 299000000,
        "discontinuedoperationtaxeffectofdiscontinuedoperation": 47300000,
        "incomelossfromdiscontinuedoperationsnetoftaxattributabletoreportingentity": 251700000,
        "netincomeloss": 309600000,
        "incomelossfromcontinuingoperationsperbasicshare": 0.93,
        "discontinuedoperationincomelossfromdiscontinuedoperationnetoftaxperbasicshare": 4.05,
        "earningspersharebasic": 4.98,
        "incomelossfromcontinuingoperationsperdilutedshare": 0.92,
        "discontinuedoperationincomelossfromdiscontinuedoperationnetoftaxperdilutedshare": 4.02,
        "earningspersharediluted": 4.94,
        "weightedaveragenumberofsharesoutstandingbasic": 61684000,
        "weightedaveragenumberofdilutedsharesoutstanding": 62164000,
        "commonstockdividendspersharecashpaid": 0.37,
        "othercomprehensiveincomeforeigncurrencytransactionandtranslationadjustmentnetoftaxportionattributabletoparent": 22200000,
        "othercomprehensiveincomedefinedbenefitplansadjustmentnetoftaxportionattributabletoparent": -900000,
        "othercomprehensiveincomederivativesqualifyingashedgesnetoftaxportionattributabletoparent": 200000,
        "othercomprehensiveincomelossnetoftaxportionattributabletoparent": 23300000,
        "comprehensiveincomenetoftax": 332900000
    },
    {
        "date": "2017-12-30",
        "symbol": "CSL",
        "period": "Q4",
        "salesrevenuenet": 1071800000,
        "costofgoodsandservicessold": 797000000,
        "sellinggeneralandadministrativeexpense": 155900000,
        "researchanddevelopmentexpense": 14700000,
        "otheroperatingincomeexpensenet": 3100000,
        "operatingincomeloss": 107300000,
        "incomelossfromcontinuingoperationsbeforeincometaxesminorityinterestandincomelossfromequitymethodinvestments": 91200000,
        "incometaxexpensebenefit": -23900000,
        "incomelossfromcontinuingoperations": 115100000,
        "discontinuedoperationincomelossfromdiscontinuedoperationbeforeincometax": 0,
        "netincomeloss": 115100000,
        "incomelossfromcontinuingoperationsperbasicshare": 1.84,
        "earningspersharebasic": 1.84,
        "incomelossfromcontinuingoperationsperdilutedshare": 1.8199999999999998,
        "earningspersharediluted": 1.8199999999999998,
        "weightedaveragenumberofsharesoutstandingbasic": -430000,
        "weightedaveragenumberofdilutedsharesoutstanding": -365000,
        "commonstockdividendspersharecashpaid": 0.3699999999999999,
        "othercomprehensiveincomeforeigncurrencytransactionandtranslationadjustmentnetoftaxportionattributabletoparent": 2000000,
        "othercomprehensiveincomedefinedbenefitplansadjustmentnetoftaxportionattributabletoparent": 6400000,
        "othercomprehensiveincomederivativesqualifyingashedgesnetoftaxportionattributabletoparent": -4000000,
        "othercomprehensiveincomelossnetoftaxportionattributabletoparent": -8400000,
        "comprehensiveincomenetoftax": 106700000
    },
    {
        "date": "2017-09-29",
        "symbol": "CSL",
        "period": "Q3",
        "salesrevenuenet": 1089100000,
        "costofgoodsandservicessold": 777600000,
        "sellinggeneralandadministrativeexpense": 152200000,
        "researchanddevelopmentexpense": 13500000,
        "otheroperatingincomeexpensenet": -2900000,
        "operatingincomeloss": 142900000,
        "incomelossfromcontinuingoperationsbeforeincometaxesminorityinterestandincomelossfromequitymethodinvestments": 135200000,
        "incometaxexpensebenefit": 48800000,
        "incomelossfromcontinuingoperations": 86400000,
        "discontinuedoperationincomelossfromdiscontinuedoperationbeforeincometax": -100000,
        "discontinuedoperationtaxeffectofdiscontinuedoperation": 0,
        "netincomeloss": 86300000,
        "incomelossfromcontinuingoperationsperbasicshare": 1.3800000000000001,
        "earningspersharebasic": 1.3800000000000001,
        "incomelossfromcontinuingoperationsperdilutedshare": 1.37,
        "earningspersharediluted": 1.37,
        "weightedaveragenumberofsharesoutstandingbasic": -545000,
        "weightedaveragenumberofdilutedsharesoutstanding": -557000,
        "dividendscash": 23200000,
        "commonstockdividendspersharecashpaid": 0.3700000000000001,
        "othercomprehensiveincomeforeigncurrencytransactionandtranslationadjustmentnetoftaxportionattributabletoparent": 13400000,
        "othercomprehensiveincomedefinedbenefitplansadjustmentnetoftaxportionattributabletoparent": -400000,
        "othercomprehensiveincomederivativesqualifyingashedgesnetoftaxportionattributabletoparent": -200000,
        "othercomprehensiveincomelossnetoftaxportionattributabletoparent": 13600000,
        "comprehensiveincomenetoftax": 99900000
    },
    {
        "date": "2017-06-29",
        "symbol": "CSL",
        "period": "Q2",
        "salesrevenuenet": 1071700000,
        "costofgoodsandservicessold": 757700000,
        "sellinggeneralandadministrativeexpense": 141600000,
        "researchanddevelopmentexpense": 13900000,
        "otheroperatingincomeexpensenet": 300000,
        "operatingincomeloss": 158800000,
        "incomelossfromcontinuingoperationsbeforeincometaxesminorityinterestandincomelossfromequitymethodinvestments": 151700000,
        "incometaxexpensebenefit": 49400000,
        "incomelossfromcontinuingoperations": 102300000,
        "discontinuedoperationincomelossfromdiscontinuedoperationbeforeincometax": -100000,
        "discontinuedoperationtaxeffectofdiscontinuedoperation": -100000,
        "incomelossfromdiscontinuedoperationsnetoftaxattributabletoreportingentity": 0,
        "netincomeloss": 102300000,
        "incomelossfromcontinuingoperationsperbasicshare": 1.5799999999999998,
        "earningspersharebasic": 1.5799999999999998,
        "incomelossfromcontinuingoperationsperdilutedshare": 1.58,
        "earningspersharediluted": 1.58,
        "weightedaveragenumberofsharesoutstandingbasic": -305000,
        "weightedaveragenumberofdilutedsharesoutstanding": -375000,
        "dividendscash": 23100000,
        "commonstockdividendspersharecashpaid": 0.35,
        "othercomprehensiveincomeforeigncurrencytransactionandtranslationadjustmentnetoftaxportionattributabletoparent": 19800000,
        "othercomprehensiveincomedefinedbenefitplansadjustmentnetoftaxportionattributabletoparent": -400000,
        "othercomprehensiveincomederivativesqualifyingashedgesnetoftaxportionattributabletoparent": -600000,
        "othercomprehensiveincomelossnetoftaxportionattributabletoparent": 19600000,
        "comprehensiveincomenetoftax": 121900000
    },
    {
        "date": "2017-03-30",
        "symbol": "CSL",
        "period": "Q1",
        "salesrevenuenet": 857300000,
        "costofgoodsandservicessold": 609600000,
        "sellinggeneralandadministrativeexpense": 139700000,
        "researchanddevelopmentexpense": 12800000,
        "otheroperatingincomeexpensenet": 1500000,
        "operatingincomeloss": 96700000,
        "interestexpensenet": -6600000,
        "incomelossfromcontinuingoperationsbeforeincometaxesminorityinterestandincomelossfromequitymethodinvestments": 90100000,
        "incometaxexpensebenefit": 28600000,
        "incomelossfromcontinuingoperations": 61500000,
        "discontinuedoperationincomelossfromdiscontinuedoperationbeforeincometax": 500000,
        "discontinuedoperationtaxeffectofdiscontinuedoperation": 200000,
        "incomelossfromdiscontinuedoperationsnetoftaxattributabletoreportingentity": 300000,
        "netincomeloss": 61800000,
        "incomelossfromcontinuingoperationsperbasicshare": 0.95,
        "earningspersharebasic": 0.95,
        "incomelossfromcontinuingoperationsperdilutedshare": 0.94,
        "earningspersharediluted": 0.94,
        "weightedaveragenumberofsharesoutstandingbasic": 64353000,
        "weightedaveragenumberofdilutedsharesoutstanding": 64848000,
        "dividendscash": 22700000,
        "commonstockdividendspersharecashpaid": 0.35,
        "othercomprehensiveincomeforeigncurrencytransactionandtranslationadjustmentnetoftaxportionattributabletoparent": 11400000,
        "othercomprehensiveincomedefinedbenefitplansadjustmentnetoftaxportionattributabletoparent": -400000,
        "othercomprehensiveincomederivativesqualifyingashedgesnetoftaxportionattributabletoparent": -100000,
        "othercomprehensiveincomelossnetoftaxportionattributabletoparent": 11700000,
        "comprehensiveincomenetoftax": 73500000
    },
    {
        "date": "2014-09-29",
        "symbol": "CSL",
        "period": "Q3",
        "salesrevenuenet": 904100000,
        "costofgoodsandservicessold": 667000000,
        "sellinggeneralandadministrativeexpense": 94400000,
        "researchanddevelopmentexpense": 8600000,
        "otheroperatingincomeexpensenet": -100000,
        "operatingincomeloss": 134000000,
        "interestexpensenet": -7700000,
        "incomelossfromcontinuingoperationsbeforeincometaxesminorityinterestandincomelossfromequitymethodinvestments": 126300000,
        "incometaxexpensebenefit": 40000000,
        "incomelossfromcontinuingoperations": 86300000,
        "discontinuedoperationincomelossfromdiscontinuedoperationbeforeincometax": -600000,
        "discontinuedoperationtaxeffectofdiscontinuedoperation": -1600000,
        "incomelossfromdiscontinuedoperationsnetoftaxattributabletoreportingentity": 1000000,
        "netincomeloss": 87300000,
        "incomelossfromcontinuingoperationsperbasicshare": 1.34,
        "incomelossfromdiscontinuedoperationsnetoftaxperbasicshare": 0.01,
        "earningspersharebasic": 1.35,
        "incomelossfromcontinuingoperationsperdilutedshare": 1.31,
        "incomelossfromdiscontinuedoperationsnetoftaxperdilutedshare": 0.01,
        "earningspersharediluted": 1.32,
        "weightedaveragenumberofsharesoutstandingbasic": 64149000,
        "weightedaveragenumberofdilutedsharesoutstanding": 65447000,
        "dividendscash": 16200000,
        "commonstockdividendspersharecashpaid": 0.25,
        "othercomprehensiveincomeforeigncurrencytransactionandtranslationadjustmentnetoftaxportionattributabletoparent": -18100000,
        "othercomprehensiveincomedefinedbenefitplansadjustmentnetoftaxportionattributabletoparent": -700000,
        "othercomprehensiveincomederivativesqualifyingashedgesnetoftaxportionattributabletoparent": -100000,
        "othercomprehensiveincomelossnetoftaxportionattributabletoparent": -17500000,
        "comprehensiveincomenetoftax": 69800000
    },
    {
        "date": "2014-06-29",
        "symbol": "CSL",
        "period": "Q2",
        "salesrevenuenet": 859500000,
        "costofgoodsandservicessold": 635000000,
        "sellinggeneralandadministrativeexpense": 95400000,
        "researchanddevelopmentexpense": 8400000,
        "otheroperatingincomeexpensenet": 1600000,
        "operatingincomeloss": 201200000,
        "interestexpensenet": -8000000,
        "incomelossfromcontinuingoperationsbeforeincometaxesminorityinterestandincomelossfromequitymethodinvestments": 114300000,
        "incometaxexpensebenefit": 38700000,
        "incomelossfromcontinuingoperations": 75600000,
        "discontinuedoperationincomelossfromdiscontinuedoperationbeforeincometax": -100000,
        "discontinuedoperationtaxeffectofdiscontinuedoperation": 300000,
        "incomelossfromdiscontinuedoperationsnetoftaxattributabletoreportingentity": -400000,
        "netincomeloss": 75200000,
        "incomelossfromcontinuingoperationsperbasicshare": 1.1600000000000001,
        "incomelossfromdiscontinuedoperationsnetoftaxperbasicshare": 0,
        "earningspersharebasic": 1.16,
        "incomelossfromcontinuingoperationsperdilutedshare": 1.14,
        "incomelossfromdiscontinuedoperationsnetoftaxperdilutedshare": 0,
        "earningspersharediluted": 1.14,
        "weightedaveragenumberofsharesoutstandingbasic": 112000,
        "weightedaveragenumberofdilutedsharesoutstanding": 240000,
        "dividendscash": 14600000,
        "commonstockdividendspersharecashpaid": 0.22,
        "othercomprehensiveincomeforeigncurrencytransactionandtranslationadjustmentnetoftaxportionattributabletoparent": -1300000,
        "othercomprehensiveincomedefinedbenefitplansadjustmentnetoftaxportionattributabletoparent": 0,
        "othercomprehensiveincomederivativesqualifyingashedgesnetoftaxportionattributabletoparent": -100000,
        "othercomprehensiveincomelossnetoftaxportionattributabletoparent": -1400000,
        "comprehensiveincomenetoftax": 73800000
    },
    {
        "date": "2014-03-30",
        "symbol": "CSL",
        "period": "Q1",
        "salesrevenuenet": 650400000,
        "costofgoodsandservicessold": 488300000,
        "sellinggeneralandadministrativeexpense": 92200000,
        "researchanddevelopmentexpense": 8000000,
        "otheroperatingincomeexpensenet": 1100000,
        "operatingincomeloss": -15900000,
        "interestexpensenet": -8000000,
        "incomelossfromcontinuingoperationsbeforeincometaxesminorityinterestandincomelossfromequitymethodinvestments": 55000000,
        "incometaxexpensebenefit": 18500000,
        "incomelossfromcontinuingoperations": 36500000,
        "discontinuedoperationincomelossfromdiscontinuedoperationbeforeincometax": -1100000,
        "discontinuedoperationtaxeffectofdiscontinuedoperation": -400000,
        "incomelossfromdiscontinuedoperationsnetoftaxattributabletoreportingentity": -700000,
        "netincomeloss": 35800000,
        "incomelossfromcontinuingoperationsperbasicshare": 0.57,
        "incomelossfromdiscontinuedoperationsnetoftaxperbasicshare": -0.01,
        "earningspersharebasic": 0.56,
        "incomelossfromcontinuingoperationsperdilutedshare": 0.56,
        "incomelossfromdiscontinuedoperationsnetoftaxperdilutedshare": -0.01,
        "earningspersharediluted": 0.55,
        "weightedaveragenumberofsharesoutstandingbasic": 63878000,
        "weightedaveragenumberofdilutedsharesoutstanding": 65089000,
        "dividendscash": 14200000,
        "commonstockdividendspersharecashpaid": 0.22,
        "othercomprehensiveincomeforeigncurrencytransactionandtranslationadjustmentnetoftaxportionattributabletoparent": 3000000,
        "othercomprehensiveincomedefinedbenefitplansadjustmentnetoftaxportionattributabletoparent": -600000,
        "othercomprehensiveincomederivativesqualifyingashedgesnetoftaxportionattributabletoparent": -100000,
        "othercomprehensiveincomelossnetoftaxportionattributabletoparent": 3500000,
        "comprehensiveincomenetoftax": 39300000
    },
    {
        "date": "2013-06-29",
        "symbol": "CSL",
        "period": "Q2",
        "salesrevenuenet": 996100000,
        "costofgoodsandservicessold": 755900000,
        "sellinggeneralandadministrativeexpense": 106600000,
        "researchanddevelopmentexpense": 9200000,
        "othercostandexpenseoperating": 1900000,
        "operatingincomeloss": 22500000,
        "interestexpensenet": -8600000,
        "incomelossfromcontinuingoperationsbeforeincometaxesminorityinterestandincomelossfromequitymethodinvestments": 13900000,
        "incometaxexpensebenefit": 5700000,
        "incomelossfromcontinuingoperations": 8200000,
        "discontinuedoperationincomelossfromdiscontinuedoperationbeforeincometax": 0,
        "incomelossfromdiscontinuedoperationsnetoftaxattributabletoreportingentity": 0,
        "netincomeloss": 8200000,
        "incomelossfromcontinuingoperationsperbasicshare": 0.13,
        "earningspersharebasic": 0.13,
        "incomelossfromcontinuingoperationsperdilutedshare": 0.13,
        "earningspersharediluted": 0.13,
        "weightedaveragenumberofsharesoutstandingbasic": 90000,
        "weightedaveragenumberofdilutedsharesoutstanding": -99000,
        "dividendscash": 12800000,
        "commonstockdividendspersharecashpaid": 0.2,
        "othercomprehensiveincomeforeigncurrencytransactionandtranslationadjustmentnetoftaxportionattributabletoparent": -100000,
        "othercomprehensiveincomedefinedbenefitplansadjustmentnetoftaxportionattributabletoparent": -1000000,
        "othercomprehensiveincomederivativesqualifyingashedgesnetoftaxportionattributabletoparent": -100000,
        "othercomprehensiveincomelossnetoftaxportionattributabletoparent": 800000,
        "comprehensiveincomenetoftax": 9000000
    },
    {
        "date": "2013-03-30",
        "symbol": "CSL",
        "period": "Q1",
        "salesrevenuenet": 857000000,
        "costofgoodsandservicessold": 669400000,
        "sellinggeneralandadministrativeexpense": 108800000,
        "researchanddevelopmentexpense": 9400000,
        "othercostandexpenseoperating": -700000,
        "operatingincomeloss": 70100000,
        "interestexpensenet": -8300000,
        "incomelossfromcontinuingoperationsbeforeincometaxesminorityinterestandincomelossfromequitymethodinvestments": 61800000,
        "incometaxexpensebenefit": 6500000,
        "incomelossfromcontinuingoperations": 55300000,
        "discontinuedoperationincomelossfromdiscontinuedoperationbeforeincometax": -100000,
        "incomelossfromdiscontinuedoperationsnetoftaxattributabletoreportingentity": -100000,
        "netincomeloss": 55200000,
        "incomelossfromcontinuingoperationsperbasicshare": 0.87,
        "earningspersharebasic": 0.87,
        "incomelossfromcontinuingoperationsperdilutedshare": 0.85,
        "earningspersharediluted": 0.85,
        "weightedaveragenumberofsharesoutstandingbasic": 63253000,
        "weightedaveragenumberofdilutedsharesoutstanding": 64719000,
        "dividendscash": 12800000,
        "commonstockdividendspersharecashpaid": 0.2,
        "othercomprehensiveincomeforeigncurrencytransactionandtranslationadjustmentnetoftaxportionattributabletoparent": -10300000,
        "othercomprehensiveincomedefinedbenefitplansadjustmentnetoftaxportionattributabletoparent": -1400000,
        "othercomprehensiveincomederivativesqualifyingashedgesnetoftaxportionattributabletoparent": -100000,
        "othercomprehensiveincomelossnetoftaxportionattributabletoparent": -9000000,
        "comprehensiveincomenetoftax": 46200000
    },
    {
        "date": "2012-12-30",
        "symbol": "CSL",
        "period": "Q4",
        "salesrevenuenet": -2540500000,
        "costofgoodsandservicessold": 640500000,
        "sellinggeneralandadministrativeexpense": 113100000,
        "researchanddevelopmentexpense": 8600000,
        "othercostandexpenseoperating": 6200000,
        "operatingincomeloss": -405700000,
        "interestexpensenet": -6300000,
        "incomelossfromcontinuingoperationsbeforeincometaxesminorityinterestandincomelossfromequitymethodinvestments": 70900000,
        "incometaxexpensebenefit": 22800000,
        "incomelossfromcontinuingoperations": 48100000,
        "netincomeloss": 47800000,
        "incomelossfromcontinuingoperationsperbasicshare": 0.75,
        "earningspersharebasic": 0.75,
        "incomelossfromcontinuingoperationsperdilutedshare": 0.7499999999999998,
        "earningspersharediluted": 0.7399999999999995,
        "othercomprehensiveincomeforeigncurrencytransactionandtranslationadjustmentnetoftaxportionattributabletoparent": 2900000,
        "othercomprehensiveincomedefinedbenefitplansadjustmentnetoftaxportionattributabletoparent": -4200000,
        "othercomprehensiveincomederivativesqualifyingashedgesnetoftaxportionattributabletoparent": 0,
        "othercomprehensiveincomelossnetoftaxportionattributabletoparent": 7100000,
        "comprehensiveincomenetoftax": 54900000
    },
    {
        "date": "2012-09-29",
        "symbol": "CSL",
        "period": "Q3",
        "salesrevenuenet": 1831200000,
        "costofgoodsandservicessold": 683900000,
        "sellinggeneralandadministrativeexpense": 101100000,
        "researchanddevelopmentexpense": 8100000,
        "othercostandexpenseoperating": 6200000,
        "operatingincomeloss": 344900000,
        "interestexpensenet": -6200000,
        "incomelossfromcontinuingoperationsbeforeincometaxesminorityinterestandincomelossfromequitymethodinvestments": 104400000,
        "incometaxexpensebenefit": 34600000,
        "incomelossfromcontinuingoperations": 69800000,
        "netincomeloss": 69600000,
        "incomelossfromcontinuingoperationsperbasicshare": 1.12,
        "earningspersharebasic": 1.1099999999999999,
        "incomelossfromcontinuingoperationsperdilutedshare": 1.1,
        "earningspersharediluted": 1.0900000000000003,
        "weightedaveragenumberofsharesoutstandingbasic": -61985000,
        "weightedaveragenumberofdilutedsharesoutstanding": -63506000,
        "commonstockdividendspersharecashpaid": 0.20000000000000007,
        "othercomprehensiveincomeforeigncurrencytransactionandtranslationadjustmentnetoftaxportionattributabletoparent": 4700000,
        "othercomprehensiveincomedefinedbenefitplansadjustmentnetoftaxportionattributabletoparent": -800000,
        "othercomprehensiveincomederivativesqualifyingashedgesnetoftaxportionattributabletoparent": -100000,
        "othercomprehensiveincomelossnetoftaxportionattributabletoparent": 5400000,
        "comprehensiveincomenetoftax": 75000000
    },
    {
        "date": "2012-06-29",
        "symbol": "CSL",
        "period": "Q2",
        "salesrevenuenet": 63300000,
        "costofgoodsandservicessold": 729200000,
        "sellinggeneralandadministrativeexpense": 106000000,
        "researchanddevelopmentexpense": 8500000,
        "othercostandexpenseoperating": 600000,
        "operatingincomeloss": 100000,
        "interestexpensenet": -6500000,
        "incomelossfromcontinuingoperationsbeforeincometaxesminorityinterestandincomelossfromequitymethodinvestments": 133800000,
        "incometaxexpensebenefit": 44400000,
        "incomelossfromcontinuingoperations": 89400000,
        "discontinuedoperationincomelossfromdiscontinuedoperationbeforeincometax": 3600000,
        "discontinuedoperationtaxeffectofdiscontinuedoperation": 200000,
        "incomelossfromdiscontinuedoperationsnetoftaxattributabletoreportingentity": 3400000,
        "netincomeloss": 92800000,
        "incomelossfromcontinuingoperationsperbasicshare": 1.42,
        "incomelossfromdiscontinuedoperationsnetoftaxperbasicshare": 0.06,
        "earningspersharebasic": 1.48,
        "incomelossfromcontinuingoperationsperdilutedshare": 1.39,
        "incomelossfromdiscontinuedoperationsnetoftaxperdilutedshare": 0.06,
        "earningspersharediluted": 1.45,
        "weightedaveragenumberofsharesoutstandingbasic": 62419000,
        "weightedaveragenumberofdilutedsharesoutstanding": 63797000,
        "dividendscash": 11300000,
        "commonstockdividendspersharecashpaid": 0.18,
        "othercomprehensiveincomeforeigncurrencytransactionandtranslationadjustmentnetoftaxportionattributabletoparent": -8700000,
        "othercomprehensiveincomedefinedbenefitplansadjustmentnetoftaxportionattributabletoparent": -800000,
        "othercomprehensiveincomederivativesqualifyingashedgesnetoftaxportionattributabletoparent": -100000,
        "othercomprehensiveincomelossnetoftaxportionattributabletoparent": -8000000,
        "comprehensiveincomenetoftax": 84800000
    },
    {
        "date": "2012-03-30",
        "symbol": "CSL",
        "period": "Q1",
        "salesrevenuenet": 889300000,
        "costofgoodsandservicessold": 678100000,
        "sellinggeneralandadministrativeexpense": 107500000,
        "researchanddevelopmentexpense": 7800000,
        "othercostandexpenseoperating": -300000,
        "operatingincomeloss": 2100000,
        "interestexpensenet": -6500000,
        "incomelossfromcontinuingoperationsbeforeincometaxesminorityinterestandincomelossfromequitymethodinvestments": 89700000,
        "incometaxexpensebenefit": 29700000,
        "incomelossfromcontinuingoperations": 60000000,
        "netincomeloss": 60000000,
        "incomelossfromcontinuingoperationsperbasicshare": 0.96,
        "earningspersharebasic": 0.96,
        "incomelossfromcontinuingoperationsperdilutedshare": 0.94,
        "earningspersharediluted": 0.94,
        "weightedaveragenumberofsharesoutstandingbasic": 61913000,
        "weightedaveragenumberofdilutedsharesoutstanding": 63229000,
        "commonstockdividendspersharedeclared": 11.2,
        "commonstockdividendspersharecashpaid": 0.18,
        "othercomprehensiveincomeforeigncurrencytransactionandtranslationadjustmentnetoftaxportionattributabletoparent": 4300000,
        "othercomprehensiveincomedefinedbenefitplansadjustmentnetoftaxportionattributabletoparent": -800000,
        "othercomprehensiveincomederivativesqualifyingashedgesnetoftaxportionattributabletoparent": -100000,
        "othercomprehensiveincomelossnetoftaxportionattributabletoparent": 5000000,
        "comprehensiveincomenetoftax": 65000000
    },
    {
        "date": "2011-06-29",
        "symbol": "CSL",
        "period": "Q2",
        "salesrevenuenet": 870800000,
        "costofgoodsandservicessold": 687100000,
        "sellinggeneralandadministrativeexpense": 92200000,
        "researchanddevelopmentexpense": 7300000,
        "othercostandexpenseoperating": -1200000,
        "operatingincomeloss": 85400000,
        "interestexpensenet": 4900000,
        "incomelossfromcontinuingoperationsbeforeincometaxesminorityinterestandincomelossfromequitymethodinvestments": 80500000,
        "incometaxexpensebenefit": 25200000,
        "incomelossfromcontinuingoperationsincludingportionattributabletononcontrollinginterest": 55300000,
        "discontinuedoperationincomelossfromdiscontinuedoperationbeforeincometax": -700000,
        "discontinuedoperationtaxeffectofdiscontinuedoperation": -600000,
        "incomelossfromdiscontinuedoperationsnetoftax": -700000,
        "profitloss": 54600000,
        "incomelossfromcontinuingoperationsperbasicshare": 0.89,
        "incomelossfromdiscontinuedoperationsnetoftaxperbasicshare": -0.01,
        "earningspersharebasic": 0.88,
        "incomelossfromcontinuingoperationsperdilutedshare": 0.87,
        "incomelossfromdiscontinuedoperationsnetoftaxperdilutedshare": -0.01,
        "earningspersharediluted": 0.86,
        "weightedaveragenumberofsharesoutstandingbasic": 61449000,
        "weightedaveragenumberofdilutedsharesoutstanding": 62701000,
        "netincomelossfromcontinuingoperationsavailabletocommonstockholdersbasicanddiluted": 54800000,
        "netincomelossavailabletocommonstockholdersbasicanddiluted": 54100000,
        "commonstockdividendspersharedeclared": 10.6,
        "commonstockdividendspersharecashpaid": 0.17
    },
    {
        "date": "2011-03-30",
        "symbol": "CSL",
        "period": "Q1",
        "salesrevenuenet": 693600000,
        "costofgoodsandservicessold": 546500000,
        "sellinggeneralandadministrativeexpense": 85700000,
        "researchanddevelopmentexpense": 7000000,
        "othercostandexpenseoperating": -800000,
        "operatingincomeloss": 55200000,
        "interestexpensenet": 5100000,
        "incomelossfromcontinuingoperationsbeforeincometaxesminorityinterestandincomelossfromequitymethodinvestments": 50100000,
        "incometaxexpensebenefit": 16800000,
        "incomelossfromcontinuingoperationsincludingportionattributabletononcontrollinginterest": 33300000,
        "discontinuedoperationincomelossfromdiscontinuedoperationbeforeincometax": 100000,
        "incomelossfromdiscontinuedoperationsnetoftax": 100000,
        "profitloss": 33400000,
        "incomelossfromcontinuingoperationsperbasicshare": 0.54,
        "earningspersharebasic": 0.54,
        "incomelossfromcontinuingoperationsperdilutedshare": 0.53,
        "earningspersharediluted": 0.53,
        "commonstockdividendspersharecashpaid": 0.17
    },
    {
        "date": "2010-09-29",
        "symbol": "CSL",
        "period": "Q3",
        "salesrevenuenet": 665900000,
        "costofgoodsandservicessold": 522300000,
        "sellinggeneralandadministrativeexpense": 71500000,
        "researchanddevelopmentexpense": 6000000,
        "othercostandexpenseoperating": -400000,
        "operatingincomeloss": 66500000,
        "interestexpensenet": 1400000,
        "incomelossfromcontinuingoperationsbeforeincometaxesminorityinterestandincomelossfromequitymethodinvestments": 65100000,
        "incometaxexpensebenefit": 18300000,
        "incomelossfromcontinuingoperationsincludingportionattributabletononcontrollinginterest": 46800000,
        "discontinuedoperationincomelossfromdiscontinuedoperationbeforeincometax": 5600000,
        "discontinuedoperationtaxeffectofdiscontinuedoperation": 1900000,
        "incomelossfromdiscontinuedoperationsnetoftax": 3700000,
        "profitloss": 50500000,
        "incomelossfromcontinuingoperationsperbasicshare": 0.76,
        "incomelossfromdiscontinuedoperationsnetoftaxperbasicshare": 0.06,
        "earningspersharebasic": 0.82,
        "incomelossfromcontinuingoperationsperdilutedshare": 0.75,
        "incomelossfromdiscontinuedoperationsnetoftaxperdilutedshare": 0.06,
        "earningspersharediluted": 0.81,
        "commonstockdividendspersharecashpaid": 0.17
    }
]