[
    {
        "date": "2024-09-29",
        "symbol": "UPS",
        "period": "Q3",
        "revenuefromcontractwithcustomerexcludingassessedtax": 22245000000,
        "laborandrelatedexpense": 11955000000,
        "repairsandmaintenance": 713000000,
        "depreciationandamortization": 905000000,
        "purchasedtransportation": 3375000000,
        "fuelcosts": 1068000000,
        "costofotherpropertyoperatingexpense": 517000000,
        "othercostandexpenseoperating": 1727000000,
        "costsandexpenses": 20260000000,
        "operatingincomeloss": 1985000000,
        "investmentincomenet": -38000000,
        "interestexpensenonoperating": 1000000,
        "nonoperatingincomeexpense": -75000000,
        "incomelossfromcontinuingoperationsbeforeincometaxesextraordinaryitemsnoncontrollinginterest": 1910000000,
        "incometaxexpensebenefit": -9000000,
        "netincomeloss": 1539000000,
        "earningspersharebasic": 1.8,
        "earningspersharediluted": 1.8,
        "othercomprehensiveincomelossforeigncurrencytransactionandtranslationadjustmentnetoftax": 211000000,
        "othercomprehensiveincomeunrealizedholdinggainlossonsecuritiesarisingduringperiodnetoftax": 2000000,
        "othercomprehensiveincomelosscashflowhedgegainlossafterreclassificationandtax": -139000000,
        "othercomprehensiveincomelosspensionandotherpostretirementbenefitplansadjustmentnetoftax": -29000000,
        "comprehensiveincomenetoftax": 1642000000
    },
    {
        "date": "2024-03-30",
        "symbol": "UPS",
        "period": "Q1",
        "revenuefromcontractwithcustomerexcludingassessedtax": 21706000000,
        "laborandrelatedexpense": 11639000000,
        "repairsandmaintenance": 718000000,
        "depreciationandamortization": 898000000,
        "purchasedtransportation": 3246000000,
        "fuelcosts": 1060000000,
        "costofotherpropertyoperatingexpense": 564000000,
        "othercostandexpenseoperating": 1968000000,
        "costsandexpenses": 20093000000,
        "operatingincomeloss": 1613000000,
        "investmentincomenet": 118000000,
        "interestexpense": 195000000,
        "nonoperatingincomeexpense": -77000000,
        "incomelossfromcontinuingoperationsbeforeincometaxesextraordinaryitemsnoncontrollinginterest": 1536000000,
        "incometaxexpensebenefit": 423000000,
        "netincomeloss": 1113000000,
        "earningspersharebasic": 1.3,
        "earningspersharediluted": 1.3,
        "othercomprehensiveincomelossforeigncurrencytransactionandtranslationadjustmentnetoftax": -125000000,
        "othercomprehensiveincomeunrealizedholdinggainlossonsecuritiesarisingduringperiodnetoftax": -1000000,
        "othercomprehensiveincomelosscashflowhedgegainlossafterreclassificationandtax": 73000000,
        "othercomprehensiveincomelosspensionandotherpostretirementbenefitplansadjustmentnetoftax": -30000000,
        "comprehensiveincomenetoftax": 1090000000
    },
    {
        "date": "2023-12-30",
        "symbol": "UPS",
        "period": "Q4",
        "revenuefromcontractwithcustomerexcludingassessedtax": 63258000000,
        "laborandrelatedexpense": 12901000000,
        "repairsandmaintenance": 1933000000,
        "depreciationandamortization": 867000000,
        "purchasedtransportation": 3817000000,
        "fuelcosts": 1282000000,
        "costofotherpropertyoperatingexpense": 529000000,
        "othercostandexpenseoperating": 6367000000,
        "costsandexpenses": 22440000000,
        "operatingincomeloss": 7256000000,
        "investmentincomenet": -207000000,
        "interestexpense": 207000000,
        "nonoperatingincomeexpense": -414000000,
        "incomelossfromcontinuingoperationsbeforeincometaxesextraordinaryitemsnoncontrollinginterest": 2063000000,
        "incometaxexpensebenefit": 458000000,
        "netincomeloss": 1605000000,
        "earningspersharebasic": 1.88,
        "earningspersharediluted": 1.8800000000000003,
        "othercomprehensiveincomelossforeigncurrencytransactionandtranslationadjustmentnetoftax": 197000000,
        "othercomprehensiveincomeunrealizedholdinggainlossonsecuritiesarisingduringperiodnetoftax": 22000000,
        "othercomprehensiveincomelosspensionandotherpostretirementbenefitplansadjustmentnetoftax": 2235000000,
        "comprehensiveincomenetoftax": -613000000
    },
    {
        "date": "2023-09-29",
        "symbol": "UPS",
        "period": "Q3",
        "revenuefromcontractwithcustomerexcludingassessedtax": 21061000000,
        "laborandrelatedexpense": 11528000000,
        "repairsandmaintenance": 719000000,
        "depreciationandamortization": 837000000,
        "purchasedtransportation": 3118000000,
        "fuelcosts": 1132000000,
        "costofotherpropertyoperatingexpense": 481000000,
        "othercostandexpenseoperating": 1903000000,
        "costsandexpenses": 19718000000,
        "operatingincomeloss": 1343000000,
        "investmentincomenet": 124000000,
        "interestexpense": 199000000,
        "nonoperatingincomeexpense": -75000000,
        "incomelossfromcontinuingoperationsbeforeincometaxesextraordinaryitemsnoncontrollinginterest": 1268000000,
        "incometaxexpensebenefit": 141000000,
        "netincomeloss": 1127000000,
        "earningspersharebasic": 1.31,
        "earningspersharediluted": 1.31,
        "othercomprehensiveincomelossforeigncurrencytransactionandtranslationadjustmentnetoftax": -96000000,
        "othercomprehensiveincomeunrealizedholdinggainlossonsecuritiesarisingduringperiodnetoftax": -2000000,
        "othercomprehensiveincomelosscashflowhedgegainlossbeforereclassificationaftertax": 111000000,
        "othercomprehensiveincomelosspensionandotherpostretirementbenefitplansadjustmentnetoftax": -21000000,
        "comprehensiveincomenetoftax": 1161000000
    },
    {
        "date": "2023-06-29",
        "symbol": "UPS",
        "period": "Q2",
        "revenuefromcontractwithcustomerexcludingassessedtax": 3244000000,
        "laborandrelatedexpense": 11197000000,
        "repairsandmaintenance": 93000000,
        "depreciationandamortization": 828000000,
        "purchasedtransportation": 3173000000,
        "fuelcosts": 1090000000,
        "costofotherpropertyoperatingexpense": 458000000,
        "othercostandexpenseoperating": -92000000,
        "costsandexpenses": 19275000000,
        "operatingincomeloss": 295000000,
        "investmentincomenet": 131000000,
        "interestexpense": 191000000,
        "nonoperatingincomeexpense": -60000000,
        "incomelossfromcontinuingoperationsbeforeincometaxesextraordinaryitemsnoncontrollinginterest": 2720000000,
        "incometaxexpensebenefit": 639000000,
        "netincomeloss": 2081000000,
        "earningspersharebasic": 2.42,
        "earningspersharediluted": 2.42,
        "othercomprehensiveincomelossforeigncurrencytransactionandtranslationadjustmentnetoftax": -18000000,
        "othercomprehensiveincomeunrealizedholdinggainlossonsecuritiesarisingduringperiodnetoftax": -16000000,
        "othercomprehensiveincomelosscashflowhedgegainlossbeforereclassificationaftertax": -43000000,
        "othercomprehensiveincomelosspensionandotherpostretirementbenefitplansadjustmentnetoftax": -21000000,
        "comprehensiveincomenetoftax": 1988000000
    },
    {
        "date": "2023-03-30",
        "symbol": "UPS",
        "period": "Q1",
        "revenuefromcontractwithcustomerexcludingassessedtax": 3395000000,
        "laborandrelatedexpense": 11462000000,
        "repairsandmaintenance": 83000000,
        "depreciationandamortization": 834000000,
        "purchasedtransportation": 3543000000,
        "fuelcosts": 1271000000,
        "costofotherpropertyoperatingexpense": 551000000,
        "othercostandexpenseoperating": -88000000,
        "costsandexpenses": 20384000000,
        "operatingincomeloss": 247000000,
        "investmentincomenet": 169000000,
        "interestexpense": 188000000,
        "nonoperatingincomeexpense": -19000000,
        "incomelossfromcontinuingoperationsbeforeincometaxesextraordinaryitemsnoncontrollinginterest": 2522000000,
        "incometaxexpensebenefit": 627000000,
        "netincomeloss": 1895000000,
        "earningspersharebasic": 2.2,
        "earningspersharediluted": 2.19,
        "othercomprehensiveincomelossforeigncurrencytransactionandtranslationadjustmentnetoftax": 115000000,
        "othercomprehensiveincomeunrealizedholdinggainlossonsecuritiesarisingduringperiodnetoftax": 5000000,
        "othercomprehensiveincomelosscashflowhedgegainlossbeforereclassificationaftertax": -26000000,
        "othercomprehensiveincomelosspensionandotherpostretirementbenefitplansadjustmentnetoftax": -20000000,
        "comprehensiveincomenetoftax": 1963000000
    },
    {
        "date": "2022-12-30",
        "symbol": "UPS",
        "period": "Q4",
        "revenuefromcontractwithcustomerexcludingassessedtax": 9628000000,
        "laborandrelatedexpense": 13301000000,
        "repairsandmaintenance": 607000000,
        "depreciationandamortization": -2046000000,
        "purchasedtransportation": 4495000000,
        "fuelcosts": 1571000000,
        "costofotherpropertyoperatingexpense": 480000000,
        "othercostandexpenseoperating": 2496000000,
        "costsandexpenses": 23838000000,
        "operatingincomeloss": 335000000,
        "interestexpense": 182000000,
        "nonoperatingincomeexpense": 1272000000,
        "incomelossfromcontinuingoperationsbeforeincometaxesextraordinaryitemsnoncontrollinginterest": 4467000000,
        "incometaxexpensebenefit": 1014000000,
        "netincomeloss": 3453000000,
        "earningspersharebasic": -9.35,
        "earningspersharediluted": -9.309999999999999,
        "investmentincomenet": 1454000000,
        "othercomprehensiveincomelossforeigncurrencytransactionandtranslationadjustmentnetoftax": 233000000,
        "othercomprehensiveincomeunrealizedholdinggainlossonsecuritiesarisingduringperiodnetoftax": -1000000,
        "othercomprehensiveincomelosspensionandotherpostretirementbenefitplansadjustmentnetoftax": -1779000000,
        "comprehensiveincomenetoftax": 5122000000
    },
    {
        "date": "2022-09-29",
        "symbol": "UPS",
        "period": "Q3",
        "revenuefromcontractwithcustomerexcludingassessedtax": 3988000000,
        "laborandrelatedexpense": 11506000000,
        "repairsandmaintenance": 639000000,
        "depreciationandamortization": 774000000,
        "purchasedtransportation": 4173000000,
        "fuelcosts": 1530000000,
        "costofotherpropertyoperatingexpense": 427000000,
        "othercostandexpenseoperating": 1999000000,
        "costsandexpenses": 21048000000,
        "operatingincomeloss": 450000000,
        "investmentincomenet": 333000000,
        "interestexpense": 177000000,
        "nonoperatingincomeexpense": 156000000,
        "incomelossfromcontinuingoperationsbeforeincometaxesextraordinaryitemsnoncontrollinginterest": 3269000000,
        "incometaxexpensebenefit": 685000000,
        "netincomeloss": 2584000000,
        "earningspersharebasic": 2.97,
        "earningspersharediluted": 2.96,
        "othercomprehensiveincomelossforeigncurrencytransactionandtranslationadjustmentnetoftax": -263000000,
        "othercomprehensiveincomeunrealizedholdinggainlossonsecuritiesarisingduringperiodnetoftax": -4000000,
        "othercomprehensiveincomelosscashflowhedgegainlossbeforereclassificationaftertax": 350000000,
        "othercomprehensiveincomelosspensionandotherpostretirementbenefitplansadjustmentnetoftax": -18000000,
        "comprehensiveincomenetoftax": 2617000000
    },
    {
        "date": "2022-06-29",
        "symbol": "UPS",
        "period": "Q2",
        "revenuefromcontractwithcustomerexcludingassessedtax": 4234000000,
        "laborandrelatedexpense": 11358000000,
        "repairsandmaintenance": 643000000,
        "depreciationandamortization": 762000000,
        "purchasedtransportation": 4385000000,
        "fuelcosts": 1697000000,
        "costofotherpropertyoperatingexpense": 420000000,
        "othercostandexpenseoperating": 1966000000,
        "costsandexpenses": 21231000000,
        "operatingincomeloss": 513000000,
        "investmentincomenet": 333000000,
        "interestexpense": 171000000,
        "nonoperatingincomeexpense": 162000000,
        "incomelossfromcontinuingoperationsbeforeincometaxesextraordinaryitemsnoncontrollinginterest": 3697000000,
        "incometaxexpensebenefit": 848000000,
        "netincomeloss": 2849000000,
        "earningspersharebasic": 3.26,
        "earningspersharediluted": 3.25,
        "othercomprehensiveincomelossforeigncurrencytransactionandtranslationadjustmentnetoftax": -245000000,
        "othercomprehensiveincomeunrealizedholdinggainlossonsecuritiesarisingduringperiodnetoftax": -1000000,
        "othercomprehensiveincomelosscashflowhedgegainlossbeforereclassificationaftertax": 283000000,
        "othercomprehensiveincomelosspensionandotherpostretirementbenefitplansadjustmentnetoftax": -18000000,
        "comprehensiveincomenetoftax": 2855000000
    },
    {
        "date": "2022-03-30",
        "symbol": "UPS",
        "period": "Q1",
        "revenuefromcontractwithcustomerexcludingassessedtax": 24378000000,
        "laborandrelatedexpense": 11616000000,
        "repairsandmaintenance": 626000000,
        "depreciationandamortization": 764000000,
        "purchasedtransportation": 4600000000,
        "fuelcosts": 1220000000,
        "costofotherpropertyoperatingexpense": 491000000,
        "othercostandexpenseoperating": 1810000000,
        "costsandexpenses": 21127000000,
        "operatingincomeloss": 3251000000,
        "investmentincomenet": 315000000,
        "interestexpense": 174000000,
        "nonoperatingincomeexpense": 141000000,
        "incomelossfromcontinuingoperationsbeforeincometaxesextraordinaryitemsnoncontrollinginterest": 3392000000,
        "incometaxexpensebenefit": 730000000,
        "netincomeloss": 2662000000,
        "earningspersharebasic": 3.05,
        "earningspersharediluted": 3.03,
        "othercomprehensiveincomelossforeigncurrencytransactionandtranslationadjustmentnetoftax": -40000000,
        "othercomprehensiveincomeunrealizedholdinggainlossonsecuritiesarisingduringperiodnetoftax": -6000000,
        "othercomprehensiveincomelosscashflowhedgegainlossbeforereclassificationaftertax": 43000000,
        "othercomprehensiveincomelosspensionandotherpostretirementbenefitplansadjustmentnetoftax": -24000000,
        "comprehensiveincomenetoftax": 2683000000
    },
    {
        "date": "2021-12-30",
        "symbol": "UPS",
        "period": "Q4",
        "laborandrelatedexpense": 12749000000,
        "depreciationandamortization": -1989000000,
        "fuelcosts": 1175000000,
        "costofotherpropertyoperatingexpense": 446000000,
        "othercostandexpenseoperating": 2419000000,
        "costsandexpenses": 23880000000,
        "operatingincomeloss": 462000000,
        "interestexpense": 173000000,
        "nonoperatingincomeexpense": 71000000,
        "incometaxexpensebenefit": 869000000,
        "netincomeloss": 3093000000,
        "earningspersharebasic": 3.539999999999999,
        "earningspersharediluted": 3.5199999999999987,
        "investmentincomenet": 244000000,
        "othercomprehensiveincomelossforeigncurrencytransactionandtranslationadjustmentnetoftax": -41000000,
        "othercomprehensiveincomeunrealizedholdinggainlossonsecuritiesarisingduringperiodnetoftax": -1000000,
        "othercomprehensiveincomelosspensionandotherpostretirementbenefitplansadjustmentnetoftax": 232000000,
        "comprehensiveincomenetoftax": 2844000000
    },
    {
        "date": "2021-09-29",
        "symbol": "UPS",
        "period": "Q3",
        "revenues": 4256000000,
        "laborandrelatedexpense": 11148000000,
        "depreciationandamortization": 738000000,
        "fuelcosts": 950000000,
        "costofotherpropertyoperatingexpense": 384000000,
        "othercostandexpenseoperating": 1811000000,
        "costsandexpenses": 20288000000,
        "operatingincomeloss": 438000000,
        "investmentincomenet": 274000000,
        "interestexpense": 177000000,
        "nonoperatingincomeexpense": 97000000,
        "incometaxexpensebenefit": 664000000,
        "netincomeloss": 2329000000,
        "earningspersharebasic": 2.6500000000000004,
        "earningspersharediluted": 2.6399999999999997,
        "othercomprehensiveincomelossforeigncurrencytransactionandtranslationadjustmentnetoftax": -106000000,
        "othercomprehensiveincomeunrealizedholdinggainlossonsecuritiesarisingduringperiodnetoftax": 1000000,
        "othercomprehensiveincomelosspensionandotherpostretirementbenefitplansadjustmentnetoftax": -29000000,
        "comprehensiveincomenetoftax": 2364000000
    },
    {
        "date": "2021-06-29",
        "symbol": "UPS",
        "period": "Q2",
        "revenues": 4205000000,
        "laborandrelatedexpense": 11327000000,
        "repairsandmaintenance": 599000000,
        "depreciationandamortization": 739000000,
        "purchasedtransportation": 4446000000,
        "fuelcosts": 915000000,
        "costofotherpropertyoperatingexpense": 402000000,
        "othercostandexpenseoperating": 1738000000,
        "costsandexpenses": 20166000000,
        "operatingincomeloss": 507000000,
        "investmentincomenet": 345000000,
        "interestexpense": 167000000,
        "nonoperatingincomeexpense": 178000000,
        "incomelossfromcontinuingoperationsbeforeincometaxesminorityinterestandincomelossfromequitymethodinvestments": 3436000000,
        "incometaxexpensebenefit": 760000000,
        "netincomeloss": 2676000000,
        "earningspersharebasic": 3.06,
        "earningspersharediluted": 3.05,
        "othercomprehensiveincomelossforeigncurrencytransactionandtranslationadjustmentnetoftax": 48000000,
        "othercomprehensiveincomeunrealizedholdinggainlossonsecuritiesarisingduringperiodnetoftax": -1000000,
        "othercomprehensiveincomeunrealizedgainlossonderivativesarisingduringperiodnetoftax": -43000000,
        "othercomprehensiveincomelosspensionandotherpostretirementbenefitplansadjustmentnetoftax": -1594000000,
        "comprehensiveincomenetoftax": 4271000000
    },
    {
        "date": "2021-03-30",
        "symbol": "UPS",
        "period": "Q1",
        "revenues": 4291000000,
        "laborandrelatedexpense": 11483000000,
        "costofgoodsandservicessold": 4243000000,
        "depreciationandamortization": 722000000,
        "fuelcosts": 807000000,
        "costofotherpropertyoperatingexpense": 466000000,
        "othercostandexpenseoperating": 1803000000,
        "costsandexpenses": 20143000000,
        "operatingincomeloss": 321000000,
        "investmentincomenet": 3616000000,
        "interestexpense": 177000000,
        "nonoperatingincomeexpense": 3439000000,
        "incomelossfromcontinuingoperationsbeforeincometaxesminorityinterestandincomelossfromequitymethodinvestments": 6204000000,
        "incometaxexpensebenefit": 1412000000,
        "netincomeloss": 4792000000,
        "earningspersharebasic": 5.5,
        "earningspersharediluted": 5.47,
        "othercomprehensiveincomelossforeigncurrencytransactionandtranslationadjustmentnetoftax": -82000000,
        "othercomprehensiveincomeunrealizedholdinggainlossonsecuritiesarisingduringperiodnetoftax": -1000000,
        "othercomprehensiveincomeunrealizedgainlossonderivativesarisingduringperiodnetoftax": 124000000,
        "othercomprehensiveincomelosspensionandotherpostretirementbenefitplansadjustmentnetoftax": -2426000000,
        "comprehensiveincomenetoftax": 7246000000
    },
    {
        "date": "2020-09-29",
        "symbol": "UPS",
        "period": "Q3",
        "revenues": 21238000000,
        "laborandrelatedexpense": 11077000000,
        "costofgoodsandservicessold": 576000000,
        "depreciationandamortization": 677000000,
        "fuelcosts": 618000000,
        "costofotherpropertyoperatingexpense": 376000000,
        "othercostandexpenseoperating": 1614000000,
        "costsandexpenses": 18875000000,
        "operatingincomeloss": 2363000000,
        "investmentincomenonoperating": 338000000,
        "interestexpense": 176000000,
        "nonoperatingincomeexpense": 162000000,
        "incomelossfromcontinuingoperationsbeforeincometaxesminorityinterestandincomelossfromequitymethodinvestments": 2525000000,
        "incometaxexpensebenefit": 568000000,
        "netincomeloss": 1957000000,
        "earningspersharebasic": 2.25,
        "earningspersharediluted": 2.24,
        "othercomprehensiveincomelossforeigncurrencytransactionandtranslationadjustmentnetoftax": 65000000,
        "othercomprehensiveincomeunrealizedholdinggainlossonsecuritiesarisingduringperiodnetoftax": -2000000,
        "othercomprehensiveincomeunrealizedgainlossonderivativesarisingduringperiodnetoftax": -195000000,
        "othercomprehensiveincomelosspensionandotherpostretirementbenefitplansadjustmentnetoftax": -43000000,
        "comprehensiveincomenetoftax": 1868000000
    },
    {
        "date": "2020-06-29",
        "symbol": "UPS",
        "period": "Q2",
        "revenues": 20459000000,
        "laborandrelatedexpense": 10843000000,
        "costofgoodsandservicessold": 554000000,
        "depreciationandamortization": 661000000,
        "fuelcosts": 499000000,
        "costofotherpropertyoperatingexpense": 355000000,
        "othercostandexpenseoperating": 1619000000,
        "costsandexpenses": 18247000000,
        "operatingincomeloss": 2212000000,
        "investmentincomenonoperating": 328000000,
        "interestexpense": 183000000,
        "nonoperatingincomeexpense": 145000000,
        "incomelossfromcontinuingoperationsbeforeincometaxesminorityinterestandincomelossfromequitymethodinvestments": 2357000000,
        "incometaxexpensebenefit": 589000000,
        "netincomeloss": 1768000000,
        "earningspersharebasic": 2.04,
        "earningspersharediluted": 2.03,
        "othercomprehensiveincomelossforeigncurrencytransactionandtranslationadjustmentnetoftax": 10000000,
        "othercomprehensiveincomeunrealizedholdinggainlossonsecuritiesarisingduringperiodnetoftax": 3000000,
        "othercomprehensiveincomeunrealizedgainlossonderivativesarisingduringperiodnetoftax": -114000000,
        "othercomprehensiveincomelosspensionandotherpostretirementbenefitplansadjustmentnetoftax": -44000000,
        "comprehensiveincomenetoftax": 1711000000
    },
    {
        "date": "2020-03-30",
        "symbol": "UPS",
        "period": "Q1",
        "revenues": 3196000000,
        "laborandrelatedexpense": 10086000000,
        "costofgoodsandservicessold": 2931000000,
        "depreciationandamortization": 648000000,
        "fuelcosts": 761000000,
        "costofotherpropertyoperatingexpense": 383000000,
        "othercostandexpenseoperating": 1591000000,
        "costsandexpenses": 16963000000,
        "operatingincomeloss": 157000000,
        "investmentincomenonoperating": 345000000,
        "interestexpense": 167000000,
        "nonoperatingincomeexpense": 178000000,
        "incomelossfromcontinuingoperationsbeforeincometaxesminorityinterestandincomelossfromequitymethodinvestments": 1250000000,
        "incometaxexpensebenefit": 285000000,
        "netincomeloss": 965000000,
        "earningspersharebasic": 1.12,
        "earningspersharediluted": 1.11,
        "othercomprehensiveincomelossforeigncurrencytransactionandtranslationadjustmentnetoftax": -141000000,
        "othercomprehensiveincomeunrealizedholdinggainlossonsecuritiesarisingduringperiodnetoftax": 2000000,
        "othercomprehensiveincomeunrealizedgainlossonderivativesarisingduringperiodnetoftax": 263000000,
        "othercomprehensiveincomelosspensionandotherpostretirementbenefitplansadjustmentnetoftax": -43000000,
        "comprehensiveincomenetoftax": 1086000000
    },
    {
        "date": "2019-09-29",
        "symbol": "UPS",
        "period": "Q3",
        "netincomeloss": 1750000000,
        "othercomprehensiveincomelossforeigncurrencytransactionandtranslationadjustmentnetoftax": -48000000,
        "othercomprehensiveincomeunrealizedholdinggainlossonsecuritiesarisingduringperiodnetoftax": -3000000,
        "othercomprehensiveincomeunrealizedgainlossonderivativesarisingduringperiodnetoftax": 206000000,
        "othercomprehensiveincomelosspensionandotherpostretirementbenefitplansadjustmentnetoftax": -43000000,
        "comprehensiveincomenetoftax": 1948000000,
        "revenues": 18318000000,
        "laborandrelatedexpense": 9590000000,
        "costofgoodsandservicessold": 485000000,
        "depreciationandamortization": 587000000,
        "fuelcosts": 824000000,
        "costofotherpropertyoperatingexpense": 346000000,
        "othercostandexpenseoperating": 1374000000,
        "costsandexpenses": 16190000000,
        "operatingincomeloss": 2128000000,
        "investmentincomenonoperating": 237000000,
        "interestexpense": 159000000,
        "nonoperatingincomeexpense": 78000000,
        "incomelossfromcontinuingoperationsbeforeincometaxesminorityinterestandincomelossfromequitymethodinvestments": 2206000000,
        "incometaxexpensebenefit": 456000000,
        "earningspersharebasic": 2.03,
        "earningspersharediluted": 2.01
    },
    {
        "date": "2019-06-29",
        "symbol": "UPS",
        "period": "Q2",
        "netincomeloss": 1685000000,
        "othercomprehensiveincomelossforeigncurrencytransactionandtranslationadjustmentnetoftax": -33000000,
        "othercomprehensiveincomeunrealizedholdinggainlossonsecuritiesarisingduringperiodnetoftax": 5000000,
        "othercomprehensiveincomeunrealizedgainlossonderivativesarisingduringperiodnetoftax": 15000000,
        "othercomprehensiveincomelosspensionandotherpostretirementbenefitplansadjustmentnetoftax": -43000000,
        "comprehensiveincomenetoftax": 1688000000,
        "revenues": 3393000000,
        "laborandrelatedexpense": 9299000000,
        "costofgoodsandservicessold": 3000000000,
        "depreciationandamortization": 575000000,
        "fuelcosts": 857000000,
        "costofotherpropertyoperatingexpense": 322000000,
        "othercostandexpenseoperating": 1379000000,
        "costsandexpenses": 15905000000,
        "operatingincomeloss": 272000000,
        "investmentincomenonoperating": 220000000,
        "interestexpense": 159000000,
        "nonoperatingincomeexpense": 61000000,
        "incomelossfromcontinuingoperationsbeforeincometaxesminorityinterestandincomelossfromequitymethodinvestments": 2204000000,
        "incometaxexpensebenefit": 519000000,
        "earningspersharebasic": 0.03,
        "earningspersharediluted": 1.94
    },
    {
        "date": "2019-03-30",
        "symbol": "UPS",
        "period": "Q1",
        "netincomeloss": 1111000000,
        "othercomprehensiveincomelossforeigncurrencytransactionandtranslationadjustmentnetoftax": 53000000,
        "othercomprehensiveincomeunrealizedholdinggainlossonsecuritiesarisingduringperiodnetoftax": 4000000,
        "othercomprehensiveincomeunrealizedgainlossonderivativesarisingduringperiodnetoftax": 89000000,
        "othercomprehensiveincomelosspensionandotherpostretirementbenefitplansadjustmentnetoftax": -43000000,
        "comprehensiveincomenetoftax": 1287000000,
        "revenues": 3221000000,
        "laborandrelatedexpense": 9317000000,
        "costofgoodsandservicessold": 2966000000,
        "depreciationandamortization": 568000000,
        "fuelcosts": 770000000,
        "costofotherpropertyoperatingexpense": 371000000,
        "othercostandexpenseoperating": 1340000000,
        "costsandexpenses": 15766000000,
        "operatingincomeloss": 200000000,
        "investmentincomenonoperating": 215000000,
        "interestexpense": 169000000,
        "nonoperatingincomeexpense": 46000000,
        "incomelossfromcontinuingoperationsbeforeincometaxesminorityinterestandincomelossfromequitymethodinvestments": 1440000000,
        "incometaxexpensebenefit": 329000000,
        "earningspersharebasic": 0.03,
        "earningspersharediluted": 1.28
    },
    {
        "date": "2018-09-29",
        "symbol": "UPS",
        "period": "Q3",
        "netincomeloss": 1508000000,
        "othercomprehensiveincomelossforeigncurrencytransactionandtranslationadjustmentnetoftax": -28000000,
        "othercomprehensiveincomeunrealizedholdinggainlossonsecuritiesarisingduringperiodnetoftax": -1000000,
        "othercomprehensiveincomeunrealizedgainlossonderivativesarisingduringperiodnetoftax": 49000000,
        "othercomprehensiveincomelosspensionandotherpostretirementbenefitplansadjustmentnetoftax": -38000000,
        "comprehensiveincomenetoftax": 1566000000,
        "revenues": 17444000000,
        "laborandrelatedexpense": 9015000000,
        "costofservicesmaintenancecosts": 437000000,
        "depreciationandamortization": 524000000,
        "shippinghandlingandtransportationcosts": 3216000000,
        "fuelcosts": 867000000,
        "costofotherpropertyoperatingexpense": 321000000,
        "othercostandexpenseoperating": 1337000000,
        "costsandexpenses": 15717000000,
        "operatingincomeloss": 1727000000,
        "investmentincomenonoperating": 317000000,
        "interestexpense": 155000000,
        "nonoperatingincomeexpense": 162000000,
        "incomelossfromcontinuingoperationsbeforeincometaxesminorityinterestandincomelossfromequitymethodinvestments": 1889000000,
        "incometaxexpensebenefit": 381000000,
        "earningspersharebasic": 1.74,
        "earningspersharediluted": 1.73
    },
    {
        "date": "2018-06-29",
        "symbol": "UPS",
        "period": "Q2",
        "netincomeloss": 1485000000,
        "othercomprehensiveincomelossforeigncurrencytransactionandtranslationadjustmentnetoftax": -78000000,
        "othercomprehensiveincomeunrealizedholdinggainlossonsecuritiesarisingduringperiodnetoftax": 0,
        "othercomprehensiveincomeunrealizedgainlossonderivativesarisingduringperiodnetoftax": 312000000,
        "othercomprehensiveincomelosspensionandotherpostretirementbenefitplansadjustmentnetoftax": -38000000,
        "comprehensiveincomenetoftax": 1777000000,
        "revenues": -3092000000,
        "laborandrelatedexpense": 9024000000,
        "costofservicesmaintenancecosts": 423000000,
        "depreciationandamortization": 542000000,
        "shippinghandlingandtransportationcosts": 3209000000,
        "fuelcosts": 852000000,
        "costofotherpropertyoperatingexpense": 321000000,
        "othercostandexpenseoperating": 1312000000,
        "costsandexpenses": 15683000000,
        "operatingincomeloss": 939000000,
        "investmentincomenonoperating": 302000000,
        "interestexpense": 149000000,
        "nonoperatingincomeexpense": 153000000,
        "incomelossfromcontinuingoperationsbeforeincometaxesminorityinterestandincomelossfromequitymethodinvestments": 1926000000,
        "incometaxexpensebenefit": 441000000,
        "earningspersharebasic": 1.72,
        "earningspersharediluted": 1.7
    },
    {
        "date": "2018-03-30",
        "symbol": "UPS",
        "period": "Q1",
        "netincomeloss": 1345000000,
        "othercomprehensiveincomelossforeigncurrencytransactionandtranslationadjustmentnetoftax": -6000000,
        "othercomprehensiveincomeunrealizedholdinggainlossonsecuritiesarisingduringperiodnetoftax": -4000000,
        "othercomprehensiveincomeunrealizedgainlossonderivativesarisingduringperiodnetoftax": -102000000,
        "othercomprehensiveincomelosspensionandotherpostretirementbenefitplansadjustmentnetoftax": -39000000,
        "comprehensiveincomenetoftax": 1309000000,
        "revenues": 10227000000,
        "laborandrelatedexpense": 9045000000,
        "costofservicesmaintenancecosts": 434000000,
        "depreciationandamortization": 596000000,
        "shippinghandlingandtransportationcosts": 3145000000,
        "fuelcosts": 750000000,
        "costofotherpropertyoperatingexpense": 361000000,
        "othercostandexpenseoperating": 1262000000,
        "costsandexpenses": 15593000000,
        "operatingincomeloss": 756000000,
        "investmentincomenonoperating": 294000000,
        "interestexpense": 153000000,
        "nonoperatingincomeexpense": 141000000,
        "incomelossfromcontinuingoperationsbeforeincometaxesminorityinterestandincomelossfromequitymethodinvestments": 1661000000,
        "incometaxexpensebenefit": 316000000,
        "earningspersharebasic": 1.55,
        "earningspersharediluted": 1.55
    },
    {
        "date": "2017-09-29",
        "symbol": "UPS",
        "period": "Q3",
        "netincomeloss": 1264000000,
        "othercomprehensiveincomelossforeigncurrencytransactionandtranslationadjustmentnetoftax": 32000000,
        "othercomprehensiveincomeunrealizedgainlossonderivativesarisingduringperiodnetoftax": -88000000,
        "othercomprehensiveincomelosspensionandotherpostretirementbenefitplansadjustmentnetoftax": -32000000,
        "comprehensiveincomenetoftax": 1242000000,
        "revenues": 9649000000,
        "laborandrelatedexpense": 8221000000,
        "costofservicesmaintenancecosts": 398000000,
        "depreciationandamortization": 572000000,
        "shippinghandlingandtransportationcosts": 2652000000,
        "fuelcosts": 636000000,
        "costofotherpropertyoperatingexpense": 282000000,
        "othercostandexpenseoperating": 1182000000,
        "costsandexpenses": 13943000000,
        "operatingincomeloss": 1182000000,
        "investmentincomenonoperating": 20000000,
        "interestexpense": 111000000,
        "nonoperatingincomeexpense": -91000000,
        "incomelossfromcontinuingoperationsbeforeincometaxesminorityinterestandincomelossfromequitymethodinvestments": 1944000000,
        "incometaxexpensebenefit": 0,
        "earningspersharebasic": 1.4500000000000004,
        "earningspersharediluted": 1.4399999999999997
    },
    {
        "date": "2017-06-29",
        "symbol": "UPS",
        "period": "Q2",
        "netincomeloss": 1384000000,
        "othercomprehensiveincomelossforeigncurrencytransactionandtranslationadjustmentnetoftax": 24000000,
        "othercomprehensiveincomeunrealizedholdinggainlossonsecuritiesarisingduringperiodnetoftax": 1000000,
        "othercomprehensiveincomeunrealizedgainlossonderivativesarisingduringperiodnetoftax": -151000000,
        "othercomprehensiveincomelosspensionandotherpostretirementbenefitplansadjustmentnetoftax": -386000000,
        "comprehensiveincomenetoftax": 1644000000,
        "revenues": 9745000000,
        "laborandrelatedexpense": 8105000000,
        "costofservicesmaintenancecosts": 392000000,
        "depreciationandamortization": 562000000,
        "shippinghandlingandtransportationcosts": 2443000000,
        "fuelcosts": 616000000,
        "costofotherpropertyoperatingexpense": 264000000,
        "othercostandexpenseoperating": 1152000000,
        "costsandexpenses": 13534000000,
        "operatingincomeloss": 1395000000,
        "investmentincomenonoperating": 14000000,
        "interestexpense": 111000000,
        "nonoperatingincomeexpense": -97000000,
        "incomelossfromcontinuingoperationsbeforeincometaxesminorityinterestandincomelossfromequitymethodinvestments": 2119000000,
        "incometaxexpensebenefit": -7000000,
        "earningspersharebasic": 1.59,
        "earningspersharediluted": 1.58
    },
    {
        "date": "2017-03-30",
        "symbol": "UPS",
        "period": "Q1",
        "netincomeloss": 1158000000,
        "othercomprehensiveincomelossforeigncurrencytransactionandtranslationadjustmentnetoftax": 30000000,
        "othercomprehensiveincomeunrealizedgainlossonderivativesarisingduringperiodnetoftax": -30000000,
        "othercomprehensiveincomelosspensionandotherpostretirementbenefitplansadjustmentnetoftax": -32000000,
        "comprehensiveincomenetoftax": 1179000000,
        "revenues": 9535000000,
        "laborandrelatedexpense": 8131000000,
        "costofservicesmaintenancecosts": 390000000,
        "depreciationandamortization": 554000000,
        "shippinghandlingandtransportationcosts": 2366000000,
        "fuelcosts": 621000000,
        "costofotherpropertyoperatingexpense": 299000000,
        "othercostandexpenseoperating": 1170000000,
        "costsandexpenses": 13531000000,
        "operatingincomeloss": 1076000000,
        "investmentincomenonoperating": 15000000,
        "interestexpense": 102000000,
        "nonoperatingincomeexpense": -87000000,
        "incomelossfromcontinuingoperationsbeforeincometaxesminorityinterestandincomelossfromequitymethodinvestments": 1697000000,
        "incometaxexpensebenefit": -55000000,
        "earningspersharebasic": 1.32,
        "earningspersharediluted": 1.32
    },
    {
        "date": "2016-12-30",
        "symbol": "UPS",
        "period": "Q4",
        "netincomeloss": -239000000,
        "othercomprehensiveincomelossforeigncurrencytransactionandtranslationadjustmentnetoftax": -107000000,
        "othercomprehensiveincomeunrealizedgainlossonderivativesarisingduringperiodnetoftax": 245000000,
        "othercomprehensiveincomelosspensionandotherpostretirementbenefitplansadjustmentnetoftax": 792000000,
        "comprehensiveincomenetoftax": -1071000000,
        "revenues": -14495000000,
        "laborandrelatedexpense": 11322000000,
        "costofservicesmaintenancecosts": 388000000,
        "depreciationandamortization": -182000000,
        "shippinghandlingandtransportationcosts": 2823000000,
        "fuelcosts": 638000000,
        "costofotherpropertyoperatingexpense": 275000000,
        "othercostandexpenseoperating": 1350000000,
        "costsandexpenses": 17359000000,
        "operatingincomeloss": -570000000,
        "investmentincomenonoperating": 12000000,
        "interestexpense": 100000000,
        "nonoperatingincomeexpense": -88000000,
        "incomelossfromcontinuingoperationsbeforeincometaxesminorityinterestandincomelossfromequitymethodinvestments": -516000000,
        "incometaxexpensebenefit": -277000000,
        "earningspersharebasic": -0.24999999999999978,
        "earningspersharediluted": -0.2699999999999998
    },
    {
        "date": "2016-09-29",
        "symbol": "UPS",
        "period": "Q3",
        "netincomeloss": 1270000000,
        "othercomprehensiveincomelossforeigncurrencytransactionandtranslationadjustmentnetoftax": -7000000,
        "othercomprehensiveincomeunrealizedholdinggainlossonsecuritiesarisingduringperiodnetoftax": -1000000,
        "othercomprehensiveincomeunrealizedgainlossonderivativesarisingduringperiodnetoftax": -64000000,
        "othercomprehensiveincomelosspensionandotherpostretirementbenefitplansadjustmentnetoftax": -27000000,
        "comprehensiveincomenetoftax": 1225000000,
        "revenues": 9289000000,
        "laborandrelatedexpense": 7857000000,
        "costofservicesmaintenancecosts": 386000000,
        "depreciationandamortization": 554000000,
        "shippinghandlingandtransportationcosts": 2212000000,
        "fuelcosts": 541000000,
        "costofotherpropertyoperatingexpense": 248000000,
        "othercostandexpenseoperating": 1096000000,
        "costsandexpenses": 12894000000,
        "operatingincomeloss": 1252000000,
        "investmentincomenonoperating": 13000000,
        "interestexpense": 94000000,
        "nonoperatingincomeexpense": -81000000,
        "incomelossfromcontinuingoperationsbeforeincometaxesminorityinterestandincomelossfromequitymethodinvestments": 1953000000,
        "incometaxexpensebenefit": 683000000,
        "earningspersharebasic": 1.44,
        "earningspersharediluted": 1.44
    },
    {
        "date": "2016-06-29",
        "symbol": "UPS",
        "period": "Q2",
        "netincomeloss": 1269000000,
        "othercomprehensiveincomelossforeigncurrencytransactionandtranslationadjustmentnetoftax": -31000000,
        "othercomprehensiveincomeunrealizedholdinggainlossonsecuritiesarisingduringperiodnetoftax": 2000000,
        "othercomprehensiveincomeunrealizedgainlossonderivativesarisingduringperiodnetoftax": 43000000,
        "othercomprehensiveincomelosspensionandotherpostretirementbenefitplansadjustmentnetoftax": -27000000,
        "comprehensiveincomenetoftax": 1310000000,
        "revenues": 9015000000,
        "laborandrelatedexpense": 7738000000,
        "costofservicesmaintenancecosts": 383000000,
        "depreciationandamortization": 555000000,
        "shippinghandlingandtransportationcosts": 2070000000,
        "fuelcosts": 505000000,
        "costofotherpropertyoperatingexpense": 245000000,
        "othercostandexpenseoperating": 1095000000,
        "costsandexpenses": 12591000000,
        "operatingincomeloss": 1233000000,
        "investmentincomenonoperating": 8000000,
        "interestexpense": 94000000,
        "nonoperatingincomeexpense": -86000000,
        "incomelossfromcontinuingoperationsbeforeincometaxesminorityinterestandincomelossfromequitymethodinvestments": 1952000000,
        "incometaxexpensebenefit": 683000000,
        "earningspersharebasic": 1.43,
        "earningspersharediluted": 1.43
    },
    {
        "date": "2016-03-30",
        "symbol": "UPS",
        "period": "Q1",
        "netincomeloss": 1131000000,
        "othercomprehensiveincomelossforeigncurrencytransactionandtranslationadjustmentnetoftax": 26000000,
        "othercomprehensiveincomeunrealizedholdinggainlossonsecuritiesarisingduringperiodnetoftax": 3000000,
        "othercomprehensiveincomeunrealizedgainlossonderivativesarisingduringperiodnetoftax": -100000000,
        "othercomprehensiveincomelosspensionandotherpostretirementbenefitplansadjustmentnetoftax": -26000000,
        "comprehensiveincomenetoftax": 1024000000,
        "revenues": 9084000000,
        "laborandrelatedexpense": 7853000000,
        "costofservicesmaintenancecosts": 381000000,
        "depreciationandamortization": 552000000,
        "shippinghandlingandtransportationcosts": 2024000000,
        "fuelcosts": 434000000,
        "costofotherpropertyoperatingexpense": 269000000,
        "othercostandexpenseoperating": 1082000000,
        "costsandexpenses": 12595000000,
        "operatingincomeloss": 1102000000,
        "investmentincomenonoperating": 17000000,
        "interestexpense": 93000000,
        "nonoperatingincomeexpense": -76000000,
        "incomelossfromcontinuingoperationsbeforeincometaxesminorityinterestandincomelossfromequitymethodinvestments": 1747000000,
        "incometaxexpensebenefit": 616000000,
        "earningspersharebasic": 1.27,
        "earningspersharediluted": 1.27
    },
    {
        "date": "2015-09-29",
        "symbol": "UPS",
        "period": "Q3",
        "netincomeloss": 1257000000,
        "othercomprehensiveincomelossforeigncurrencytransactionandtranslationadjustmentnetoftax": -141000000,
        "othercomprehensiveincomeunrealizedholdinggainlossonsecuritiesarisingduringperiodnetoftax": 0,
        "othercomprehensiveincomeunrealizedgainlossonderivativesarisingduringperiodnetoftax": 79000000,
        "othercomprehensiveincomelosspensionandotherpostretirementbenefitplansadjustmentnetoftax": -28000000,
        "comprehensiveincomenetoftax": 1133000000,
        "revenues": 8860000000,
        "laborandrelatedexpense": 7458000000,
        "costofservicesmaintenancecosts": 362000000,
        "depreciationandamortization": 527000000,
        "shippinghandlingandtransportationcosts": 1926000000,
        "fuelcosts": 617000000,
        "costofotherpropertyoperatingexpense": 241000000,
        "othercostandexpenseoperating": 1122000000,
        "costsandexpenses": 12253000000,
        "operatingincomeloss": 1258000000,
        "investmentincomenonoperating": 4000000,
        "interestexpense": 83000000,
        "nonoperatingincomeexpense": -79000000,
        "incomelossfromcontinuingoperationsbeforeincometaxesminorityinterestandincomelossfromequitymethodinvestments": 1905000000,
        "incometaxexpensebenefit": 648000000,
        "earningspersharebasic": 1.4,
        "earningspersharediluted": 1.4
    },
    {
        "date": "2015-06-29",
        "symbol": "UPS",
        "period": "Q2",
        "netincomeloss": 1230000000,
        "othercomprehensiveincomelossforeigncurrencytransactionandtranslationadjustmentnetoftax": 101000000,
        "othercomprehensiveincomeunrealizedholdinggainlossonsecuritiesarisingduringperiodnetoftax": -1000000,
        "othercomprehensiveincomeunrealizedgainlossonderivativesarisingduringperiodnetoftax": -159000000,
        "othercomprehensiveincomelosspensionandotherpostretirementbenefitplansadjustmentnetoftax": -20000000,
        "comprehensiveincomenetoftax": 1191000000,
        "revenues": 8808000000,
        "laborandrelatedexpense": 7502000000,
        "costofservicesmaintenancecosts": 357000000,
        "depreciationandamortization": 510000000,
        "shippinghandlingandtransportationcosts": 1777000000,
        "fuelcosts": 639000000,
        "costofotherpropertyoperatingexpense": 230000000,
        "othercostandexpenseoperating": 1120000000,
        "costsandexpenses": 12135000000,
        "operatingincomeloss": 1201000000,
        "investmentincomenonoperating": 4000000,
        "interestexpense": 86000000,
        "nonoperatingincomeexpense": -82000000,
        "incomelossfromcontinuingoperationsbeforeincometaxesminorityinterestandincomelossfromequitymethodinvestments": 1878000000,
        "incometaxexpensebenefit": 648000000,
        "earningspersharebasic": 1.37,
        "earningspersharediluted": 1.35
    },
    {
        "date": "2015-03-30",
        "symbol": "UPS",
        "period": "Q1",
        "netincomeloss": 1026000000,
        "othercomprehensiveincomelossforeigncurrencytransactionandtranslationadjustmentnetoftax": -304000000,
        "othercomprehensiveincomeunrealizedholdinggainlossonsecuritiesarisingduringperiodnetoftax": 2000000,
        "othercomprehensiveincomeunrealizedgainlossonderivativesarisingduringperiodnetoftax": 199000000,
        "othercomprehensiveincomelosspensionandotherpostretirementbenefitplansadjustmentnetoftax": -32000000,
        "comprehensiveincomenetoftax": 932000000,
        "revenues": 8814000000,
        "laborandrelatedexpense": 7564000000,
        "costofservicesmaintenancecosts": 350000000,
        "depreciationandamortization": 506000000,
        "shippinghandlingandtransportationcosts": 1854000000,
        "fuelcosts": 644000000,
        "costofotherpropertyoperatingexpense": 294000000,
        "othercostandexpenseoperating": 1092000000,
        "costsandexpenses": 12304000000,
        "operatingincomeloss": 1024000000,
        "investmentincomenonoperating": 4000000,
        "interestexpense": 87000000,
        "nonoperatingincomeexpense": -83000000,
        "incomelossfromcontinuingoperationsbeforeincometaxesminorityinterestandincomelossfromequitymethodinvestments": 1590000000,
        "incometaxexpensebenefit": 564000000,
        "earningspersharebasic": 1.13,
        "earningspersharediluted": 1.12
    },
    {
        "date": "2014-12-30",
        "symbol": "UPS",
        "period": "Q4",
        "netincomeloss": 453000000,
        "othercomprehensiveincomelossforeigncurrencytransactionandtranslationadjustmentnetoftax": -83000000,
        "othercomprehensiveincomeunrealizedgainlossonderivativesarisingduringperiodnetoftax": 55000000,
        "othercomprehensiveincomelosspensionandotherpostretirementbenefitplansadjustmentnetoftax": 3011000000,
        "comprehensiveincomenetoftax": -2530000000,
        "revenues": -531000000,
        "laborandrelatedexpense": 9188000000,
        "costofservicesmaintenancecosts": 360000000,
        "depreciationandamortization": -150000000,
        "shippinghandlingandtransportationcosts": 2515000000,
        "fuelcosts": 953000000,
        "costofotherpropertyoperatingexpense": 265000000,
        "othercostandexpenseoperating": 1363000000,
        "costsandexpenses": 15141000000,
        "operatingincomeloss": 2112000000,
        "interestexpense": 87000000,
        "nonoperatingincomeexpense": -92000000,
        "incomelossfromcontinuingoperationsbeforeincometaxesminorityinterestandincomelossfromequitymethodinvestments": 662000000,
        "incometaxexpensebenefit": 209000000,
        "earningspersharebasic": 0.5,
        "earningspersharediluted": 0.48999999999999977
    },
    {
        "date": "2014-09-29",
        "symbol": "UPS",
        "period": "Q3",
        "netincomeloss": 1214000000,
        "othercomprehensiveincomelossforeigncurrencytransactionandtranslationadjustmentnetoftax": -251000000,
        "othercomprehensiveincomeunrealizedholdinggainlossonsecuritiesarisingduringperiodnetoftax": -1000000,
        "othercomprehensiveincomeunrealizedgainlossonderivativesarisingduringperiodnetoftax": 210000000,
        "othercomprehensiveincomelosspensionandotherpostretirementbenefitplansadjustmentnetoftax": -27000000,
        "comprehensiveincomenetoftax": 1199000000,
        "revenues": 3183000000,
        "laborandrelatedexpense": 7217000000,
        "costofservicesmaintenancecosts": 341000000,
        "depreciationandamortization": 485000000,
        "shippinghandlingandtransportationcosts": 2049000000,
        "fuelcosts": 978000000,
        "costofotherpropertyoperatingexpense": 241000000,
        "othercostandexpenseoperating": 1025000000,
        "costsandexpenses": 12336000000,
        "operatingincomeloss": 215000000,
        "investmentincomenonoperating": 2000000,
        "interestexpense": 87000000,
        "nonoperatingincomeexpense": -85000000,
        "incomelossfromcontinuingoperationsbeforeincometaxesminorityinterestandincomelossfromequitymethodinvestments": 1869000000,
        "incometaxexpensebenefit": 655000000,
        "earningspersharebasic": 1.33,
        "earningspersharediluted": 1.32
    },
    {
        "date": "2014-06-29",
        "symbol": "UPS",
        "period": "Q2",
        "netincomeloss": 454000000,
        "othercomprehensiveincomelossforeigncurrencytransactionandtranslationadjustmentnetoftax": 39000000,
        "othercomprehensiveincomeunrealizedholdinggainlossonsecuritiesarisingduringperiodnetoftax": 2000000,
        "othercomprehensiveincomeunrealizedgainlossonderivativesarisingduringperiodnetoftax": -21000000,
        "othercomprehensiveincomelosspensionandotherpostretirementbenefitplansadjustmentnetoftax": 127000000,
        "comprehensiveincomenetoftax": 347000000,
        "revenues": 3252000000,
        "laborandrelatedexpense": 8375000000,
        "costofservicesmaintenancecosts": 341000000,
        "depreciationandamortization": 473000000,
        "shippinghandlingandtransportationcosts": 1988000000,
        "fuelcosts": 980000000,
        "costofotherpropertyoperatingexpense": 241000000,
        "othercostandexpenseoperating": 1123000000,
        "costsandexpenses": 13521000000,
        "operatingincomeloss": 94000000,
        "investmentincomenonoperating": 25000000,
        "interestexpense": 89000000,
        "nonoperatingincomeexpense": -64000000,
        "incomelossfromcontinuingoperationsbeforeincometaxesminorityinterestandincomelossfromequitymethodinvestments": 683000000,
        "incometaxexpensebenefit": 229000000,
        "earningspersharebasic": 0.49,
        "earningspersharediluted": 0.49
    },
    {
        "date": "2014-03-30",
        "symbol": "UPS",
        "period": "Q1",
        "netincomeloss": 911000000,
        "othercomprehensiveincomelossforeigncurrencytransactionandtranslationadjustmentnetoftax": -36000000,
        "othercomprehensiveincomeunrealizedgainlossonderivativesarisingduringperiodnetoftax": -24000000,
        "othercomprehensiveincomelosspensionandotherpostretirementbenefitplansadjustmentnetoftax": -27000000,
        "comprehensiveincomenetoftax": 882000000,
        "revenues": 8488000000,
        "laborandrelatedexpense": 7265000000,
        "costofservicesmaintenancecosts": 329000000,
        "depreciationandamortization": 468000000,
        "shippinghandlingandtransportationcosts": 1908000000,
        "fuelcosts": 972000000,
        "costofotherpropertyoperatingexpense": 297000000,
        "othercostandexpenseoperating": 1027000000,
        "costsandexpenses": 12266000000,
        "operatingincomeloss": 438000000,
        "interestexpense": 90000000,
        "nonoperatingincomeexpense": -90000000,
        "incomelossfromcontinuingoperationsbeforeincometaxesminorityinterestandincomelossfromequitymethodinvestments": 1423000000,
        "incometaxexpensebenefit": 512000000,
        "earningspersharebasic": 0.99,
        "earningspersharediluted": 0.98
    },
    {
        "date": "2013-12-30",
        "symbol": "UPS",
        "period": "Q4",
        "netincomeloss": 1167000000,
        "othercomprehensiveincomelossforeigncurrencytransactionandtranslationadjustmentnetoftax": 0,
        "othercomprehensiveincomeunrealizedholdinggainlossonsecuritiesarisingduringperiodnetoftax": 3000000,
        "othercomprehensiveincomeunrealizedgainlossonderivativesarisingduringperiodnetoftax": -20000000,
        "othercomprehensiveincomelosspensionandotherpostretirementbenefitplansadjustmentnetoftax": -3012000000,
        "comprehensiveincomenetoftax": 4176000000,
        "revenues": 7027000000,
        "laborandrelatedexpense": 7647000000,
        "costofservicesmaintenancecosts": 311000000,
        "depreciationandamortization": -927000000,
        "shippinghandlingandtransportationcosts": 2194000000,
        "fuelcosts": 1061000000,
        "costofotherpropertyoperatingexpense": 247000000,
        "othercostandexpenseoperating": 1141000000,
        "costsandexpenses": 13068000000,
        "operatingincomeloss": 4100000000,
        "investmentincomenonoperating": 10000000,
        "interestexpense": 94000000,
        "nonoperatingincomeexpense": -84000000,
        "incomelossfromcontinuingoperationsbeforeincometaxesminorityinterestandincomelossfromequitymethodinvestments": 1824000000,
        "incometaxexpensebenefit": 657000000,
        "earningspersharebasic": 1.2500000000000007,
        "earningspersharediluted": 1.2400000000000002
    },
    {
        "date": "2013-09-29",
        "symbol": "UPS",
        "period": "Q3",
        "netincomeloss": 1097000000,
        "othercomprehensiveincomelossforeigncurrencytransactionandtranslationadjustmentnetoftax": 67000000,
        "othercomprehensiveincomeunrealizedholdinggainlossonsecuritiesarisingduringperiodnetoftax": 1000000,
        "othercomprehensiveincomeunrealizedgainlossonderivativesarisingduringperiodnetoftax": 12000000,
        "othercomprehensiveincomelosspensionandotherpostretirementbenefitplansadjustmentnetoftax": -28000000,
        "comprehensiveincomenetoftax": 1205000000,
        "revenues": 2250000000,
        "laborandrelatedexpense": 6961000000,
        "costofservicesmaintenancecosts": 311000000,
        "depreciationandamortization": 460000000,
        "shippinghandlingandtransportationcosts": 1781000000,
        "fuelcosts": 968000000,
        "costofotherpropertyoperatingexpense": 225000000,
        "othercostandexpenseoperating": 1011000000,
        "costsandexpenses": 11717000000,
        "operatingincomeloss": 201000000,
        "investmentincomenonoperating": 2000000,
        "interestexpense": 92000000,
        "nonoperatingincomeexpense": -90000000,
        "incomelossfromcontinuingoperationsbeforeincometaxesminorityinterestandincomelossfromequitymethodinvestments": 1714000000,
        "incometaxexpensebenefit": 617000000,
        "earningspersharebasic": 1.17,
        "earningspersharediluted": 1.16
    },
    {
        "date": "2013-06-29",
        "symbol": "UPS",
        "period": "Q2",
        "netincomeloss": 1071000000,
        "othercomprehensiveincomelossforeigncurrencytransactionandtranslationadjustmentnetoftax": -24000000,
        "othercomprehensiveincomeunrealizedholdinggainlossonsecuritiesarisingduringperiodnetoftax": -6000000,
        "othercomprehensiveincomeunrealizedgainlossonderivativesarisingduringperiodnetoftax": 20000000,
        "othercomprehensiveincomelosspensionandotherpostretirementbenefitplansadjustmentnetoftax": -28000000,
        "comprehensiveincomenetoftax": 1089000000,
        "revenues": 2204000000,
        "laborandrelatedexpense": 6981000000,
        "costofservicesmaintenancecosts": 309000000,
        "depreciationandamortization": 466000000,
        "shippinghandlingandtransportationcosts": 1731000000,
        "fuelcosts": 992000000,
        "costofotherpropertyoperatingexpense": 225000000,
        "othercostandexpenseoperating": 1061000000,
        "costsandexpenses": 11765000000,
        "operatingincomeloss": 159000000,
        "investmentincomenonoperating": 3000000,
        "interestexpense": 98000000,
        "nonoperatingincomeexpense": -95000000,
        "incomelossfromcontinuingoperationsbeforeincometaxesminorityinterestandincomelossfromequitymethodinvestments": 1647000000,
        "incometaxexpensebenefit": 576000000,
        "earningspersharebasic": 1.14,
        "earningspersharediluted": 1.13
    },
    {
        "date": "2013-03-30",
        "symbol": "UPS",
        "period": "Q1",
        "netincomeloss": 1037000000,
        "othercomprehensiveincomelossforeigncurrencytransactionandtranslationadjustmentnetoftax": -142000000,
        "othercomprehensiveincomeunrealizedholdinggainlossonsecuritiesarisingduringperiodnetoftax": -2000000,
        "othercomprehensiveincomeunrealizedgainlossonderivativesarisingduringperiodnetoftax": -11000000,
        "othercomprehensiveincomelosspensionandotherpostretirementbenefitplansadjustmentnetoftax": -26000000,
        "comprehensiveincomenetoftax": 796000000,
        "revenues": 2185000000,
        "laborandrelatedexpense": 6968000000,
        "costofservicesmaintenancecosts": 309000000,
        "depreciationandamortization": 474000000,
        "shippinghandlingandtransportationcosts": 1780000000,
        "fuelcosts": 1006000000,
        "costofotherpropertyoperatingexpense": 253000000,
        "othercostandexpenseoperating": 1064000000,
        "costsandexpenses": 11854000000,
        "operatingincomeloss": 143000000,
        "investmentincomenonoperating": 5000000,
        "interestexpense": 96000000,
        "nonoperatingincomeexpense": -91000000,
        "incomelossfromcontinuingoperationsbeforeincometaxesminorityinterestandincomelossfromequitymethodinvestments": 1489000000,
        "incometaxexpensebenefit": 452000000,
        "earningspersharebasic": 1.09,
        "earningspersharediluted": 1.08
    },
    {
        "date": "2012-12-30",
        "symbol": "UPS",
        "period": "Q4",
        "netincomeloss": -1748000000,
        "othercomprehensiveincomeunrealizedholdinggainlossonsecuritiesarisingduringperiodnetoftax": 2000000,
        "othercomprehensiveincomeunrealizedgainlossonderivativesarisingduringperiodnetoftax": 50000000,
        "comprehensiveincomenetoftax": -2173000000,
        "revenues": -733000000,
        "laborandrelatedexpense": 11943000000,
        "costofservicesmaintenancecosts": 317000000,
        "depreciationandamortization": -907000000,
        "shippinghandlingandtransportationcosts": 2161000000,
        "fuelcosts": 1082000000,
        "costofotherpropertyoperatingexpense": 232000000,
        "othercostandexpenseoperating": 1142000000,
        "costsandexpenses": 17353000000,
        "operatingincomeloss": -97000000,
        "investmentincomenonoperating": 6000000,
        "interestexpense": 109000000,
        "nonoperatingincomeexpense": -103000000,
        "incomelossfromcontinuingoperationsbeforeincometaxesminorityinterestandincomelossfromequitymethodinvestments": -2885000000,
        "incometaxexpensebenefit": -1137000000,
        "earningspersharebasic": -1.8199999999999998,
        "earningspersharediluted": -1.7999999999999998
    },
    {
        "date": "2012-09-29",
        "symbol": "UPS",
        "period": "Q3",
        "netincomeloss": 469000000,
        "othercomprehensiveincomeforeigncurrencytransactionandtranslationadjustmentnetoftaxperiodincreasedecrease": 243000000,
        "othercomprehensiveincomeunrealizedholdinggainlossonsecuritiesarisingduringperiodnetoftax": 1000000,
        "othercomprehensiveincomeunrealizedgainlossonderivativesarisingduringperiodnetoftax": -8000000,
        "othercomprehensiveincomedefinedbenefitplansadjustmentnetoftaxperiodincreasedecrease": 27000000,
        "comprehensiveincomenetoftax": 732000000,
        "revenues": 2267000000,
        "laborandrelatedexpense": 7577000000,
        "costofservicesmaintenancecosts": 306000000,
        "depreciationandamortization": 464000000,
        "shippinghandlingandtransportationcosts": 1743000000,
        "fuelcosts": 969000000,
        "costofotherpropertyoperatingexpense": 220000000,
        "othercostandexpenseoperating": 1026000000,
        "costsandexpenses": 12305000000,
        "operatingincomeloss": 188000000,
        "investmentincomenonoperating": 6000000,
        "interestexpense": 98000000,
        "nonoperatingincomeexpense": -92000000,
        "incomelossfromcontinuingoperationsbeforeincometaxesminorityinterestandincomelossfromequitymethodinvestments": 674000000,
        "incometaxexpensebenefit": 205000000,
        "earningspersharebasic": 0.49,
        "earningspersharediluted": 0.48
    },
    {
        "date": "2012-06-29",
        "symbol": "UPS",
        "period": "Q2",
        "netincomeloss": 1116000000,
        "othercomprehensiveincomeforeigncurrencytransactionandtranslationadjustmentnetoftaxperiodincreasedecrease": -158000000,
        "othercomprehensiveincomeunrealizedholdinggainlossonsecuritiesarisingduringperiodnetoftax": 2000000,
        "othercomprehensiveincomeunrealizedgainlossonderivativesarisingduringperiodnetoftax": -43000000,
        "othercomprehensiveincomedefinedbenefitplansadjustmentnetoftaxperiodincreasedecrease": 27000000,
        "comprehensiveincomenetoftax": 944000000,
        "revenues": 2277000000,
        "laborandrelatedexpense": 6747000000,
        "costofservicesmaintenancecosts": 303000000,
        "depreciationandamortization": 459000000,
        "shippinghandlingandtransportationcosts": 1733000000,
        "fuelcosts": 1014000000,
        "costofotherpropertyoperatingexpense": 213000000,
        "othercostandexpenseoperating": 1090000000,
        "costsandexpenses": 11559000000,
        "operatingincomeloss": 202000000,
        "investmentincomenonoperating": 6000000,
        "interestexpense": 92000000,
        "nonoperatingincomeexpense": -86000000,
        "incomelossfromcontinuingoperationsbeforeincometaxesminorityinterestandincomelossfromequitymethodinvestments": 1704000000,
        "incometaxexpensebenefit": 588000000,
        "earningspersharebasic": 1.16,
        "earningspersharediluted": 1.15
    },
    {
        "date": "2012-03-30",
        "symbol": "UPS",
        "period": "Q1",
        "netincomeloss": 970000000,
        "othercomprehensiveincomeforeigncurrencytransactionandtranslationadjustmentnetoftaxperiodincreasedecrease": 91000000,
        "othercomprehensiveincomeunrealizedholdinggainlossonsecuritiesarisingduringperiodnetoftax": 1000000,
        "othercomprehensiveincomeunrealizedgainlossonderivativesarisingduringperiodnetoftax": -42000000,
        "othercomprehensiveincomedefinedbenefitplansadjustmentnetoftaxperiodincreasedecrease": 34000000,
        "comprehensiveincomenetoftax": 1053000000,
        "revenues": 2166000000,
        "laborandrelatedexpense": 6835000000,
        "costofservicesmaintenancecosts": 302000000,
        "depreciationandamortization": 459000000,
        "shippinghandlingandtransportationcosts": 1717000000,
        "fuelcosts": 1025000000,
        "costofotherpropertyoperatingexpense": 237000000,
        "othercostandexpenseoperating": 992000000,
        "costsandexpenses": 11567000000,
        "operatingincomeloss": 166000000,
        "investmentincomenonoperating": 6000000,
        "interestexpense": 94000000,
        "nonoperatingincomeexpense": -88000000,
        "incomelossfromcontinuingoperationsbeforeincometaxesminorityinterestandincomelossfromequitymethodinvestments": 1481000000,
        "incometaxexpensebenefit": 511000000,
        "earningspersharebasic": 1.01,
        "earningspersharediluted": 1
    },
    {
        "date": "2011-12-30",
        "symbol": "UPS",
        "period": "Q4",
        "revenues": -4233000000,
        "laborandrelatedexpense": 6950000000,
        "costofservicesmaintenancecosts": 330000000,
        "depreciationandamortization": -1177000000,
        "shippinghandlingandtransportationcosts": 2026000000,
        "fuelcosts": 1066000000,
        "costofotherpropertyoperatingexpense": 228000000,
        "othercostandexpenseoperating": 1138000000,
        "costsandexpenses": 12829000000,
        "operatingincomeloss": 6159000000,
        "investmentincomenonoperating": 8000000,
        "interestexpense": 96000000,
        "nonoperatingincomeexpense": -88000000,
        "incomelossfromcontinuingoperationsbeforeincometaxesminorityinterestandincomelossfromequitymethodinvestments": 1889000000,
        "incometaxexpensebenefit": 666000000,
        "netincomeloss": 1223000000,
        "earningspersharebasic": 1.2499999999999996,
        "earningspersharediluted": 1.2400000000000002,
        "othercomprehensiveincomeforeigncurrencytransactionandtranslationadjustmentnetoftaxperiodincreasedecrease": -45000000,
        "othercomprehensiveincomeunrealizedholdinggainlossonsecuritiesarisingduringperiodnetoftax": 15000000,
        "othercomprehensiveincomeunrealizedgainlossonderivativesarisingduringperiodnetoftax": -7000000,
        "othercomprehensiveincomedefinedbenefitplansadjustmentnetoftaxperiodincreasedecrease": -1050000000,
        "comprehensiveincomenetoftax": 191000000
    },
    {
        "date": "2011-09-29",
        "symbol": "UPS",
        "period": "Q3",
        "revenues": 2342000000,
        "laborandrelatedexpense": 6694000000,
        "costofservicesmaintenancecosts": 324000000,
        "depreciationandamortization": 447000000,
        "shippinghandlingandtransportationcosts": 1796000000,
        "fuelcosts": 1015000000,
        "costofotherpropertyoperatingexpense": 229000000,
        "othercostandexpenseoperating": 1042000000,
        "costsandexpenses": 11547000000,
        "operatingincomeloss": 195000000,
        "investmentincomenonoperating": 16000000,
        "interestexpense": 84000000,
        "nonoperatingincomeexpense": -68000000,
        "incomelossfromcontinuingoperationsbeforeincometaxesminorityinterestandincomelossfromequitymethodinvestments": 1551000000,
        "incometaxexpensebenefit": 509000000,
        "netincomeloss": 1042000000,
        "earningspersharebasic": 1.07,
        "earningspersharediluted": 1.06,
        "othercomprehensiveincomeforeigncurrencytransactionandtranslationadjustmentnetoftaxperiodincreasedecrease": -179000000,
        "othercomprehensiveincomeunrealizedholdinggainlossonsecuritiesarisingduringperiodnetoftax": 2000000,
        "othercomprehensiveincomeunrealizedgainlossonderivativesarisingduringperiodnetoftax": 39000000,
        "othercomprehensiveincomedefinedbenefitplansadjustmentnetoftaxperiodincreasedecrease": 75000000,
        "comprehensiveincomenetoftax": 979000000
    },
    {
        "date": "2011-06-29",
        "symbol": "UPS",
        "period": "Q2",
        "revenues": 2315000000,
        "laborandrelatedexpense": 6683000000,
        "costofservicesmaintenancecosts": 317000000,
        "depreciationandamortization": 443000000,
        "shippinghandlingandtransportationcosts": 1762000000,
        "fuelcosts": 1057000000,
        "costofotherpropertyoperatingexpense": 225000000,
        "othercostandexpenseoperating": 1006000000,
        "costsandexpenses": 11493000000,
        "operatingincomeloss": 235000000,
        "investmentincomenonoperating": 9000000,
        "interestexpense": 83000000,
        "nonoperatingincomeexpense": -74000000,
        "incomelossfromcontinuingoperationsbeforeincometaxesminorityinterestandincomelossfromequitymethodinvestments": 1624000000,
        "incometaxexpensebenefit": 561000000,
        "netincomeloss": 1063000000,
        "earningspersharebasic": 1.08,
        "earningspersharediluted": 1.07,
        "othercomprehensiveincomeforeigncurrencytransactionandtranslationadjustmentnetoftaxperiodincreasedecrease": 7000000,
        "othercomprehensiveincomeunrealizedholdinggainlossonsecuritiesarisingduringperiodnetoftax": -3000000,
        "othercomprehensiveincomeunrealizedgainlossonderivativesarisingduringperiodnetoftax": -5000000,
        "othercomprehensiveincomedefinedbenefitplansadjustmentnetoftaxperiodincreasedecrease": 76000000,
        "comprehensiveincomenetoftax": 1138000000
    },
    {
        "date": "2011-03-30",
        "symbol": "UPS",
        "period": "Q1",
        "revenues": 2139000000,
        "laborandrelatedexpense": 6608000000,
        "costofservicesmaintenancecosts": 315000000,
        "depreciationandamortization": 441000000,
        "shippinghandlingandtransportationcosts": 1648000000,
        "fuelcosts": 908000000,
        "costofotherpropertyoperatingexpense": 261000000,
        "othercostandexpenseoperating": 975000000,
        "costsandexpenses": 11156000000,
        "operatingincomeloss": 131000000,
        "investmentincomenonoperating": 11000000,
        "interestexpense": 85000000,
        "nonoperatingincomeexpense": -74000000,
        "incomelossfromcontinuingoperationsbeforeincometaxesminorityinterestandincomelossfromequitymethodinvestments": 1352000000,
        "incometaxexpensebenefit": 467000000,
        "netincomeloss": 885000000,
        "earningspersharebasic": 0.89,
        "earningspersharediluted": 0.88,
        "othercomprehensiveincomeforeigncurrencytransactionandtranslationadjustmentnetoftaxperiodincreasedecrease": 125000000,
        "othercomprehensiveincomeunrealizedholdinggainlossonsecuritiesarisingduringperiodnetoftax": 4000000,
        "othercomprehensiveincomeunrealizedgainlossonderivativesarisingduringperiodnetoftax": -53000000,
        "othercomprehensiveincomedefinedbenefitplansadjustmentnetoftaxperiodincreasedecrease": 85000000,
        "comprehensiveincomenetoftax": 1028000000
    },
    {
        "date": "2010-12-30",
        "symbol": "UPS",
        "period": "Q4",
        "revenues": -13909000000,
        "laborandrelatedexpense": 6859000000,
        "costofservicesmaintenancecosts": 294000000,
        "depreciationandamortization": -1173000000,
        "shippinghandlingandtransportationcosts": 1870000000,
        "fuelcosts": 853000000,
        "costofotherpropertyoperatingexpense": 239000000,
        "othercostandexpenseoperating": 1048000000,
        "costsandexpenses": 11607000000,
        "operatingincomeloss": -755000000,
        "investmentincomenonoperating": 10000000,
        "interestexpense": 94000000,
        "nonoperatingincomeexpense": -84000000,
        "incomelossfromcontinuingoperationsbeforeincometaxesminorityinterestandincomelossfromequitymethodinvestments": 1730000000,
        "incometaxexpensebenefit": -1348000000,
        "netincomeloss": 1119000000,
        "earningspersharebasic": 1.1199999999999997,
        "earningspersharediluted": 1.1200000000000003,
        "othercomprehensiveincomeforeigncurrencytransactionandtranslationadjustmentnetoftaxperiodincreasedecrease": -10000000,
        "othercomprehensiveincomeunrealizedholdinggainlossonsecuritiesarisingduringperiodnetoftax": -14000000,
        "othercomprehensiveincomeunrealizedgainlossonderivativesarisingduringperiodnetoftax": 94000000,
        "othercomprehensiveincomedefinedbenefitplansadjustmentnetoftaxperiodincreasedecrease": -1089000000,
        "comprehensiveincomenetoftax": 77000000
    },
    {
        "date": "2010-09-29",
        "symbol": "UPS",
        "period": "Q3",
        "revenues": 2225000000,
        "laborandrelatedexpense": 6411000000,
        "costofservicesmaintenancecosts": 282000000,
        "depreciationandamortization": 448000000,
        "shippinghandlingandtransportationcosts": 1656000000,
        "fuelcosts": 724000000,
        "costofotherpropertyoperatingexpense": 222000000,
        "othercostandexpenseoperating": 833000000,
        "costsandexpenses": 10576000000,
        "operatingincomeloss": 177000000,
        "investmentincomenonoperating": 15000000,
        "interestexpense": 91000000,
        "nonoperatingincomeexpense": -76000000,
        "incomelossfromcontinuingoperationsbeforeincometaxesminorityinterestandincomelossfromequitymethodinvestments": 1540000000,
        "incometaxexpensebenefit": 549000000,
        "netincomeloss": 991000000,
        "earningspersharebasic": 1,
        "earningspersharediluted": 0.99,
        "othercomprehensiveincomeforeigncurrencytransactionandtranslationadjustmentnetoftaxperiodincreasedecrease": 125000000,
        "othercomprehensiveincomeunrealizedholdinggainlossonsecuritiesarisingduringperiodnetoftax": 9000000,
        "othercomprehensiveincomeunrealizedgainlossonderivativesarisingduringperiodnetoftax": -113000000,
        "othercomprehensiveincomedefinedbenefitplansadjustmentnetoftaxperiodincreasedecrease": 43000000,
        "comprehensiveincomenetoftax": 1055000000
    },
    {
        "date": "2010-06-29",
        "symbol": "UPS",
        "period": "Q2",
        "revenues": 2164000000,
        "laborandrelatedexpense": 6515000000,
        "costofservicesmaintenancecosts": 281000000,
        "depreciationandamortization": 449000000,
        "shippinghandlingandtransportationcosts": 1613000000,
        "fuelcosts": 717000000,
        "costofotherpropertyoperatingexpense": 216000000,
        "othercostandexpenseoperating": 1011000000,
        "costsandexpenses": 10802000000,
        "operatingincomeloss": 133000000,
        "investmentincomenonoperating": -18000000,
        "interestexpense": 84000000,
        "nonoperatingincomeexpense": -102000000,
        "incomelossfromcontinuingoperationsbeforeincometaxesminorityinterestandincomelossfromequitymethodinvestments": 1300000000,
        "incometaxexpensebenefit": 455000000,
        "netincomeloss": 845000000,
        "earningspersharebasic": 0.85,
        "earningspersharediluted": 0.84,
        "othercomprehensiveincomeforeigncurrencytransactionandtranslationadjustmentnetoftaxperiodincreasedecrease": -92000000,
        "othercomprehensiveincomeunrealizedholdinggainlossonsecuritiesarisingduringperiodnetoftax": 16000000,
        "othercomprehensiveincomeunrealizedgainlossonderivativesarisingduringperiodnetoftax": -27000000,
        "othercomprehensiveincomedefinedbenefitplansadjustmentnetoftaxperiodincreasedecrease": 41000000,
        "comprehensiveincomenetoftax": 783000000
    },
    {
        "date": "2010-03-30",
        "symbol": "UPS",
        "period": "Q1",
        "revenues": 11728000000,
        "laborandrelatedexpense": 6539000000,
        "costofservicesmaintenancecosts": 274000000,
        "depreciationandamortization": 451000000,
        "shippinghandlingandtransportationcosts": 1501000000,
        "fuelcosts": 678000000,
        "costofotherpropertyoperatingexpense": 262000000,
        "othercostandexpenseoperating": 981000000,
        "costsandexpenses": 10686000000,
        "operatingincomeloss": 1042000000,
        "investmentincomenonoperating": -4000000,
        "interestexpense": 85000000,
        "nonoperatingincomeexpense": -89000000,
        "incomelossfromcontinuingoperationsbeforeincometaxesminorityinterestandincomelossfromequitymethodinvestments": 953000000,
        "incometaxexpensebenefit": 420000000,
        "netincomeloss": 533000000,
        "earningspersharebasic": 0.54,
        "earningspersharediluted": 0.53,
        "othercomprehensiveincomeforeigncurrencytransactionandtranslationadjustmentnetoftaxperiodincreasedecrease": -128000000,
        "othercomprehensiveincomeunrealizedholdinggainlossonsecuritiesarisingduringperiodnetoftax": 19000000,
        "othercomprehensiveincomeunrealizedgainlossonderivativesarisingduringperiodnetoftax": 39000000,
        "othercomprehensiveincomedefinedbenefitplansadjustmentnetoftaxperiodincreasedecrease": 42000000,
        "comprehensiveincomenetoftax": 505000000
    },
    {
        "date": "2009-09-29",
        "symbol": "UPS",
        "period": "Q3",
        "revenues": 11153000000,
        "laborandrelatedexpense": 6341000000,
        "costofservicesmaintenancecosts": 265000000,
        "depreciationandamortization": 441000000,
        "shippinghandlingandtransportationcosts": 1298000000,
        "fuelcosts": 635000000,
        "costofotherpropertyoperatingexpense": 241000000,
        "othercostandexpenseoperating": 1003000000,
        "costsandexpenses": 10224000000,
        "operatingincomeloss": 929000000,
        "investmentincomenonoperating": 6000000,
        "interestexpense": 93000000,
        "nonoperatingincomeexpense": -87000000,
        "incomelossfromcontinuingoperationsbeforeincometaxesminorityinterestandincomelossfromequitymethodinvestments": 842000000,
        "incometaxexpensebenefit": 293000000,
        "netincomeloss": 549000000,
        "earningspersharebasic": 0.55,
        "earningspersharediluted": 0.55,
        "othercomprehensiveincomeforeigncurrencytransactionandtranslationadjustmentnetoftaxperiodincreasedecrease": 163000000,
        "othercomprehensiveincomeunrealizedholdinggainlossonsecuritiesarisingduringperiodnetoftax": 12000000,
        "othercomprehensiveincomeunrealizedgainlossonderivativesarisingduringperiodnetoftax": -117000000,
        "othercomprehensiveincomedefinedbenefitplansadjustmentnetoftaxperiodincreasedecrease": 39000000,
        "comprehensiveincomenetoftax": 646000000
    },
    {
        "date": "2009-06-29",
        "symbol": "UPS",
        "period": "Q2",
        "revenues": 10829000000,
        "laborandrelatedexpense": 6330000000,
        "costofservicesmaintenancecosts": 273000000,
        "depreciationandamortization": 426000000,
        "shippinghandlingandtransportationcosts": 1188000000,
        "fuelcosts": 539000000,
        "costofotherpropertyoperatingexpense": 225000000,
        "othercostandexpenseoperating": 953000000,
        "costsandexpenses": 9934000000,
        "operatingincomeloss": 895000000,
        "investmentincomenonoperating": -22000000,
        "interestexpense": 181000000,
        "nonoperatingincomeexpense": -203000000,
        "incomelossfromcontinuingoperationsbeforeincometaxesminorityinterestandincomelossfromequitymethodinvestments": 692000000,
        "incometaxexpensebenefit": 247000000,
        "netincomeloss": 445000000,
        "earningspersharebasic": 0.45,
        "earningspersharediluted": 0.44,
        "othercomprehensiveincomeforeigncurrencytransactionandtranslationadjustmentnetoftaxperiodincreasedecrease": 38000000,
        "othercomprehensiveincomeunrealizedholdinggainlossonsecuritiesarisingduringperiodnetoftax": 24000000,
        "othercomprehensiveincomeunrealizedgainlossonderivativesarisingduringperiodnetoftax": -91000000,
        "othercomprehensiveincomedefinedbenefitplansadjustmentnetoftaxperiodincreasedecrease": 40000000,
        "comprehensiveincomenetoftax": 456000000
    }
]