[
    {
        "date": "2023-03-30",
        "symbol": "PCG",
        "period": "Q1",
        "revenues": 4119000000,
        "costofgoodsandservicessold": 522000000,
        "utilitiesoperatingexpensemaintenanceandoperations": 2677000000,
        "wildfireprotectionpackageexpense": 273000000,
        "lossfromcatastrophesgainfrominsurancerecovery": -2000000,
        "litigationsettlementexpense": 117000000,
        "depreciationamortizationdecommissioningincomestatement": 1077000000,
        "operatingcostsandexpenses": 5580000000,
        "operatingincomeloss": 629000000,
        "investmentincomeinterest": 112000000,
        "interestexpense": 602000000,
        "othernonoperatingincomeexpense": 85000000,
        "incomelossfromcontinuingoperationsbeforeincometaxesextraordinaryitemsnoncontrollinginterest": 224000000,
        "incometaxexpensebenefit": -348000000,
        "profitloss": 572000000,
        "preferredstockdividendsandotheradjustments": 3000000,
        "netincomelossavailabletocommonstockholdersbasic": 569000000,
        "weightedaveragenumberofsharesoutstandingbasic": 1991000000,
        "weightedaveragenumberofdilutedsharesoutstanding": 2132000000,
        "earningspersharebasic": 0.29,
        "earningspersharediluted": 0.27,
        "othercomprehensiveincomelossavailableforsalesecuritiesadjustmentnetoftax": 5000000,
        "othercomprehensiveincomelossnetoftaxportionattributabletoparent": 5000000,
        "comprehensiveincomenetoftaxincludingportionattributabletononcontrollinginterest": 577000000,
        "comprehensiveincomepreferredstockdividendrequirementofsubsidiary": 3000000,
        "comprehensiveincomenetoftaxavailabletocommonstockholdersbasic": 574000000,
        "othercomprehensiveincomelossavailableforsalesecuritiestax": 2000000,
        "dividendspreferredstock": 3000000
    },
    {
        "date": "2021-06-29",
        "symbol": "PCG",
        "period": "Q2",
        "revenuefromcontractwithcustomerexcludingassessedtax": 3951000000,
        "costofgoodsandservicessold": 847000000,
        "utilitiesoperatingexpensemaintenanceandoperations": 2583000000,
        "lossfromcatastrophesgainfrominsurancerecovery": -5000000,
        "litigationsettlementexpense": 118000000,
        "depreciationamortizationdecommissioningincomestatement": 851000000,
        "operatingcostsandexpenses": 4581000000,
        "operatingincomeloss": 634000000,
        "investmentincomeinterest": 15000000,
        "interestexpense": 398000000,
        "othernonoperatingincomeexpense": 128000000,
        "reorganizationitems": 9000000,
        "incomelossfromcontinuingoperationsbeforeincometaxesminorityinterestandincomelossfromequitymethodinvestments": 368000000,
        "incometaxexpensebenefit": -33000000,
        "preferredstockdividendsincomestatementimpact": 4000000,
        "netincomelossavailabletocommonstockholdersbasic": 397000000,
        "weightedaveragenumberofsharesoutstandingbasic": 0,
        "weightedaveragenumberofdilutedsharesoutstanding": 15000000,
        "earningspersharebasic": 0.2,
        "earningspersharediluted": 0.18,
        "othercomprehensiveincomelosspensionandotherpostretirementbenefitplansadjustmentnetoftax": 0,
        "othercomprehensiveincomelossnetoftaxportionattributabletoparent": 0,
        "comprehensiveincomenetoftaxincludingportionattributabletononcontrollinginterest": 401000000,
        "comprehensiveincomepreferredstockdividendrequirementofsubsidiary": 4000000,
        "comprehensiveincomenetoftaxavailabletocommonstockholdersbasic": 397000000
    },
    {
        "date": "2021-03-30",
        "symbol": "PCG",
        "period": "Q1",
        "revenuefromcontractwithcustomerexcludingassessedtax": 3395000000,
        "costofgoodsandservicessold": 590000000,
        "utilitiesoperatingexpensemaintenanceandoperations": 2336000000,
        "lossfromcatastrophesgainfrominsurancerecovery": 172000000,
        "litigationsettlementexpense": 119000000,
        "depreciationamortizationdecommissioningincomestatement": 888000000,
        "operatingcostsandexpenses": 4412000000,
        "operatingincomeloss": 304000000,
        "investmentincomeinterest": 2000000,
        "interestexpense": 408000000,
        "othernonoperatingincomeexpense": 127000000,
        "reorganizationitems": 2000000,
        "incomelossfromcontinuingoperationsbeforeincometaxesminorityinterestandincomelossfromequitymethodinvestments": 25000000,
        "incometaxexpensebenefit": -98000000,
        "profitloss": 123000000,
        "preferredstockdividendsincomestatementimpact": 3000000,
        "netincomelossavailabletocommonstockholdersbasic": 120000000,
        "weightedaveragenumberofsharesoutstandingbasic": 1985000000,
        "weightedaveragenumberofdilutedsharesoutstanding": 2131000000,
        "earningspersharebasic": 0.06,
        "earningspersharediluted": 0.06,
        "othercomprehensiveincomelosspensionandotherpostretirementbenefitplansadjustmentnetoftax": -1000000,
        "othercomprehensiveincomelossnetoftaxportionattributabletoparent": 1000000,
        "comprehensiveincomenetoftaxincludingportionattributabletononcontrollinginterest": 124000000,
        "comprehensiveincomepreferredstockdividendrequirementofsubsidiary": 3000000,
        "comprehensiveincomenetoftaxavailabletocommonstockholdersbasic": 121000000
    },
    {
        "date": "2020-12-30",
        "symbol": "PCG",
        "period": "Q4",
        "costofgoodsandservicessold": 698000000,
        "utilitiesoperatingexpensemaintenanceandoperations": 2286000000,
        "depreciationamortizationdecommissioningincomestatement": 894000000,
        "operatingcostsandexpenses": 4328000000,
        "operatingincomeloss": 420000000,
        "investmentincomeinterest": 6000000,
        "interestexpense": 416000000,
        "othernonoperatingincomeexpense": 184000000,
        "reorganizationitems": 22000000,
        "incomelossfromcontinuingoperationsbeforeincometaxesminorityinterestandincomelossfromequitymethodinvestments": 172000000,
        "incometaxexpensebenefit": -32000000,
        "profitloss": 204000000,
        "netincomelossavailabletocommonstockholdersbasic": 200000000,
        "weightedaveragenumberofsharesoutstandingbasic": -1768000000,
        "weightedaveragenumberofdilutedsharesoutstanding": -2060000000,
        "earningspersharebasic": 1.9399999999999997,
        "earningspersharediluted": 2.07,
        "comprehensiveincomenetoftaxincludingportionattributabletononcontrollinginterest": 187000000,
        "comprehensiveincomepreferredstockdividendrequirementofsubsidiary": 4000000,
        "comprehensiveincomenetoftaxavailabletocommonstockholdersbasic": 183000000
    },
    {
        "date": "2020-09-29",
        "symbol": "PCG",
        "period": "Q3",
        "revenuefromcontractwithcustomerexcludingassessedtax": 3810000000,
        "costofgoodsandservicessold": 1114000000,
        "utilitiesoperatingexpensemaintenanceandoperations": 2290000000,
        "lossfromcatastrophesgainfrominsurancerecovery": 25000000,
        "litigationsettlementexpense": 120000000,
        "depreciationamortizationdecommissioningincomestatement": 845000000,
        "operatingcostsandexpenses": 4484000000,
        "operatingincomeloss": 398000000,
        "investmentincomeinterest": 5000000,
        "interestexpense": 391000000,
        "othernonoperatingincomeexpense": 102000000,
        "reorganizationitems": 137000000,
        "incomelossfromcontinuingoperationsbeforeincometaxesminorityinterestandincomelossfromequitymethodinvestments": -23000000,
        "incometaxexpensebenefit": -109000000,
        "profitloss": 86000000,
        "preferredstockdividendsincomestatementimpact": 3000000,
        "netincomelossavailabletocommonstockholdersbasic": 83000000,
        "weightedaveragenumberofsharesoutstandingbasic": 1967000000,
        "weightedaveragenumberofdilutedsharesoutstanding": 2140000000,
        "earningspersharebasic": 0.04,
        "earningspersharediluted": 0.04,
        "othercomprehensiveincomelosspensionandotherpostretirementbenefitplansadjustmentnetoftax": -1000000,
        "othercomprehensiveincomelossnetoftaxportionattributabletoparent": 1000000,
        "comprehensiveincomenetoftaxincludingportionattributabletononcontrollinginterest": 86000000,
        "comprehensiveincomepreferredstockdividendrequirementofsubsidiary": 3000000,
        "comprehensiveincomenetoftaxavailabletocommonstockholdersbasic": 83000000
    },
    {
        "date": "2020-06-29",
        "symbol": "PCG",
        "period": "Q2",
        "revenuefromcontractwithcustomerexcludingassessedtax": 3435000000,
        "costofgoodsandservicessold": 759000000,
        "utilitiesoperatingexpensemaintenanceandoperations": 2141000000,
        "lossfromcatastrophesgainfrominsurancerecovery": 170000000,
        "litigationsettlementexpense": 173000000,
        "depreciationamortizationdecommissioningincomestatement": 874000000,
        "operatingcostsandexpenses": 4251000000,
        "operatingincomeloss": 282000000,
        "investmentincomeinterest": 12000000,
        "interestexpense": 199000000,
        "othernonoperatingincomeexpense": 100000000,
        "reorganizationitems": 1624000000,
        "incomelossfromcontinuingoperationsbeforeincometaxesminorityinterestandincomelossfromequitymethodinvestments": -1429000000,
        "incometaxexpensebenefit": 539000000,
        "profitloss": -1968000000,
        "preferredstockdividendsincomestatementimpact": 4000000,
        "netincomelossavailabletocommonstockholdersbasic": -1972000000,
        "weightedaveragenumberofsharesoutstandingbasic": 529000000,
        "weightedaveragenumberofdilutedsharesoutstanding": 529000000,
        "earningspersharebasic": -3.73,
        "earningspersharediluted": -3.73,
        "comprehensiveincomenetoftaxincludingportionattributabletononcontrollinginterest": -1968000000,
        "comprehensiveincomepreferredstockdividendrequirementofsubsidiary": 4000000,
        "comprehensiveincomenetoftaxavailabletocommonstockholdersbasic": -1972000000
    },
    {
        "date": "2020-03-30",
        "symbol": "PCG",
        "period": "Q1",
        "revenuefromcontractwithcustomerexcludingassessedtax": 3040000000,
        "costofgoodsandservicessold": 545000000,
        "utilitiesoperatingexpensemaintenanceandoperations": 1967000000,
        "depreciationamortizationdecommissioningincomestatement": 855000000,
        "operatingcostsandexpenses": 3651000000,
        "operatingincomeloss": 655000000,
        "investmentincomeinterest": 16000000,
        "interestexpense": 254000000,
        "othernonoperatingincomeexpense": 97000000,
        "reorganizationitems": 176000000,
        "incomelossfromcontinuingoperationsbeforeincometaxesminorityinterestandincomelossfromequitymethodinvestments": 338000000,
        "incometaxexpensebenefit": -36000000,
        "profitloss": 374000000,
        "preferredstockdividendsincomestatementimpact": 3000000,
        "netincomelossavailabletocommonstockholdersbasic": 371000000,
        "weightedaveragenumberofsharesoutstandingbasic": 529000000,
        "weightedaveragenumberofdilutedsharesoutstanding": 648000000,
        "earningspersharebasic": 0.7,
        "earningspersharediluted": 0.57,
        "comprehensiveincomenetoftaxincludingportionattributabletononcontrollinginterest": 374000000,
        "comprehensiveincomepreferredstockdividendrequirementofsubsidiary": 3000000,
        "comprehensiveincomenetoftaxavailabletocommonstockholdersbasic": 371000000
    },
    {
        "date": "2019-12-30",
        "symbol": "PCG",
        "period": "Q4",
        "costofgoodsandservicessold": 849000000,
        "utilitiesoperatingexpensemaintenanceandoperations": 2473000000,
        "depreciationamortizationdecommissioningincomestatement": 801000000,
        "operatingcostsandexpenses": 9069000000,
        "operatingincomeloss": -4326000000,
        "investmentincomeinterest": 21000000,
        "interestexpense": 721000000,
        "othernonoperatingincomeexpense": 56000000,
        "reorganizationitems": 106000000,
        "incomelossfromcontinuingoperationsbeforeincometaxesminorityinterestandincomelossfromequitymethodinvestments": -5076000000,
        "incometaxexpensebenefit": -1466000000,
        "profitloss": -3610000000,
        "netincomelossavailabletocommonstockholdersbasic": -3617000000,
        "weightedaveragenumberofsharesoutstandingbasic": -1056000000,
        "weightedaveragenumberofdilutedsharesoutstanding": -1057000000,
        "earningspersharebasic": -6.859999999999999,
        "earningspersharediluted": -6.859999999999999,
        "comprehensiveincomenetoftaxincludingportionattributabletononcontrollinginterest": -3611000000,
        "comprehensiveincomenetoftaxavailabletocommonstockholdersbasic": -3621000000
    },
    {
        "date": "2019-09-29",
        "symbol": "PCG",
        "period": "Q3",
        "revenuefromcontractwithcustomerexcludingassessedtax": 3554000000,
        "costofgoodsandservicessold": 1070000000,
        "utilitiesoperatingexpensemaintenanceandoperations": 2206000000,
        "lossfromcatastrophesgainfrominsurancerecovery": 2548000000,
        "depreciationamortizationdecommissioningincomestatement": 840000000,
        "operatingcostsandexpenses": 6732000000,
        "operatingincomeloss": -2300000000,
        "investmentincomeinterest": 18000000,
        "interestexpense": 52000000,
        "othernonoperatingincomeexpense": 62000000,
        "reorganizationitems": 73000000,
        "incomelossfromcontinuingoperationsbeforeincometaxesminorityinterestandincomelossfromequitymethodinvestments": -2345000000,
        "incometaxexpensebenefit": -729000000,
        "profitloss": -1616000000,
        "preferredstockdividendsincomestatementimpact": 3000000,
        "netincomelossavailabletocommonstockholdersbasic": -1619000000,
        "weightedaveragenumberofsharesoutstandingbasic": 529000000,
        "weightedaveragenumberofdilutedsharesoutstanding": 529000000,
        "earningspersharebasic": -3.06,
        "earningspersharediluted": -3.06,
        "comprehensiveincomenetoftaxincludingportionattributabletononcontrollinginterest": -1616000000,
        "comprehensiveincomepreferredstockdividendrequirementofsubsidiary": 3000000,
        "comprehensiveincomenetoftaxavailabletocommonstockholdersbasic": -1619000000
    },
    {
        "date": "2019-06-29",
        "symbol": "PCG",
        "period": "Q2",
        "profitloss": -2549000000,
        "comprehensiveincomenetoftaxincludingportionattributabletononcontrollinginterest": -2549000000,
        "comprehensiveincomepreferredstockdividendrequirementofsubsidiary": 4000000,
        "comprehensiveincomenetoftaxavailabletocommonstockholdersbasic": -2553000000,
        "revenuefromcontractwithcustomerexcludingassessedtax": 2946000000,
        "costofgoodsandservicessold": 837000000,
        "utilitiesoperatingexpensemaintenanceandoperations": 1942000000,
        "lossfromcatastrophesgainfrominsurancerecovery": 3900000000,
        "depreciationamortizationdecommissioningincomestatement": 796000000,
        "operatingcostsandexpenses": 7583000000,
        "operatingincomeloss": -3640000000,
        "investmentincomeinterest": 22000000,
        "interestexpense": 60000000,
        "othernonoperatingincomeexpense": 66000000,
        "reorganizationitems": 56000000,
        "incomelossfromcontinuingoperationsbeforeincometaxesminorityinterestandincomelossfromequitymethodinvestments": -3668000000,
        "incometaxexpensebenefit": -1119000000,
        "preferredstockdividendsincomestatementimpact": 4000000,
        "netincomelossavailabletocommonstockholdersbasic": -2553000000,
        "weightedaveragenumberofsharesoutstandingbasic": 529000000,
        "weightedaveragenumberofdilutedsharesoutstanding": 529000000,
        "earningspersharebasic": -4.83,
        "earningspersharediluted": -4.83
    },
    {
        "date": "2019-03-30",
        "symbol": "PCG",
        "period": "Q1",
        "profitloss": 133000000,
        "comprehensiveincomenetoftaxincludingportionattributabletononcontrollinginterest": 133000000,
        "comprehensiveincomenetoftaxavailabletocommonstockholdersbasic": 136000000,
        "revenuefromcontractwithcustomerexcludingassessedtax": 4011000000,
        "costofgoodsandservicessold": 339000000,
        "utilitiesoperatingexpensemaintenanceandoperations": 2104000000,
        "depreciationamortizationdecommissioningincomestatement": 797000000,
        "operatingcostsandexpenses": 3839000000,
        "operatingincomeloss": 172000000,
        "investmentincomeinterest": 21000000,
        "interestexpense": 101000000,
        "othernonoperatingincomeexpense": 66000000,
        "reorganizationitems": 111000000,
        "incomelossfromcontinuingoperationsbeforeincometaxesminorityinterestandincomelossfromequitymethodinvestments": 47000000,
        "incometaxexpensebenefit": -86000000,
        "netincomelossavailabletocommonstockholdersbasic": 133000000,
        "weightedaveragenumberofsharesoutstandingbasic": 526000000,
        "weightedaveragenumberofdilutedsharesoutstanding": 527000000,
        "earningspersharebasic": 0.25,
        "earningspersharediluted": 0.25
    },
    {
        "date": "2018-09-29",
        "symbol": "PCG",
        "period": "Q3",
        "profitloss": 571000000,
        "othercomprehensiveincomelosspensionandotherpostretirementbenefitplansadjustmentnetoftax": -1000000,
        "othercomprehensiveincomelossnetoftaxportionattributabletoparent": 1000000,
        "comprehensiveincomenetoftaxincludingportionattributabletononcontrollinginterest": 571000000,
        "comprehensiveincomepreferredstockdividendrequirementofsubsidiary": 3000000,
        "comprehensiveincomenetoftaxavailabletocommonstockholdersbasic": 565000000,
        "revenues": 915000000,
        "costofgoodsandservicessold": 69000000,
        "utilitiesoperatingexpensemaintenanceandoperations": 1611000000,
        "lossfromcatastrophesgainfrominsurancerecovery": -10000000,
        "depreciationamortizationdecommissioningincomestatement": 759000000,
        "operatingcostsandexpenses": 3685000000,
        "operatingincomeloss": 697000000,
        "investmentincomeinterest": 14000000,
        "interestexpense": 229000000,
        "othernonoperatingincomeexpense": 103000000,
        "incomelossfromcontinuingoperationsbeforeincometaxesminorityinterestandincomelossfromequitymethodinvestments": 585000000,
        "incometaxexpensebenefit": 14000000,
        "preferredstockdividendsandotheradjustments": 3000000,
        "dividendspreferredstock": 3000000,
        "netincomelossavailabletocommonstockholdersbasic": 568000000,
        "weightedaveragenumberofsharesoutstandingbasic": 517000000,
        "weightedaveragenumberofdilutedsharesoutstanding": 517000000,
        "earningspersharebasic": 1.09,
        "earningspersharediluted": 1.09
    },
    {
        "date": "2018-06-29",
        "symbol": "PCG",
        "period": "Q2",
        "profitloss": -976000000,
        "othercomprehensiveincomelosspensionandotherpostretirementbenefitplansadjustmentnetoftax": -1000000,
        "othercomprehensiveincomelossnetoftaxportionattributabletoparent": 1000000,
        "comprehensiveincomenetoftaxincludingportionattributabletononcontrollinginterest": -980000000,
        "comprehensiveincomenetoftax": -975000000,
        "comprehensiveincomepreferredstockdividendrequirementofsubsidiary": 4000000,
        "comprehensiveincomenetoftaxavailabletocommonstockholdersbasic": -984000000,
        "revenues": 922000000,
        "costofgoodsandservicessold": 79000000,
        "utilitiesoperatingexpensemaintenanceandoperations": 1786000000,
        "lossfromcatastrophesgainfrominsurancerecovery": 2125000000,
        "depreciationamortizationdecommissioningincomestatement": 746000000,
        "operatingcostsandexpenses": 5699000000,
        "operatingincomeloss": -1465000000,
        "investmentincomeinterest": 11000000,
        "interestexpense": 222000000,
        "othernonoperatingincomeexpense": 108000000,
        "incomelossfromcontinuingoperationsbeforeincometaxesminorityinterestandincomelossfromequitymethodinvestments": -1568000000,
        "incometaxexpensebenefit": -592000000,
        "preferredstockdividendsandotheradjustments": 4000000,
        "dividendspreferredstock": 4000000,
        "netincomelossavailabletocommonstockholdersbasic": -980000000,
        "weightedaveragenumberofsharesoutstandingbasic": 516000000,
        "weightedaveragenumberofdilutedsharesoutstanding": 516000000,
        "earningspersharebasic": -1.91,
        "earningspersharediluted": -1.91
    },
    {
        "date": "2018-03-30",
        "symbol": "PCG",
        "period": "Q1",
        "profitloss": 452000000,
        "comprehensiveincomenetoftaxincludingportionattributabletononcontrollinginterest": 445000000,
        "comprehensiveincomenetoftax": 452000000,
        "comprehensiveincomepreferredstockdividendrequirementofsubsidiary": 3000000,
        "comprehensiveincomenetoftaxavailabletocommonstockholdersbasic": 442000000,
        "electricutilityrevenue": 2951000000,
        "gasdomesticregulatedrevenue": 1105000000,
        "revenues": 1105000000,
        "costofpurchasedpower": 819000000,
        "costofnaturalgas": 289000000,
        "utilitiesoperatingexpensemaintenanceandoperations": 1597000000,
        "depreciationamortizationdecommissioningincomestatement": 752000000,
        "operatingcostsandexpenses": 3457000000,
        "operatingincomeloss": 599000000,
        "investmentincomeinterest": 9000000,
        "interestexpense": 217000000,
        "othernonoperatingincomeexpense": 109000000,
        "incomelossfromcontinuingoperationsbeforeincometaxesminorityinterestandincomelossfromequitymethodinvestments": 500000000,
        "incometaxexpensebenefit": 48000000,
        "preferredstockdividendsandotheradjustments": 3000000,
        "dividendspreferredstock": 3000000,
        "netincomelossavailabletocommonstockholdersbasic": 449000000,
        "weightedaveragenumberofsharesoutstandingbasic": 515000000,
        "weightedaveragenumberofdilutedsharesoutstanding": 516000000,
        "earningspersharebasic": 0.86,
        "earningspersharediluted": 0.86
    },
    {
        "date": "2017-09-29",
        "symbol": "PCG",
        "period": "Q3",
        "electricutilityrevenue": 3647000000,
        "gasdomesticregulatedrevenue": 869000000,
        "revenues": 4516000000,
        "costofpurchasedpower": 1466000000,
        "costofnaturalgas": 78000000,
        "utilitiesoperatingexpensemaintenanceandoperations": 1428000000,
        "depreciationamortizationdecommissioningincomestatement": 710000000,
        "operatingcostsandexpenses": 3682000000,
        "operatingincomeloss": 834000000,
        "investmentincomeinterest": 10000000,
        "interestexpense": 217000000,
        "othernonoperatingincomeexpense": 24000000,
        "incomelossfromcontinuingoperationsbeforeincometaxesminorityinterestandincomelossfromequitymethodinvestments": 651000000,
        "incometaxexpensebenefit": 138000000,
        "profitloss": 513000000,
        "preferredstockdividendsandotheradjustments": 3000000,
        "dividendspreferredstock": 3000000,
        "netincomelossavailabletocommonstockholdersbasic": 510000000,
        "weightedaveragenumberofsharesoutstandingbasic": -508000000,
        "weightedaveragenumberofdilutedsharesoutstanding": -510000000,
        "earningspersharebasic": 1.08,
        "earningspersharediluted": 1.06,
        "commonstockdividendspersharedeclared": 0.53,
        "othercomprehensiveincomelosspensionandotherpostretirementbenefitplansadjustmentnetoftax": 1000000,
        "othercomprehensiveincomelossnetoftaxportionattributabletoparent": -1000000,
        "comprehensiveincomenetoftax": 513000000,
        "comprehensiveincomepreferredstockdividendrequirementofsubsidiary": -3000000,
        "comprehensiveincomenetoftaxattributabletononcontrollinginterest": 550000000,
        "othercomprehensiveincomelosspensionandotherpostretirementbenefitplanstax": -3000000
    },
    {
        "date": "2017-06-29",
        "symbol": "PCG",
        "period": "Q2",
        "electricutilityrevenue": 3324000000,
        "gasdomesticregulatedrevenue": 926000000,
        "revenues": 4250000000,
        "costofpurchasedpower": 1123000000,
        "costofnaturalgas": 121000000,
        "utilitiesoperatingexpensemaintenanceandoperations": 1545000000,
        "depreciationamortizationdecommissioningincomestatement": 712000000,
        "operatingcostsandexpenses": 3501000000,
        "operatingincomeloss": 749000000,
        "investmentincomeinterest": 7000000,
        "interestexpense": 222000000,
        "othernonoperatingincomeexpense": 11000000,
        "incomelossfromcontinuingoperationsbeforeincometaxesminorityinterestandincomelossfromequitymethodinvestments": 545000000,
        "incometaxexpensebenefit": 136000000,
        "profitloss": 409000000,
        "preferredstockdividendsandotheradjustments": 4000000,
        "dividendspreferredstock": 4000000,
        "netincomelossavailabletocommonstockholdersbasic": 405000000,
        "weightedaveragenumberofsharesoutstandingbasic": 511000000,
        "weightedaveragenumberofdilutedsharesoutstanding": 513000000,
        "earningspersharebasic": 0.79,
        "earningspersharediluted": 0.79,
        "commonstockdividendspersharedeclared": 0.53,
        "othercomprehensiveincomelosspensionandotherpostretirementbenefitplansadjustmentnetoftax": -1000000,
        "othercomprehensiveincomelossnetoftaxportionattributabletoparent": 1000000,
        "comprehensiveincomenetoftax": 409000000,
        "comprehensiveincomepreferredstockdividendrequirementofsubsidiary": -4000000,
        "comprehensiveincomenetoftaxattributabletononcontrollinginterest": 407000000,
        "othercomprehensiveincomelosspensionandotherpostretirementbenefitplanstax": 1000000
    },
    {
        "date": "2017-03-30",
        "symbol": "PCG",
        "period": "Q1",
        "electricutilityrevenue": 3067000000,
        "gasdomesticregulatedrevenue": 1204000000,
        "revenues": 4271000000,
        "costofpurchasedpower": 847000000,
        "costofnaturalgas": 325000000,
        "utilitiesoperatingexpensemaintenanceandoperations": 1504000000,
        "depreciationamortizationdecommissioningincomestatement": 712000000,
        "operatingcostsandexpenses": 3388000000,
        "operatingincomeloss": 883000000,
        "investmentincomeinterest": 5000000,
        "interestexpense": 216000000,
        "othernonoperatingincomeexpense": 17000000,
        "incomelossfromcontinuingoperationsbeforeincometaxesminorityinterestandincomelossfromequitymethodinvestments": 689000000,
        "incometaxexpensebenefit": 120000000,
        "profitloss": 569000000,
        "preferredstockdividendsandotheradjustments": 3000000,
        "dividendspreferredstock": 3000000,
        "netincomelossavailabletocommonstockholdersbasic": 566000000,
        "weightedaveragenumberofsharesoutstandingbasic": 508000000,
        "weightedaveragenumberofdilutedsharesoutstanding": 511000000,
        "earningspersharebasic": 1.13,
        "earningspersharediluted": 1.13,
        "commonstockdividendspersharedeclared": 0.49,
        "othercomprehensiveincomelosspensionandotherpostretirementbenefitplansadjustmentnetoftax": -1000000,
        "othercomprehensiveincomelossnetoftaxportionattributabletoparent": 1000000,
        "comprehensiveincomenetoftax": 570000000,
        "comprehensiveincomepreferredstockdividendrequirementofsubsidiary": -3000000,
        "comprehensiveincomenetoftaxattributabletononcontrollinginterest": 576000000,
        "othercomprehensiveincomelosspensionandotherpostretirementbenefitplanstax": 3000000
    },
    {
        "date": "2016-09-29",
        "symbol": "PCG",
        "period": "Q3",
        "electricutilityrevenue": 3993000000,
        "gasdomesticregulatedrevenue": 816000000,
        "revenues": 4809000000,
        "costofpurchasedpower": 1613000000,
        "costofnaturalgas": 80000000,
        "utilitiesoperatingexpensemaintenanceandoperations": 1782000000,
        "depreciationamortizationdecommissioningincomestatement": 694000000,
        "operatingcostsandexpenses": 4169000000,
        "operatingincomeloss": 640000000,
        "investmentincomeinterest": 8000000,
        "interestexpense": 209000000,
        "othernonoperatingincomeexpense": 23000000,
        "incomelossfromcontinuingoperationsbeforeincometaxesminorityinterestandincomelossfromequitymethodinvestments": 462000000,
        "incometaxexpensebenefit": 73000000,
        "profitloss": 389000000,
        "preferredstockdividendsandotheradjustments": 3000000,
        "dividendspreferredstock": 3000000,
        "netincomelossavailabletocommonstockholdersbasic": 386000000,
        "weightedaveragenumberofsharesoutstandingbasic": -493000000,
        "weightedaveragenumberofdilutedsharesoutstanding": -493000000,
        "earningspersharebasic": 0.78,
        "earningspersharediluted": 0.77,
        "commonstockdividendspersharedeclared": 0.48999999999999994,
        "comprehensiveincomenetoftax": 389000000,
        "comprehensiveincomepreferredstockdividendrequirementofsubsidiary": -3000000,
        "comprehensiveincomenetoftaxattributabletononcontrollinginterest": 388000000,
        "othercomprehensiveincomelosspensionandotherpostretirementbenefitplanstax": -2000000
    },
    {
        "date": "2016-06-29",
        "symbol": "PCG",
        "period": "Q2",
        "electricutilityrevenue": 3465000000,
        "gasdomesticregulatedrevenue": 704000000,
        "revenues": 4169000000,
        "costofpurchasedpower": 1156000000,
        "costofnaturalgas": 75000000,
        "utilitiesoperatingexpensemaintenanceandoperations": 1837000000,
        "depreciationamortizationdecommissioningincomestatement": 700000000,
        "operatingcostsandexpenses": 3768000000,
        "operatingincomeloss": 401000000,
        "investmentincomeinterest": 4000000,
        "interestexpense": 204000000,
        "othernonoperatingincomeexpense": 21000000,
        "incomelossfromcontinuingoperationsbeforeincometaxesminorityinterestandincomelossfromequitymethodinvestments": 222000000,
        "incometaxexpensebenefit": 13000000,
        "profitloss": 209000000,
        "preferredstockdividendsandotheradjustments": 4000000,
        "dividendspreferredstock": 4000000,
        "netincomelossavailabletocommonstockholdersbasic": 205000000,
        "weightedaveragenumberofsharesoutstandingbasic": 497000000,
        "weightedaveragenumberofdilutedsharesoutstanding": 498000000,
        "earningspersharebasic": 0.41,
        "earningspersharediluted": 0.41,
        "commonstockdividendspersharedeclared": 0.49,
        "othercomprehensiveincomelosspensionandotherpostretirementbenefitplansadjustmentnetoftax": -1000000,
        "othercomprehensiveincomelossnetoftaxportionattributabletoparent": 1000000,
        "comprehensiveincomenetoftax": 210000000,
        "comprehensiveincomepreferredstockdividendrequirementofsubsidiary": -4000000,
        "comprehensiveincomenetoftaxattributabletononcontrollinginterest": 206000000,
        "othercomprehensiveincomelosspensionandotherpostretirementbenefitplanstax": 1000000
    },
    {
        "date": "2016-03-30",
        "symbol": "PCG",
        "period": "Q1",
        "electricutilityrevenue": 3132000000,
        "gasdomesticregulatedrevenue": 843000000,
        "revenues": 3975000000,
        "costofpurchasedpower": 950000000,
        "costofnaturalgas": 222000000,
        "utilitiesoperatingexpensemaintenanceandoperations": 2011000000,
        "depreciationamortizationdecommissioningincomestatement": 696000000,
        "operatingcostsandexpenses": 3879000000,
        "operatingincomeloss": 96000000,
        "investmentincomeinterest": 4000000,
        "interestexpense": 201000000,
        "othernonoperatingincomeexpense": 24000000,
        "incomelossfromcontinuingoperationsbeforeincometaxesminorityinterestandincomelossfromequitymethodinvestments": -77000000,
        "incometaxexpensebenefit": -185000000,
        "profitloss": 108000000,
        "preferredstockdividendsandotheradjustments": 3000000,
        "dividendspreferredstock": 3000000,
        "netincomelossavailabletocommonstockholdersbasic": 105000000,
        "weightedaveragenumberofsharesoutstandingbasic": 493000000,
        "weightedaveragenumberofdilutedsharesoutstanding": 495000000,
        "earningspersharebasic": 0.22,
        "earningspersharediluted": 0.22,
        "commonstockdividendspersharedeclared": 0.46,
        "comprehensiveincomenetoftax": 108000000,
        "comprehensiveincomepreferredstockdividendrequirementofsubsidiary": -3000000,
        "comprehensiveincomenetoftaxattributabletononcontrollinginterest": 107000000,
        "othercomprehensiveincomelosspensionandotherpostretirementbenefitplanstax": 2000000
    },
    {
        "date": "2015-09-29",
        "symbol": "PCG",
        "period": "Q3",
        "electricutilityrevenue": 3868000000,
        "gasdomesticregulatedrevenue": 682000000,
        "revenues": 4550000000,
        "costofpurchasedpower": 1681000000,
        "costofnaturalgas": 50000000,
        "utilitiesoperatingexpensemaintenanceandoperations": 1622000000,
        "depreciationamortizationdecommissioningincomestatement": 653000000,
        "operatingcostsandexpenses": 4006000000,
        "operatingincomeloss": 544000000,
        "investmentincomeinterest": 2000000,
        "interestexpense": 191000000,
        "othernonoperatingincomeexpense": 22000000,
        "incomelossfromcontinuingoperationsbeforeincometaxesminorityinterestandincomelossfromequitymethodinvestments": 377000000,
        "incometaxexpensebenefit": 72000000,
        "profitloss": 305000000,
        "preferredstockdividendsandotheradjustments": 3000000,
        "dividendspreferredstock": 3000000,
        "netincomelossavailabletocommonstockholdersbasic": 302000000,
        "weightedaveragenumberofsharesoutstandingbasic": 2000000,
        "weightedaveragenumberofdilutedsharesoutstanding": 1000000,
        "earningspersharebasic": 0.6399999999999999,
        "earningspersharediluted": 0.6299999999999999,
        "commonstockdividendspersharedeclared": 0.46000000000000013,
        "comprehensiveincomenetoftax": 305000000,
        "comprehensiveincomepreferredstockdividendrequirementofsubsidiary": 3000000,
        "comprehensiveincomenetoftaxattributabletononcontrollinginterest": 307000000
    },
    {
        "date": "2015-06-29",
        "symbol": "PCG",
        "period": "Q2",
        "electricutilityrevenue": 3462000000,
        "gasdomesticregulatedrevenue": 754000000,
        "revenues": 4216000000,
        "costofpurchasedpower": 1277000000,
        "costofnaturalgas": 118000000,
        "utilitiesoperatingexpensemaintenanceandoperations": 1483000000,
        "depreciationamortizationdecommissioningincomestatement": 651000000,
        "operatingcostsandexpenses": 3529000000,
        "operatingincomeloss": 687000000,
        "investmentincomeinterest": 3000000,
        "interestexpense": 189000000,
        "othernonoperatingincomeexpense": 20000000,
        "incomelossfromcontinuingoperationsbeforeincometaxesminorityinterestandincomelossfromequitymethodinvestments": 521000000,
        "incometaxexpensebenefit": 115000000,
        "profitloss": 406000000,
        "preferredstockdividendsandotheradjustments": 4000000,
        "dividendspreferredstock": 4000000,
        "netincomelossavailabletocommonstockholdersbasic": 402000000,
        "weightedaveragenumberofsharesoutstandingbasic": 2000000,
        "weightedaveragenumberofdilutedsharesoutstanding": 2000000,
        "earningspersharebasic": 0.8400000000000001,
        "earningspersharediluted": 0.8400000000000001,
        "commonstockdividendspersharedeclared": 0.45,
        "othercomprehensiveincomeunrealizedholdinggainlossonsecuritiesarisingduringperiodnetoftax": 0,
        "othercomprehensiveincomelossnetoftaxportionattributabletoparent": 0,
        "comprehensiveincomenetoftax": 406000000,
        "comprehensiveincomepreferredstockdividendrequirementofsubsidiary": 10000000,
        "comprehensiveincomenetoftaxattributabletononcontrollinginterest": 396000000,
        "othercomprehensiveincomelosspensionandotherpostretirementbenefitplanstax": 0,
        "othercomprehensiveincomeunrealizedholdinggainlossonsecuritiesarisingduringperiodtax": 0
    },
    {
        "date": "2015-03-30",
        "symbol": "PCG",
        "period": "Q1",
        "electricutilityrevenue": 3014000000,
        "gasdomesticregulatedrevenue": 886000000,
        "revenues": 3900000000,
        "costofpurchasedpower": 1000000000,
        "costofnaturalgas": 274000000,
        "utilitiesoperatingexpensemaintenanceandoperations": 1923000000,
        "depreciationamortizationdecommissioningincomestatement": 631000000,
        "operatingcostsandexpenses": 3828000000,
        "operatingincomeloss": 72000000,
        "investmentincomeinterest": 1000000,
        "interestexpense": 187000000,
        "othernonoperatingincomeexpense": 26000000,
        "incomelossfromcontinuingoperationsbeforeincometaxesminorityinterestandincomelossfromequitymethodinvestments": -88000000,
        "incometaxexpensebenefit": -92000000,
        "profitloss": 4000000,
        "preferredstockdividendsandotheradjustments": 3000000,
        "dividendspreferredstock": 3000000,
        "netincomelossavailabletocommonstockholdersbasic": 1000000,
        "weightedaveragenumberofsharesoutstandingbasic": 477000000,
        "weightedaveragenumberofdilutedsharesoutstanding": 481000000,
        "earningspersharebasic": 0.06,
        "earningspersharediluted": 0.06,
        "commonstockdividendspersharedeclared": 0.46,
        "othercomprehensiveincomeunrealizedholdinggainlossonsecuritiesarisingduringperiodnetoftax": -17000000,
        "othercomprehensiveincomelossnetoftaxportionattributabletoparent": -17000000,
        "comprehensiveincomenetoftax": 4000000,
        "comprehensiveincomepreferredstockdividendrequirementofsubsidiary": -3000000,
        "comprehensiveincomenetoftaxattributabletononcontrollinginterest": 20000000,
        "othercomprehensiveincomelosspensionandotherpostretirementbenefitplanstax": 1000000,
        "othercomprehensiveincomeunrealizedholdinggainlossonsecuritiesarisingduringperiodtax": 12000000
    },
    {
        "date": "2014-09-29",
        "symbol": "PCG",
        "period": "Q3",
        "electricutilityrevenue": 4011000000,
        "gasdomesticregulatedrevenue": 927000000,
        "revenues": 4938000000,
        "costofpurchasedpower": 1782000000,
        "costofnaturalgas": 134000000,
        "utilitiesoperatingexpensemaintenanceandoperations": 1286000000,
        "depreciationamortizationdecommissioningincomestatement": 670000000,
        "operatingcostsandexpenses": 3872000000,
        "operatingincomeloss": 1066000000,
        "investmentincomeinterest": 3000000,
        "interestexpense": 168000000,
        "othernonoperatingincomeexpense": -7000000,
        "incomelossfromcontinuingoperationsbeforeincometaxesminorityinterestandincomelossfromequitymethodinvestments": 893000000,
        "incometaxexpensebenefit": 121000000,
        "profitloss": 772000000,
        "preferredstockdividendsandotheradjustments": 3000000,
        "dividendspreferredstock": 3000000,
        "netincomelossavailabletocommonstockholdersbasic": 769000000,
        "weightedaveragenumberofsharesoutstandingbasic": -460000000,
        "weightedaveragenumberofdilutedsharesoutstanding": -461000000,
        "earningspersharebasic": 1.74,
        "earningspersharediluted": 1.7300000000000002,
        "commonstockdividendspersharedeclared": 0.4500000000000001,
        "othercomprehensiveincomeunrealizedholdinggainlossonsecuritiesarisingduringperiodnetoftax": -18000000,
        "othercomprehensiveincomelossnetoftaxportionattributabletoparent": -18000000,
        "comprehensiveincomenetoftax": 776000000,
        "comprehensiveincomepreferredstockdividendrequirementofsubsidiary": -3000000,
        "comprehensiveincomenetoftaxattributabletononcontrollinginterest": 793000000,
        "othercomprehensiveincomeunrealizedholdinggainlossonsecuritiesarisingduringperiodtax": 5000000
    },
    {
        "date": "2014-06-29",
        "symbol": "PCG",
        "period": "Q2",
        "electricutilityrevenue": 3233000000,
        "gasdomesticregulatedrevenue": 719000000,
        "revenues": 3952000000,
        "costofpurchasedpower": 1349000000,
        "costofnaturalgas": 200000000,
        "utilitiesoperatingexpensemaintenanceandoperations": 1328000000,
        "depreciationamortizationdecommissioningincomestatement": 557000000,
        "operatingcostsandexpenses": 3434000000,
        "operatingincomeloss": 518000000,
        "investmentincomeinterest": 2000000,
        "interestexpense": 188000000,
        "othernonoperatingincomeexpense": 43000000,
        "incomelossfromcontinuingoperationsbeforeincometaxesminorityinterestandincomelossfromequitymethodinvestments": 375000000,
        "incometaxexpensebenefit": 104000000,
        "profitloss": 271000000,
        "preferredstockdividendsandotheradjustments": 4000000,
        "dividendspreferredstock": 4000000,
        "netincomelossavailabletocommonstockholdersbasic": 267000000,
        "weightedaveragenumberofsharesoutstandingbasic": 467000000,
        "weightedaveragenumberofdilutedsharesoutstanding": 469000000,
        "earningspersharebasic": 0.57,
        "earningspersharediluted": 0.57,
        "commonstockdividendspersharedeclared": 0.46,
        "othercomprehensiveincomeunrealizedholdinggainlossonsecuritiesarisingduringperiodnetoftax": -11000000,
        "othercomprehensiveincomelossnetoftaxportionattributabletoparent": -11000000,
        "comprehensiveincomenetoftax": 260000000,
        "comprehensiveincomepreferredstockdividendrequirementofsubsidiary": -4000000,
        "comprehensiveincomenetoftaxattributabletononcontrollinginterest": 256000000,
        "othercomprehensiveincomeunrealizedholdinggainlossonsecuritiesarisingduringperiodtax": 7000000
    },
    {
        "date": "2014-03-30",
        "symbol": "PCG",
        "period": "Q1",
        "electricutilityrevenue": 3000000000,
        "gasdomesticregulatedrevenue": 890000000,
        "revenues": 3890000000,
        "costofpurchasedpower": 1210000000,
        "costofnaturalgas": 360000000,
        "utilitiesoperatingexpensemaintenanceandoperations": 1297000000,
        "depreciationamortizationdecommissioningincomestatement": 538000000,
        "operatingcostsandexpenses": 3405000000,
        "operatingincomeloss": 485000000,
        "investmentincomeinterest": 2000000,
        "interestexpense": 179000000,
        "othernonoperatingincomeexpense": 20000000,
        "incomelossfromcontinuingoperationsbeforeincometaxesminorityinterestandincomelossfromequitymethodinvestments": 328000000,
        "incometaxexpensebenefit": 100000000,
        "profitloss": 228000000,
        "preferredstockdividendsandotheradjustments": 3000000,
        "dividendspreferredstock": 3000000,
        "netincomelossavailabletocommonstockholdersbasic": 225000000,
        "weightedaveragenumberofsharesoutstandingbasic": 459000000,
        "weightedaveragenumberofdilutedsharesoutstanding": 460000000,
        "earningspersharebasic": 0.49,
        "earningspersharediluted": 0.49,
        "commonstockdividendspersharedeclared": 0.46,
        "othercomprehensiveincomeunrealizedholdinggainlossonsecuritiesarisingduringperiodnetoftax": 5000000,
        "othercomprehensiveincomelossnetoftaxportionattributabletoparent": 5000000,
        "comprehensiveincomenetoftax": 235000000,
        "comprehensiveincomepreferredstockdividendrequirementofsubsidiary": -3000000,
        "comprehensiveincomenetoftaxattributabletononcontrollinginterest": 232000000,
        "othercomprehensiveincomeunrealizedholdinggainlossonsecuritiesarisingduringperiodtax": 4000000
    },
    {
        "date": "2013-09-29",
        "symbol": "PCG",
        "period": "Q3",
        "electricutilityrevenue": 3517000000,
        "gasdomesticregulatedrevenue": 658000000,
        "revenues": 4174000000,
        "costofpurchasedpower": 1645000000,
        "costofnaturalgas": 131000000,
        "utilitiesoperatingexpensemaintenanceandoperations": 1585000000,
        "depreciationamortizationdecommissioningincomestatement": 523000000,
        "operatingcostsandexpenses": 3884000000,
        "operatingincomeloss": 291000000,
        "investmentincomeinterest": 2000000,
        "interestexpense": 172000000,
        "othernonoperatingincomeexpense": 20000000,
        "incomelossfromcontinuingoperationsbeforeincometaxesminorityinterestandincomelossfromequitymethodinvestments": 140000000,
        "incometaxexpensebenefit": -20000000,
        "profitloss": 164000000,
        "preferredstockdividendsandotheradjustments": 3000000,
        "dividendspreferredstock": 3000000,
        "netincomelossavailabletocommonstockholdersbasic": 161000000,
        "weightedaveragenumberofsharesoutstandingbasic": 446000000,
        "weightedaveragenumberofdilutedsharesoutstanding": 447000000,
        "earningspersharebasic": 0.36,
        "earningspersharediluted": 0.36,
        "commonstockdividendspersharedeclared": 0.46,
        "othercomprehensiveincomelosspensionandotherpostretirementbenefitplansadjustmentnetoftax": -6000000,
        "othercomprehensiveincomedefinedbenefitplansnetunamortizedgainlossarisingduringperiodnetoftax": 18000000,
        "transfertoregulatoryaccountnetoftax": 20000000,
        "othercomprehensiveincomeunrealizedholdinggainlossonsecuritiesarisingduringperiodnetoftax": -3000000,
        "othercomprehensiveincomelossnetoftaxportionattributabletoparent": 1000000,
        "comprehensiveincomenetoftax": 166000000,
        "comprehensiveincomepreferredstockdividendrequirementofsubsidiary": 3000000,
        "comprehensiveincomenetoftaxattributabletononcontrollinginterest": 162000000,
        "othercomprehensiveincomelosspensionandotherpostretirementbenefitplanstax": 5000000,
        "othercomprehensiveincomereclassificationofdefinedbenefitplansnetgainlossunrecognizedinnetperiodicbenefitcosttax": 11000000,
        "transfertoregulatoryaccounttax": 13000000,
        "othercomprehensiveincomeunrealizedholdinggainlossonsecuritiesarisingduringperiodtax": 2000000
    },
    {
        "date": "2013-06-29",
        "symbol": "PCG",
        "period": "Q2",
        "electricutilityrevenue": 3057000000,
        "gasdomesticregulatedrevenue": 718000000,
        "revenues": 3775000000,
        "costofpurchasedpower": 1189000000,
        "costofnaturalgas": 179000000,
        "utilitiesoperatingexpensemaintenanceandoperations": 1256000000,
        "depreciationamortizationdecommissioningincomestatement": 516000000,
        "operatingcostsandexpenses": 3140000000,
        "operatingincomeloss": 636000000,
        "investmentincomeinterest": 2000000,
        "interestexpense": 171000000,
        "othernonoperatingincomeexpense": 24000000,
        "incomelossfromcontinuingoperationsbeforeincometaxesminorityinterestandincomelossfromequitymethodinvestments": 489000000,
        "incometaxexpensebenefit": 160000000,
        "profitloss": 332000000,
        "preferredstockdividendsandotheradjustments": 4000000,
        "dividendspreferredstock": 4000000,
        "netincomelossavailabletocommonstockholdersbasic": 328000000,
        "weightedaveragenumberofsharesoutstandingbasic": 442000000,
        "weightedaveragenumberofdilutedsharesoutstanding": 443000000,
        "earningspersharebasic": 0.74,
        "earningspersharediluted": 0.74,
        "commonstockdividendspersharedeclared": 0.46,
        "othercomprehensiveincomelosspensionandotherpostretirementbenefitplansadjustmentnetoftax": -6000000,
        "othercomprehensiveincomedefinedbenefitplansnetunamortizedgainlossarisingduringperiodnetoftax": 17000000,
        "transfertoregulatoryaccountnetoftax": 19000000,
        "othercomprehensiveincomeunrealizedholdinggainlossonsecuritiesarisingduringperiodnetoftax": 16000000,
        "othercomprehensiveincomelossnetoftaxportionattributabletoparent": 20000000,
        "comprehensiveincomenetoftax": 333000000,
        "comprehensiveincomepreferredstockdividendrequirementofsubsidiary": 4000000,
        "comprehensiveincomenetoftaxattributabletononcontrollinginterest": 348000000
    },
    {
        "date": "2013-03-30",
        "symbol": "PCG",
        "period": "Q1",
        "electricutilityrevenue": 2798000000,
        "gasdomesticregulatedrevenue": 873000000,
        "revenues": 3671000000,
        "costofpurchasedpower": 983000000,
        "costofnaturalgas": 346000000,
        "utilitiesoperatingexpensemaintenanceandoperations": 1338000000,
        "depreciationamortizationdecommissioningincomestatement": 503000000,
        "operatingcostsandexpenses": 3168000000,
        "operatingincomeloss": 502000000,
        "investmentincomeinterest": 2000000,
        "interestexpense": 176000000,
        "othernonoperatingincomeexpense": 24000000,
        "incomelossfromcontinuingoperationsbeforeincometaxesminorityinterestandincomelossfromequitymethodinvestments": 358000000,
        "incometaxexpensebenefit": 121000000,
        "profitloss": 237000000,
        "preferredstockdividendsandotheradjustments": 3000000,
        "dividendspreferredstock": 3000000,
        "netincomelossavailabletocommonstockholdersbasic": 239000000,
        "weightedaveragenumberofsharesoutstandingbasic": 434000000,
        "weightedaveragenumberofdilutedsharesoutstanding": 435000000,
        "earningspersharebasic": 0.55,
        "earningspersharediluted": 0.55,
        "commonstockdividendspersharedeclared": 0.46,
        "othercomprehensiveincomelosspensionandotherpostretirementbenefitplansadjustmentnetoftax": -6000000,
        "othercomprehensiveincomedefinedbenefitplansnetunamortizedgainlossarisingduringperiodnetoftax": 17000000,
        "transfertoregulatoryaccountnetoftax": 19000000,
        "othercomprehensiveincomeunrealizedholdinggainlossonsecuritiesarisingduringperiodnetoftax": 6000000,
        "othercomprehensiveincomelossnetoftaxportionattributabletoparent": 10000000,
        "comprehensiveincomenetoftax": 242000000,
        "comprehensiveincomepreferredstockdividendrequirementofsubsidiary": 3000000,
        "comprehensiveincomenetoftaxattributabletononcontrollinginterest": 249000000,
        "othercomprehensiveincomelosspensionandotherpostretirementbenefitplanstax": 5000000,
        "othercomprehensiveincomereclassificationofdefinedbenefitplansnetgainlossunrecognizedinnetperiodicbenefitcosttax": 11000000,
        "transfertoregulatoryaccounttax": 13000000,
        "othercomprehensiveincomeunrealizedholdinggainlossonsecuritiesarisingduringperiodtax": 4000000
    },
    {
        "date": "2012-09-29",
        "symbol": "PCG",
        "period": "Q3",
        "electricutilityrevenue": 3323000000,
        "gasdomesticregulatedrevenue": 653000000,
        "revenues": 3976000000,
        "costofpurchasedpower": 1283000000,
        "costofnaturalgas": 118000000,
        "utilitiesoperatingexpensemaintenanceandoperations": 1344000000,
        "depreciationamortizationdecommissioningincomestatement": 617000000,
        "operatingcostsandexpenses": 3362000000,
        "operatingincomeloss": 614000000,
        "investmentincomeinterest": 2000000,
        "interestexpense": 178000000,
        "othernonoperatingincomeexpense": 26000000,
        "incomelossfromcontinuingoperationsbeforeincometaxesminorityinterestandincomelossfromequitymethodinvestments": 464000000,
        "incometaxexpensebenefit": 100000000,
        "profitloss": 364000000,
        "preferredstockdividendsandotheradjustments": 3000000,
        "dividendspreferredstock": 3000000,
        "netincomelossavailabletocommonstockholdersbasic": 361000000,
        "weightedaveragenumberofsharesoutstandingbasic": 428000000,
        "weightedaveragenumberofdilutedsharesoutstanding": 429000000,
        "earningspersharebasic": 0.84,
        "earningspersharediluted": 0.84,
        "commonstockdividendspersharedeclared": 0.46,
        "othercomprehensiveincomelosspensionandotherpostretirementbenefitplansadjustmentnetoftax": -7000000,
        "othercomprehensiveincomedefinedbenefitplansnetunamortizedgainlossarisingduringperiodnetoftax": 18000000,
        "accumulatedothercomprehensiveincomelossunrecognizeddefinedbenefitpensionandotherpostretirementplansnetoftax": 4000000,
        "transfertoregulatoryaccountnetoftax": 21000000,
        "othercomprehensiveincomelossnetoftaxportionattributabletoparent": 8000000,
        "comprehensiveincomenetoftax": 372000000,
        "comprehensiveincomepreferredstockdividendrequirementofsubsidiary": 3000000,
        "comprehensiveincomenetoftaxattributabletononcontrollinginterest": 369000000,
        "othercomprehensiveincomelosspensionandotherpostretirementbenefitplanstax": 5000000,
        "othercomprehensiveincomereclassificationofdefinedbenefitplansnetgainlossunrecognizedinnetperiodicbenefitcosttax": 12000000,
        "clone1othercomprehensiveincomereclassificationofdefinedbenefitplansnettransitionassetobligationunrecognizedinnetperiodicbenefitcosttax": 2000000,
        "transfertoregulatoryaccounttax": 14000000
    },
    {
        "date": "2012-06-29",
        "symbol": "PCG",
        "period": "Q2",
        "electricutilityrevenue": 2930000000,
        "gasdomesticregulatedrevenue": 662000000,
        "revenues": 3592000000,
        "costofpurchasedpower": 962000000,
        "costofnaturalgas": 132000000,
        "utilitiesoperatingexpensemaintenanceandoperations": 1425000000,
        "depreciationamortizationdecommissioningincomestatement": 606000000,
        "operatingcostsandexpenses": 3125000000,
        "operatingincomeloss": 467000000,
        "investmentincomeinterest": 2000000,
        "interestexpense": 171000000,
        "othernonoperatingincomeexpense": 22000000,
        "incomelossfromcontinuingoperationsbeforeincometaxesminorityinterestandincomelossfromequitymethodinvestments": 320000000,
        "incometaxexpensebenefit": 93000000,
        "profitloss": 227000000,
        "preferredstockdividendsandotheradjustments": 4000000,
        "dividendspreferredstock": 4000000,
        "netincomelossavailabletocommonstockholdersbasic": 223000000,
        "weightedaveragenumberofsharesoutstandingbasic": 423000000,
        "weightedaveragenumberofdilutedsharesoutstanding": 425000000,
        "earningspersharebasic": 0.56,
        "earningspersharediluted": 0.55,
        "commonstockdividendspersharedeclared": 0.46,
        "othercomprehensiveincomelosspensionandotherpostretirementbenefitplansadjustmentnetoftax": -6000000,
        "othercomprehensiveincomedefinedbenefitplansnetunamortizedgainlossarisingduringperiodnetoftax": 19000000,
        "accumulatedothercomprehensiveincomelossunrecognizeddefinedbenefitpensionandotherpostretirementplansnetoftax": 4000000,
        "transfertoregulatoryaccountnetoftax": 21000000,
        "othercomprehensiveincomelossnetoftaxportionattributabletoparent": 8000000,
        "comprehensiveincomenetoftax": 235000000,
        "comprehensiveincomepreferredstockdividendrequirementofsubsidiary": 4000000,
        "comprehensiveincomenetoftaxattributabletononcontrollinginterest": 243000000,
        "othercomprehensiveincomelosspensionandotherpostretirementbenefitplanstax": 5000000,
        "othercomprehensiveincomereclassificationofdefinedbenefitplansnetgainlossunrecognizedinnetperiodicbenefitcosttax": 15000000,
        "clone1othercomprehensiveincomereclassificationofdefinedbenefitplansnettransitionassetobligationunrecognizedinnetperiodicbenefitcosttax": 2000000,
        "transfertoregulatoryaccounttax": 15000000
    },
    {
        "date": "2010-03-30",
        "symbol": "PCG",
        "period": "Q1",
        "electricutilityrevenue": 2510000000,
        "gasdomesticregulatedrevenue": 965000000,
        "revenues": 3475000000,
        "costofpurchasedpower": 920000000,
        "costofnaturalgas": 495000000,
        "utilitiesoperatingexpensemaintenanceandoperations": 991000000,
        "depreciationamortizationdecomissioningincomestatement": 451000000,
        "operatingcostsandexpenses": 2857000000,
        "operatingincomeloss": 618000000,
        "investmentincomeinterest": 2000000,
        "interestexpense": 168000000,
        "othernonoperatingincomeexpense": -6000000,
        "incomelossfromcontinuingoperationsbeforeincometaxesminorityinterestandincomelossfromequitymethodinvestments": 446000000,
        "incometaxexpensebenefit": 185000000,
        "profitloss": 261000000,
        "preferredstockdividendsandotheradjustments": 3000000,
        "netincomelossavailabletocommonstockholdersbasic": 258000000,
        "weightedaveragenumberofsharesoutstandingbasic": 371000000,
        "weightedaveragenumberofdilutedsharesoutstanding": 389000000,
        "earningspersharebasic": 0.69,
        "earningspersharediluted": 0.67,
        "commonstockdividendspersharedeclared": 0.46
    },
    {
        "date": "2009-09-29",
        "symbol": "PCG",
        "period": "Q3",
        "electricutilityrevenue": 2630000000,
        "gasdomesticregulatedrevenue": 605000000,
        "revenues": 3235000000,
        "costofpurchasedpower": -997000000,
        "costofnaturalgas": -134000000,
        "utilitiesoperatingexpensemaintenanceandoperations": -1047000000,
        "depreciationamortizationdecomissioningincomestatement": -450000000,
        "operatingcostsandexpenses": 2628000000,
        "operatingincomeloss": 607000000,
        "investmentincomeinterest": 1000000,
        "interestexpense": 174000000,
        "othernonoperatingincomeexpense": 23000000,
        "incomelossfromcontinuingoperationsbeforeincometaxesminorityinterestandincomelossfromequitymethodinvestments": 457000000,
        "incometaxexpensebenefit": 136000000,
        "profitloss": 321000000,
        "preferredstockdividendsandotheradjustments": 3000000,
        "netincomelossavailabletocommonstockholdersbasic": 318000000,
        "weightedaveragenumberofsharesoutstandingbasic": 370000000,
        "weightedaveragenumberofdilutedsharesoutstanding": 388000000,
        "earningspersharebasic": 0.84,
        "earningspersharediluted": 0.83,
        "commonstockdividendspersharedeclared": 0.42
    }
]