[
    {
        "date": "2024-09-29",
        "symbol": "MCO",
        "period": "Q3",
        "revenuefromcontractwithcustomerexcludingassessedtax": 1813000000,
        "costofrevenue": 512000000,
        "sellinggeneralandadministrativeexpense": 434000000,
        "depreciationandamortization": 108000000,
        "restructuringcharges": 6000000,
        "costsandexpenses": 1075000000,
        "operatingincomeloss": 738000000,
        "interestincomeexpensenonoperatingnet": -60000000,
        "othernonoperatingincomeexpense": 25000000,
        "nonoperatingincomeexpense": -35000000,
        "incomelossfromcontinuingoperationsbeforeincometaxesextraordinaryitemsnoncontrollinginterest": 703000000,
        "incometaxexpensebenefit": 169000000,
        "profitloss": 534000000,
        "netincomeloss": 534000000,
        "earningspersharebasic": 2.9400000000000004,
        "earningspersharediluted": 2.93,
        "weightedaveragenumberofsharesoutstandingbasic": 182200000,
        "weightedaveragenumberofdilutedsharesoutstanding": 183000000,
        "othercomprehensiveincomelossforeigncurrencytranslationadjustmentbeforereclassificationandtax": 252000000,
        "othercomprehensiveincomelossforeigncurrencytranslationadjustmentbeforereclassificationnetoftax": 249000000,
        "othercomprehensiveincomelossnetinvestmenthedgegainlossbeforereclassificationandtax": -184000000,
        "othercomprehensiveincomelossnetinvestmenthedgegainlossbeforereclassificationtax": -48000000,
        "othercomprehensiveincomelossnetinvestmenthedgegainlossbeforereclassificationnetoftax": -136000000,
        "othercomprehensiveincomelosspensionandotherpostretirementbenefitplansnetunamortizedgainlossarisingduringperiodbeforetax": 0,
        "othercomprehensiveincomedefinedbenefitplansnetunamortizedgainlossarisingduringperiodnetoftax": 0,
        "othercomprehensiveincomelossbeforetax": 69000000,
        "othercomprehensiveincomelosstax": -45000000,
        "othercomprehensiveincomelossnetoftax": 114000000,
        "comprehensiveincomenetoftaxincludingportionattributabletononcontrollinginterest": 648000000,
        "comprehensiveincomenetoftax": 648000000
    },
    {
        "date": "2024-06-29",
        "symbol": "MCO",
        "period": "Q2",
        "revenuefromcontractwithcustomerexcludingassessedtax": 1817000000,
        "costofrevenue": 469000000,
        "sellinggeneralandadministrativeexpense": 446000000,
        "depreciationandamortization": 110000000,
        "restructuringcharges": 2000000,
        "costsandexpenses": 1042000000,
        "operatingincomeloss": 775000000,
        "interestincomeexpensenonoperatingnet": -63000000,
        "othernonoperatingincomeexpense": 7000000,
        "nonoperatingincomeexpense": -56000000,
        "incomelossfromcontinuingoperationsbeforeincometaxesextraordinaryitemsnoncontrollinginterest": 719000000,
        "incometaxexpensebenefit": 166000000,
        "profitloss": 553000000,
        "netincomeloss": 552000000,
        "earningspersharebasic": 3.0300000000000002,
        "earningspersharediluted": 3.0100000000000002,
        "weightedaveragenumberofsharesoutstandingbasic": 182500000,
        "weightedaveragenumberofdilutedsharesoutstanding": 183200000,
        "othercomprehensiveincomelossforeigncurrencytranslationadjustmentbeforereclassificationandtax": -39000000,
        "othercomprehensiveincomelossforeigncurrencytranslationadjustmentbeforereclassificationnetoftax": -39000000,
        "othercomprehensiveincomelossnetinvestmenthedgegainlossbeforereclassificationandtax": 43000000,
        "othercomprehensiveincomelossnetinvestmenthedgegainlossbeforereclassificationtax": 11000000,
        "othercomprehensiveincomelossnetinvestmenthedgegainlossbeforereclassificationnetoftax": 32000000,
        "othercomprehensiveincomelosscashflowhedgegainlossreclassificationbeforetax": 0,
        "othercomprehensiveincomelosscashflowhedgegainlossreclassificationaftertax": 0,
        "othercomprehensiveincomelosspensionandotherpostretirementbenefitplansnetunamortizedgainlossarisingduringperiodbeforetax": -2000000,
        "othercomprehensiveincomedefinedbenefitplansnetunamortizedgainlossarisingduringperiodnetoftax": -1000000,
        "othercomprehensiveincomelossbeforetax": 1000000,
        "othercomprehensiveincomelosstax": 10000000,
        "othercomprehensiveincomelossnetoftax": -9000000,
        "comprehensiveincomenetoftaxincludingportionattributabletononcontrollinginterest": 544000000,
        "comprehensiveincomenetoftax": 544000000
    },
    {
        "date": "2024-03-30",
        "symbol": "MCO",
        "period": "Q1",
        "revenuefromcontractwithcustomerexcludingassessedtax": 1786000000,
        "costofrevenue": 467000000,
        "sellinggeneralandadministrativeexpense": 413000000,
        "depreciationandamortization": 100000000,
        "restructuringcharges": 5000000,
        "costsandexpenses": 985000000,
        "operatingincomeloss": 801000000,
        "interestincomeexpensenonoperatingnet": -62000000,
        "othernonoperatingincomeexpense": 13000000,
        "nonoperatingincomeexpense": -49000000,
        "incomelossfromcontinuingoperationsbeforeincometaxesextraordinaryitemsnoncontrollinginterest": 752000000,
        "incometaxexpensebenefit": 175000000,
        "netincomeloss": 577000000,
        "earningspersharebasic": 3.16,
        "earningspersharediluted": 3.15,
        "weightedaveragenumberofsharesoutstandingbasic": 182600000,
        "weightedaveragenumberofdilutedsharesoutstanding": 183400000,
        "profitloss": 577000000,
        "othercomprehensiveincomelossforeigncurrencytranslationadjustmentbeforereclassificationandtax": -115000000,
        "othercomprehensiveincomelossforeigncurrencytranslationadjustmentbeforereclassificationnetoftax": -115000000,
        "othercomprehensiveincomelossnetinvestmenthedgegainlossbeforereclassificationandtax": 101000000,
        "othercomprehensiveincomelossnetinvestmenthedgegainlossbeforereclassificationtax": 27000000,
        "othercomprehensiveincomelossnetinvestmenthedgegainlossbeforereclassificationnetoftax": 74000000,
        "othercomprehensiveincomelosscashflowhedgegainlossreclassificationbeforetax": -1000000,
        "othercomprehensiveincomelosscashflowhedgegainlossreclassificationaftertax": -1000000,
        "othercomprehensiveincomelosspensionandotherpostretirementbenefitplansnetunamortizedgainlossarisingduringperiodbeforetax": -1000000,
        "othercomprehensiveincomedefinedbenefitplansnetunamortizedgainlossarisingduringperiodnetoftax": -1000000,
        "othercomprehensiveincomelossbeforetax": -14000000,
        "othercomprehensiveincomelosstax": 27000000,
        "othercomprehensiveincomelossnetoftax": -41000000,
        "comprehensiveincomenetoftaxincludingportionattributabletononcontrollinginterest": 536000000,
        "comprehensiveincomenetoftax": 536000000
    },
    {
        "date": "2023-12-30",
        "symbol": "MCO",
        "period": "Q4",
        "revenuefromcontractwithcustomerexcludingassessedtax": 1480000000,
        "costofrevenue": 421000000,
        "sellinggeneralandadministrativeexpense": 428000000,
        "depreciationandamortization": 97000000,
        "restructuringcharges": 36000000,
        "costsandexpenses": 982000000,
        "operatingincomeloss": 498000000,
        "interestincomeexpensenonoperatingnet": -66000000,
        "nonoperatingincomeexpense": -48000000,
        "incomelossfromcontinuingoperationsbeforeincometaxesextraordinaryitemsnoncontrollinginterest": 450000000,
        "incometaxexpensebenefit": 110000000,
        "profitloss": 340000000,
        "netincomeloss": 340000000,
        "earningspersharebasic": 1.8599999999999999,
        "earningspersharediluted": 1.8500000000000019,
        "othercomprehensiveincomelossforeigncurrencytranslationadjustmentbeforereclassificationandtax": 227000000,
        "othercomprehensiveincomelossforeigncurrencytranslationadjustmentbeforereclassificationnetoftax": 230000000,
        "othercomprehensiveincomelossnetinvestmenthedgegainlossbeforereclassificationandtax": -188000000,
        "othercomprehensiveincomelossnetinvestmenthedgegainlossbeforereclassificationtax": -48000000,
        "othercomprehensiveincomelossnetinvestmenthedgegainlossbeforereclassificationnetoftax": -140000000,
        "othercomprehensiveincomelossbeforetax": 29000000,
        "othercomprehensiveincomelosstax": -53000000,
        "othercomprehensiveincomelossnetoftax": 82000000,
        "comprehensiveincomenetoftaxincludingportionattributabletononcontrollinginterest": 422000000,
        "comprehensiveincomenetoftax": 425000000
    },
    {
        "date": "2023-09-29",
        "symbol": "MCO",
        "period": "Q3",
        "revenuefromcontractwithcustomerexcludingassessedtax": 4242000000,
        "costofrevenue": 412000000,
        "sellinggeneralandadministrativeexpense": 403000000,
        "depreciationandamortization": 239000000,
        "restructuringcharges": 43000000,
        "costsandexpenses": 937000000,
        "operatingincomeloss": 535000000,
        "interestincomeexpensenonoperatingnet": -66000000,
        "nonoperatingincomeexpense": -48000000,
        "incomelossfromcontinuingoperationsbeforeincometaxesextraordinaryitemsnoncontrollinginterest": 487000000,
        "incometaxexpensebenefit": 216000000,
        "profitloss": 390000000,
        "netincomeloss": 1266000000,
        "earningspersharebasic": 2.1199999999999997,
        "earningspersharediluted": 2.11,
        "weightedaveragenumberofsharesoutstandingbasic": 0,
        "othercomprehensiveincomelossforeigncurrencytranslationadjustmentbeforereclassificationandtax": -174000000,
        "othercomprehensiveincomelossforeigncurrencytranslationadjustmentbeforereclassificationnetoftax": -176000000,
        "othercomprehensiveincomelossnetinvestmenthedgegainlossbeforereclassificationandtax": 124000000,
        "othercomprehensiveincomelossnetinvestmenthedgegainlossbeforereclassificationtax": 31000000,
        "othercomprehensiveincomelossnetinvestmenthedgegainlossbeforereclassificationnetoftax": 93000000,
        "othercomprehensiveincomelossbeforetax": -48000000,
        "othercomprehensiveincomelosstax": 34000000,
        "othercomprehensiveincomelossnetoftax": -82000000,
        "comprehensiveincomenetoftaxincludingportionattributabletononcontrollinginterest": 308000000,
        "comprehensiveincomenetoftaxattributabletononcontrollinginterest": 0,
        "comprehensiveincomenetoftax": 308000000
    },
    {
        "date": "2023-06-29",
        "symbol": "MCO",
        "period": "Q2",
        "revenuefromcontractwithcustomerexcludingassessedtax": 96000000,
        "costofrevenue": 426000000,
        "sellinggeneralandadministrativeexpense": 415000000,
        "depreciationandamortization": 19000000,
        "restructuringcharges": 2000000,
        "costsandexpenses": 944000000,
        "operatingincomeloss": 550000000,
        "interestincomeexpensenonoperatingnet": -71000000,
        "nonoperatingincomeexpense": -58000000,
        "incomelossfromcontinuingoperationsbeforeincometaxesextraordinaryitemsnoncontrollinginterest": 492000000,
        "incometaxexpensebenefit": -4000000,
        "netincomeloss": -500000000,
        "earningspersharebasic": 2.06,
        "earningspersharediluted": 2.0499999999999994,
        "weightedaveragenumberofsharesoutstandingbasic": 100000,
        "weightedaveragenumberofdilutedsharesoutstanding": 0,
        "profitloss": 377000000,
        "othercomprehensiveincomelossforeigncurrencytranslationadjustmentbeforereclassificationandtax": 51000000,
        "othercomprehensiveincomelossforeigncurrencytranslationadjustmentbeforereclassificationtax": 0,
        "othercomprehensiveincomelossforeigncurrencytranslationadjustmentbeforereclassificationnetoftax": 51000000,
        "othercomprehensiveincomelossnetinvestmenthedgegainlossbeforereclassificationandtax": -37000000,
        "othercomprehensiveincomelossnetinvestmenthedgegainlossbeforereclassificationtax": -9000000,
        "othercomprehensiveincomelossnetinvestmenthedgegainlossbeforereclassificationnetoftax": -28000000,
        "othercomprehensiveincomelosscashflowhedgegainlossreclassificationbeforetax": 0,
        "othercomprehensiveincomelosscashflowhedgegainlossreclassificationaftertax": 0,
        "othercomprehensiveincomelossbeforetax": 12000000,
        "othercomprehensiveincomelosstax": -9000000,
        "othercomprehensiveincomelossnetoftax": 21000000,
        "comprehensiveincomenetoftaxincludingportionattributabletononcontrollinginterest": 398000000,
        "comprehensiveincomenetoftaxattributabletononcontrollinginterest": 2000000,
        "comprehensiveincomenetoftax": 396000000
    },
    {
        "date": "2023-03-30",
        "symbol": "MCO",
        "period": "Q1",
        "revenuefromcontractwithcustomerexcludingassessedtax": 98000000,
        "costofrevenue": 428000000,
        "sellinggeneralandadministrativeexpense": 386000000,
        "depreciationandamortization": 18000000,
        "restructuringcharges": 6000000,
        "costsandexpenses": 916000000,
        "operatingincomeloss": 554000000,
        "interestincomeexpensenonoperatingnet": -48000000,
        "nonoperatingincomeexpense": -48000000,
        "incomelossfromcontinuingoperationsbeforeincometaxesextraordinaryitemsnoncontrollinginterest": 506000000,
        "incometaxexpensebenefit": 5000000,
        "netincomeloss": 501000000,
        "earningspersharebasic": 2.73,
        "earningspersharediluted": 2.72,
        "weightedaveragenumberofsharesoutstandingbasic": 183300000,
        "weightedaveragenumberofdilutedsharesoutstanding": 184100000,
        "profitloss": 501000000,
        "othercomprehensiveincomelossforeigncurrencytranslationadjustmentbeforereclassificationandtax": 109000000,
        "othercomprehensiveincomelossforeigncurrencytranslationadjustmentbeforereclassificationtax": 2000000,
        "othercomprehensiveincomelossforeigncurrencytranslationadjustmentbeforereclassificationnetoftax": 107000000,
        "othercomprehensiveincomelossnetinvestmenthedgegainlossbeforereclassificationandtax": -76000000,
        "othercomprehensiveincomelossnetinvestmenthedgegainlossbeforereclassificationtax": -19000000,
        "othercomprehensiveincomelossnetinvestmenthedgegainlossbeforereclassificationnetoftax": -57000000,
        "othercomprehensiveincomelosscashflowhedgegainlossreclassificationbeforetax": -1000000,
        "othercomprehensiveincomelosscashflowhedgegainlossreclassificationaftertax": -1000000,
        "othercomprehensiveincomelossbeforetax": 34000000,
        "othercomprehensiveincomelosstax": -17000000,
        "othercomprehensiveincomelossnetoftax": 51000000,
        "comprehensiveincomenetoftaxincludingportionattributabletononcontrollinginterest": 552000000,
        "comprehensiveincomenetoftaxattributabletononcontrollinginterest": -3000000,
        "comprehensiveincomenetoftax": 555000000
    },
    {
        "date": "2022-12-30",
        "symbol": "MCO",
        "period": "Q4",
        "revenuefromcontractwithcustomerexcludingassessedtax": 86000000,
        "costofrevenue": 410000000,
        "sellinggeneralandadministrativeexpense": 403000000,
        "depreciationandamortization": 68000000,
        "costsandexpenses": 984000000,
        "operatingincomeloss": 306000000,
        "interestincomeexpensenonoperatingnet": -65000000,
        "nonoperatingincomeexpense": 21000000,
        "incomelossfromcontinuingoperationsbeforeincometaxesextraordinaryitemsnoncontrollinginterest": -1000000,
        "incometaxexpensebenefit": 0,
        "profitloss": 246000000,
        "netincomeloss": -1000000,
        "earningspersharebasic": 1.3400000000000012,
        "earningspersharediluted": 1.3400000000000012,
        "weightedaveragenumberofsharesoutstandingbasic": -200000,
        "weightedaveragenumberofdilutedsharesoutstanding": -200000,
        "othercomprehensiveincomelossforeigncurrencytranslationadjustmentbeforereclassificationandtax": 367000000,
        "othercomprehensiveincomelossforeigncurrencytranslationadjustmentbeforereclassificationtax": 8000000,
        "othercomprehensiveincomelossforeigncurrencytranslationadjustmentbeforereclassificationnetoftax": 359000000,
        "othercomprehensiveincomelossnetinvestmenthedgegainlossbeforereclassificationandtax": -342000000,
        "othercomprehensiveincomelossnetinvestmenthedgegainlossbeforereclassificationtax": -85000000,
        "othercomprehensiveincomelossnetinvestmenthedgegainlossbeforereclassificationnetoftax": -257000000,
        "othercomprehensiveincomelossbeforetax": 22000000,
        "othercomprehensiveincomelosstax": -79000000,
        "othercomprehensiveincomelossnetoftax": 101000000,
        "comprehensiveincomenetoftaxincludingportionattributabletononcontrollinginterest": 347000000,
        "comprehensiveincomenetoftax": 351000000
    },
    {
        "date": "2022-09-29",
        "symbol": "MCO",
        "period": "Q3",
        "revenuefromcontractwithcustomerexcludingassessedtax": 1275000000,
        "costofrevenue": 393000000,
        "sellinggeneralandadministrativeexpense": 385000000,
        "depreciationandamortization": 83000000,
        "costsandexpenses": 862000000,
        "operatingincomeloss": 413000000,
        "interestincomeexpensenonoperatingnet": -58000000,
        "othernonoperatingincomeexpense": 26000000,
        "nonoperatingincomeexpense": -32000000,
        "incomelossfromcontinuingoperationsbeforeincometaxesextraordinaryitemsnoncontrollinginterest": 381000000,
        "incometaxexpensebenefit": 78000000,
        "netincomeloss": 303000000,
        "earningspersharebasic": 1.6599999999999997,
        "earningspersharediluted": 1.65,
        "weightedaveragenumberofsharesoutstandingbasic": -500000,
        "weightedaveragenumberofdilutedsharesoutstanding": -500000,
        "profitloss": 303000000,
        "othercomprehensiveincomelossforeigncurrencytranslationadjustmentbeforereclassificationandtax": -358000000,
        "othercomprehensiveincomelossforeigncurrencytranslationadjustmentbeforereclassificationtax": -6000000,
        "othercomprehensiveincomelossforeigncurrencytranslationadjustmentbeforereclassificationnetoftax": -352000000,
        "othercomprehensiveincomelossnetinvestmenthedgegainlossbeforereclassificationandtax": 256000000,
        "othercomprehensiveincomelossnetinvestmenthedgegainlossbeforereclassificationtax": 63000000,
        "othercomprehensiveincomelossnetinvestmenthedgegainlossbeforereclassificationnetoftax": 193000000,
        "othercomprehensiveincomelosspensionandotherpostretirementbenefitplansnetunamortizedgainlossarisingduringperiodbeforetax": 0,
        "othercomprehensiveincomedefinedbenefitplansnetunamortizedgainlossarisingduringperiodtax": 0,
        "othercomprehensiveincomedefinedbenefitplansnetunamortizedgainlossarisingduringperiodnetoftax": 0,
        "othercomprehensiveincomelossbeforetax": -100000000,
        "othercomprehensiveincomelosstax": 58000000,
        "othercomprehensiveincomelossnetoftax": -158000000,
        "comprehensiveincomenetoftaxincludingportionattributabletononcontrollinginterest": 145000000,
        "comprehensiveincomenetoftax": 154000000
    },
    {
        "date": "2022-06-29",
        "symbol": "MCO",
        "period": "Q2",
        "revenuefromcontractwithcustomerexcludingassessedtax": 2812000000,
        "costofrevenue": 393000000,
        "sellinggeneralandadministrativeexpense": 368000000,
        "depreciationandamortization": 99000000,
        "costsandexpenses": 873000000,
        "operatingincomeloss": 508000000,
        "interestincomeexpensenonoperatingnet": -55000000,
        "othernonoperatingincomeexpense": -3000000,
        "nonoperatingincomeexpense": -65000000,
        "incomelossfromcontinuingoperationsbeforeincometaxesextraordinaryitemsnoncontrollinginterest": 443000000,
        "incometaxexpensebenefit": 116000000,
        "netincomeloss": 826000000,
        "earningspersharebasic": 1.7799999999999998,
        "earningspersharediluted": 1.77,
        "weightedaveragenumberofsharesoutstandingbasic": -500000,
        "weightedaveragenumberofdilutedsharesoutstanding": -700000,
        "profitloss": 327000000,
        "othercomprehensiveincomelossforeigncurrencytranslationadjustmentbeforereclassificationandtax": -340000000,
        "othercomprehensiveincomelossforeigncurrencytranslationadjustmentbeforereclassificationtax": -3000000,
        "othercomprehensiveincomelossforeigncurrencytranslationadjustmentbeforereclassificationnetoftax": -337000000,
        "othercomprehensiveincomelossnetinvestmenthedgegainlossbeforereclassificationandtax": 241000000,
        "othercomprehensiveincomelossnetinvestmenthedgegainlossbeforereclassificationtax": 60000000,
        "othercomprehensiveincomelossnetinvestmenthedgegainlossbeforereclassificationnetoftax": 181000000,
        "othercomprehensiveincomelosscashflowhedgegainlossreclassificationbeforetax": 0,
        "othercomprehensiveincomelosscashflowhedgegainlossreclassificationaftertax": 0,
        "othercomprehensiveincomelosspensionandotherpostretirementbenefitplansnetunamortizedgainlossarisingduringperiodbeforetax": 6000000,
        "othercomprehensiveincomedefinedbenefitplansnetunamortizedgainlossarisingduringperiodtax": 2000000,
        "othercomprehensiveincomedefinedbenefitplansnetunamortizedgainlossarisingduringperiodnetoftax": 4000000,
        "othercomprehensiveincomelossbeforetax": -72000000,
        "othercomprehensiveincomelosstax": 59000000,
        "othercomprehensiveincomelossnetoftax": -131000000,
        "comprehensiveincomenetoftaxincludingportionattributabletononcontrollinginterest": 196000000,
        "comprehensiveincomenetoftax": 199000000
    },
    {
        "date": "2022-03-30",
        "symbol": "MCO",
        "period": "Q1",
        "revenuefromcontractwithcustomerexcludingassessedtax": 91000000,
        "costofrevenue": 417000000,
        "sellinggeneralandadministrativeexpense": 371000000,
        "depreciationandamortization": 60000000,
        "costsandexpenses": 866000000,
        "operatingincomeloss": 656000000,
        "interestincomeexpensenonoperatingnet": -53000000,
        "othernonoperatingincomeexpense": -1000000,
        "nonoperatingincomeexpense": -47000000,
        "incomelossfromcontinuingoperationsbeforeincometaxesextraordinaryitemsnoncontrollinginterest": 609000000,
        "incometaxexpensebenefit": 111000000,
        "netincomeloss": -1000000,
        "earningspersharebasic": 2.69,
        "earningspersharediluted": 2.68,
        "weightedaveragenumberofsharesoutstandingbasic": 185100000,
        "weightedaveragenumberofdilutedsharesoutstanding": 186100000,
        "profitloss": 498000000,
        "othercomprehensiveincomelossforeigncurrencytranslationadjustmentbeforereclassificationandtax": -108000000,
        "othercomprehensiveincomelossforeigncurrencytranslationadjustmentbeforereclassificationtax": -1000000,
        "othercomprehensiveincomelossforeigncurrencytranslationadjustmentbeforereclassificationnetoftax": -107000000,
        "othercomprehensiveincomelossnetinvestmenthedgegainlossbeforereclassificationandtax": 64000000,
        "othercomprehensiveincomelossnetinvestmenthedgegainlossbeforereclassificationtax": 17000000,
        "othercomprehensiveincomelossnetinvestmenthedgegainlossbeforereclassificationnetoftax": 47000000,
        "othercomprehensiveincomelosscashflowhedgegainlossreclassificationbeforetax": -1000000,
        "othercomprehensiveincomelosscashflowhedgegainlossreclassificationaftertax": -1000000,
        "othercomprehensiveincomelosspensionandotherpostretirementbenefitplansnetunamortizedgainlossarisingduringperiodbeforetax": -3000000,
        "othercomprehensiveincomedefinedbenefitplansnetunamortizedgainlossarisingduringperiodtax": -1000000,
        "othercomprehensiveincomedefinedbenefitplansnetunamortizedgainlossarisingduringperiodnetoftax": -2000000,
        "othercomprehensiveincomelossbeforetax": -46000000,
        "othercomprehensiveincomelosstax": 15000000,
        "othercomprehensiveincomelossnetoftax": -61000000,
        "comprehensiveincomenetoftaxincludingportionattributabletononcontrollinginterest": 437000000,
        "comprehensiveincomenetoftax": 437000000
    },
    {
        "date": "2021-12-30",
        "symbol": "MCO",
        "period": "Q4",
        "revenuefromcontractwithcustomerexcludingassessedtax": 79000000,
        "costofrevenue": 485000000,
        "sellinggeneralandadministrativeexpense": 465000000,
        "depreciationandamortization": 58000000,
        "costsandexpenses": 3504000000,
        "operatingincomeloss": 2447000000,
        "interestincomeexpensenonoperatingnet": -62000000,
        "othernonoperatingincomeexpense": 0,
        "nonoperatingincomeexpense": 2000000,
        "incometaxexpensebenefit": -1000000,
        "profitloss": 427000000,
        "netincomeloss": -2000000,
        "earningspersharebasic": 2.3000000000000003,
        "earningspersharediluted": 2.27,
        "weightedaveragenumberofsharesoutstandingbasic": -200000,
        "weightedaveragenumberofdilutedsharesoutstanding": -100000,
        "othercomprehensiveincomelossforeigncurrencytranslationadjustmentbeforereclassificationandtax": -69000000,
        "othercomprehensiveincomelossforeigncurrencytranslationadjustmentbeforereclassificationtax": -2000000,
        "othercomprehensiveincomelossforeigncurrencytranslationadjustmentbeforereclassificationnetoftax": -67000000,
        "othercomprehensiveincomelossnetinvestmenthedgegainlossbeforereclassificationandtax": 86000000,
        "othercomprehensiveincomelossnetinvestmenthedgegainlossbeforereclassificationtax": 21000000,
        "othercomprehensiveincomelossnetinvestmenthedgegainlossbeforereclassificationnetoftax": 65000000,
        "othercomprehensiveincomelossreclassificationadjustmentfromaocipensionandotherpostretirementbenefitplansbeforetax": 3000000,
        "othercomprehensiveincomelossreclassificationadjustmentfromaocipensionandotherpostretirementbenefitplanstax": 1000000,
        "othercomprehensiveincomelossreclassificationadjustmentfromaocipensionandotherpostretirementbenefitplansnetoftax": 2000000,
        "othercomprehensiveincomelossbeforetax": 89000000,
        "othercomprehensiveincomelosstax": 37000000,
        "othercomprehensiveincomelossnetoftax": 52000000,
        "comprehensiveincomenetoftaxincludingportionattributabletononcontrollinginterest": 479000000,
        "comprehensiveincomenetoftaxattributabletononcontrollinginterest": 0,
        "comprehensiveincomenetoftax": 479000000
    },
    {
        "date": "2021-09-29",
        "symbol": "MCO",
        "period": "Q3",
        "revenuefromcontractwithcustomerexcludingassessedtax": 94000000,
        "costofrevenue": 394000000,
        "sellinggeneralandadministrativeexpense": 395000000,
        "depreciationandamortization": 44000000,
        "costsandexpenses": -44000000,
        "operatingincomeloss": 113000000,
        "interestincomeexpensenonoperatingnet": -53000000,
        "othernonoperatingincomeexpense": -1000000,
        "nonoperatingincomeexpense": -57000000,
        "incometaxexpensebenefit": -1000000,
        "profitloss": 474000000,
        "netincomeloss": -3000000,
        "earningspersharebasic": 2.56,
        "earningspersharediluted": 2.53,
        "weightedaveragenumberofsharesoutstandingbasic": -400000,
        "weightedaveragenumberofdilutedsharesoutstanding": -200000,
        "othercomprehensiveincomelossforeigncurrencytranslationadjustmentbeforereclassificationandtax": -124000000,
        "othercomprehensiveincomelossforeigncurrencytranslationadjustmentbeforereclassificationtax": -5000000,
        "othercomprehensiveincomelossforeigncurrencytranslationadjustmentbeforereclassificationnetoftax": -119000000,
        "othercomprehensiveincomelossnetinvestmenthedgegainlossbeforereclassificationandtax": 99000000,
        "othercomprehensiveincomelossnetinvestmenthedgegainlossbeforereclassificationtax": 26000000,
        "othercomprehensiveincomelossnetinvestmenthedgegainlossbeforereclassificationnetoftax": 73000000,
        "othercomprehensiveincomelossnetinvestmenthedgegainlossreclassificationbeforetax": 0,
        "othercomprehensiveincomelossreclassificationadjustmentfromaocipensionandotherpostretirementbenefitplansbeforetax": 3000000,
        "othercomprehensiveincomelossreclassificationadjustmentfromaocipensionandotherpostretirementbenefitplanstax": 1000000,
        "othercomprehensiveincomelossreclassificationadjustmentfromaocipensionandotherpostretirementbenefitplansnetoftax": 2000000,
        "othercomprehensiveincomelossbeforetax": -17000000,
        "othercomprehensiveincomelosstax": 23000000,
        "othercomprehensiveincomelossnetoftax": -40000000,
        "comprehensiveincomenetoftaxincludingportionattributabletononcontrollinginterest": 434000000,
        "comprehensiveincomenetoftaxattributabletononcontrollinginterest": -3000000,
        "comprehensiveincomenetoftax": 437000000
    },
    {
        "date": "2021-06-29",
        "symbol": "MCO",
        "period": "Q2",
        "revenuefromcontractwithcustomerexcludingassessedtax": 1553000000,
        "costofrevenue": 365000000,
        "sellinggeneralandadministrativeexpense": 327000000,
        "depreciationandamortization": 60000000,
        "restructuringcharges": 0,
        "costsandexpenses": 752000000,
        "operatingincomeloss": 801000000,
        "interestincomeexpensenonoperatingnet": -49000000,
        "othernonoperatingincomeexpense": 6000000,
        "nonoperatingincomeexpense": -43000000,
        "incometaxexpensebenefit": 181000000,
        "profitloss": 577000000,
        "netincomeloss": 577000000,
        "earningspersharebasic": 3.0899999999999994,
        "earningspersharediluted": 3.0800000000000005,
        "weightedaveragenumberofsharesoutstandingbasic": -200000,
        "weightedaveragenumberofdilutedsharesoutstanding": -400000,
        "othercomprehensiveincomelossforeigncurrencytranslationadjustmentbeforereclassificationandtax": 37000000,
        "othercomprehensiveincomelossforeigncurrencytranslationadjustmentbeforereclassificationtax": 2000000,
        "othercomprehensiveincomelossforeigncurrencytranslationadjustmentbeforereclassificationnetoftax": 35000000,
        "othercomprehensiveincomelossnetinvestmenthedgegainlossbeforereclassificationandtax": -41000000,
        "othercomprehensiveincomelossnetinvestmenthedgegainlossbeforereclassificationtax": -12000000,
        "othercomprehensiveincomelossnetinvestmenthedgegainlossbeforereclassificationnetoftax": -29000000,
        "othercomprehensiveincomelossnetinvestmenthedgegainlossreclassificationbeforetax": 1000000,
        "othercomprehensiveincomelossnetinvestmenthedgegainlossreclassificationnetoftax": 0,
        "othercomprehensiveincomelosscashflowhedgegainlossreclassificationbeforetax": 0,
        "othercomprehensiveincomelosscashflowhedgegainlossreclassificationaftertax": 0,
        "othercomprehensiveincomelossreclassificationadjustmentfromaocipensionandotherpostretirementbenefitplansbeforetax": 10000000,
        "othercomprehensiveincomelossreclassificationadjustmentfromaocipensionandotherpostretirementbenefitplanstax": 2000000,
        "othercomprehensiveincomelossreclassificationadjustmentfromaocipensionandotherpostretirementbenefitplansnetoftax": 8000000,
        "othercomprehensiveincomelossbeforetax": 5000000,
        "othercomprehensiveincomelosstax": -9000000,
        "othercomprehensiveincomelossnetoftax": 14000000,
        "comprehensiveincomenetoftaxincludingportionattributabletononcontrollinginterest": 591000000,
        "comprehensiveincomenetoftaxattributabletononcontrollinginterest": -1000000,
        "comprehensiveincomenetoftax": 592000000
    },
    {
        "date": "2021-03-30",
        "symbol": "MCO",
        "period": "Q1",
        "revenuefromcontractwithcustomerexcludingassessedtax": 1600000000,
        "costofrevenue": 393000000,
        "sellinggeneralandadministrativeexpense": 293000000,
        "depreciationandamortization": 59000000,
        "restructuringcharges": 2000000,
        "costsandexpenses": 747000000,
        "operatingincomeloss": 853000000,
        "interestincomeexpensenonoperatingnet": -7000000,
        "othernonoperatingincomeexpense": 16000000,
        "nonoperatingincomeexpense": 9000000,
        "incomelossfromcontinuingoperationsbeforeincometaxesminorityinterestandincomelossfromequitymethodinvestments": 862000000,
        "incometaxexpensebenefit": 126000000,
        "profitloss": 736000000,
        "netincomeloss": 736000000,
        "earningspersharebasic": 3.93,
        "earningspersharediluted": 3.9,
        "weightedaveragenumberofsharesoutstandingbasic": 187200000,
        "weightedaveragenumberofdilutedsharesoutstanding": 188600000,
        "othercomprehensiveincomelossforeigncurrencytranslationadjustmentbeforereclassificationandtax": -147000000,
        "othercomprehensiveincomelossforeigncurrencytranslationadjustmentbeforereclassificationtax": -6000000,
        "othercomprehensiveincomelossforeigncurrencytranslationadjustmentbeforereclassificationnetoftax": -141000000,
        "othercomprehensiveincomelossnetinvestmenthedgegainlossbeforereclassificationandtax": 175000000,
        "othercomprehensiveincomelossnetinvestmenthedgegainlossbeforereclassificationtax": 42000000,
        "othercomprehensiveincomelossnetinvestmenthedgegainlossbeforereclassificationnetoftax": 133000000,
        "othercomprehensiveincomelossnetinvestmenthedgegainlossreclassificationbeforetax": 1000000,
        "othercomprehensiveincomelossnetinvestmenthedgegainlossreclassificationnetoftax": 1000000,
        "othercomprehensiveincomelosscashflowhedgegainlossreclassificationbeforetax": -1000000,
        "othercomprehensiveincomelosscashflowhedgegainlossreclassificationaftertax": -1000000,
        "othercomprehensiveincomelossreclassificationadjustmentfromaocipensionandotherpostretirementbenefitplansbeforetax": 3000000,
        "othercomprehensiveincomelossreclassificationadjustmentfromaocipensionandotherpostretirementbenefitplanstax": 1000000,
        "othercomprehensiveincomelossreclassificationadjustmentfromaocipensionandotherpostretirementbenefitplansnetoftax": 2000000,
        "othercomprehensiveincomelossbeforetax": 31000000,
        "othercomprehensiveincomelosstax": 37000000,
        "othercomprehensiveincomelossnetoftax": -6000000,
        "comprehensiveincomenetoftaxincludingportionattributabletononcontrollinginterest": 730000000,
        "comprehensiveincomenetoftaxattributabletononcontrollinginterest": 2000000,
        "comprehensiveincomenetoftax": 728000000
    },
    {
        "date": "2020-12-30",
        "symbol": "MCO",
        "period": "Q4",
        "revenuefromcontractwithcustomerexcludingassessedtax": 1290000000,
        "costofrevenue": 409000000,
        "sellinggeneralandadministrativeexpense": 350000000,
        "restructuringcharges": 30000000,
        "depreciationandamortization": 57000000,
        "costsandexpenses": 846000000,
        "operatingincomeloss": 444000000,
        "interestincomeexpensenonoperatingnet": -52000000,
        "othernonoperatingincomeexpense": 8000000,
        "nonoperatingincomeexpense": -44000000,
        "incomelossfromcontinuingoperationsbeforeincometaxesminorityinterestandincomelossfromequitymethodinvestments": 400000000,
        "incometaxexpensebenefit": 86000000,
        "profitloss": 314000000,
        "netincomeloss": 314000000,
        "earningspersharebasic": 1.680000000000001,
        "earningspersharediluted": 1.6600000000000006,
        "othercomprehensiveincomelossforeigncurrencytranslationadjustmentbeforereclassificationandtax": 254000000,
        "othercomprehensiveincomelossforeigncurrencytranslationadjustmentbeforereclassificationtax": 2000000,
        "othercomprehensiveincomelossforeigncurrencytranslationadjustmentbeforereclassificationnetoftax": 252000000,
        "othercomprehensiveincomelossnetinvestmenthedgegainlossbeforereclassificationandtax": -195000000,
        "othercomprehensiveincomelossnetinvestmenthedgegainlossbeforereclassificationtax": -49000000,
        "othercomprehensiveincomelossnetinvestmenthedgegainlossbeforereclassificationnetoftax": -146000000,
        "othercomprehensiveincomelosspensionandotherpostretirementbenefitplansnetunamortizedgainlossarisingduringperiodbeforetax": -41000000,
        "othercomprehensiveincomedefinedbenefitplansnetunamortizedgainlossarisingduringperiodnetoftax": -31000000,
        "othercomprehensiveincomelossbeforetax": 22000000,
        "othercomprehensiveincomelosstax": -54000000,
        "comprehensiveincomenetoftaxincludingportionattributabletononcontrollinginterest": 390000000,
        "comprehensiveincomenetoftaxattributabletononcontrollinginterest": 4000000,
        "comprehensiveincomenetoftax": 386000000
    },
    {
        "date": "2020-09-29",
        "symbol": "MCO",
        "period": "Q3",
        "revenuefromcontractwithcustomerexcludingassessedtax": 1356000000,
        "costofrevenue": 364000000,
        "sellinggeneralandadministrativeexpense": 271000000,
        "restructuringcharges": 23000000,
        "depreciationandamortization": 56000000,
        "costsandexpenses": 714000000,
        "operatingincomeloss": 642000000,
        "interestincomeexpensenonoperatingnet": -53000000,
        "othernonoperatingincomeexpense": 10000000,
        "nonoperatingincomeexpense": -43000000,
        "incomelossfromcontinuingoperationsbeforeincometaxesminorityinterestandincomelossfromequitymethodinvestments": 599000000,
        "incometaxexpensebenefit": 132000000,
        "profitloss": 467000000,
        "netincomeloss": 467000000,
        "earningspersharebasic": 2.4899999999999998,
        "earningspersharediluted": 2.4600000000000013,
        "weightedaveragenumberofsharesoutstandingbasic": 0,
        "weightedaveragenumberofdilutedsharesoutstanding": 0,
        "othercomprehensiveincomelossforeigncurrencytranslationadjustmentbeforereclassificationandtax": 204000000,
        "othercomprehensiveincomelossforeigncurrencytranslationadjustmentbeforereclassificationtax": 17000000,
        "othercomprehensiveincomelossforeigncurrencytranslationadjustmentbeforereclassificationnetoftax": 187000000,
        "othercomprehensiveincomelossnetinvestmenthedgegainlossbeforereclassificationandtax": -191000000,
        "othercomprehensiveincomelossnetinvestmenthedgegainlossbeforereclassificationtax": -48000000,
        "othercomprehensiveincomelossnetinvestmenthedgegainlossbeforereclassificationnetoftax": -143000000,
        "othercomprehensiveincomelosscashflowhedgegainlossbeforereclassificationandtax": 0,
        "othercomprehensiveincomelosscashflowhedgegainlossbeforereclassificationtax": 0,
        "othercomprehensiveincomelosscashflowhedgegainlossbeforereclassificationaftertax": 0,
        "othercomprehensiveincomelossamortizationadjustmentfromaocipensionandotherpostretirementbenefitplansfornetpriorservicecostcreditbeforetax": 2000000,
        "othercomprehensiveincomelossamortizationadjustmentfromaocipensionandotherpostretirementbenefitplansfornetpriorservicecostcreditnetoftax": 2000000,
        "othercomprehensiveincomelosspensionandotherpostretirementbenefitplansnetunamortizedgainlossarisingduringperiodbeforetax": -9000000,
        "othercomprehensiveincomedefinedbenefitplansnetunamortizedgainlossarisingduringperiodnetoftax": -7000000,
        "othercomprehensiveincomelossbeforetax": 6000000,
        "othercomprehensiveincomelosstax": -33000000,
        "comprehensiveincomenetoftaxincludingportionattributabletononcontrollinginterest": 506000000,
        "comprehensiveincomenetoftaxattributabletononcontrollinginterest": 1000000,
        "comprehensiveincomenetoftax": 505000000
    },
    {
        "date": "2020-06-29",
        "symbol": "MCO",
        "period": "Q2",
        "revenuefromcontractwithcustomerexcludingassessedtax": 1435000000,
        "costofrevenue": 362000000,
        "sellinggeneralandadministrativeexpense": 307000000,
        "restructuringcharges": -2000000,
        "depreciationandamortization": 58000000,
        "gainlossonsaleofbusiness": 0,
        "costsandexpenses": 725000000,
        "operatingincomeloss": 710000000,
        "interestincomeexpensenonoperatingnet": -60000000,
        "othernonoperatingincomeexpense": 16000000,
        "nonoperatingincomeexpense": -44000000,
        "incomelossfromcontinuingoperationsbeforeincometaxesminorityinterestandincomelossfromequitymethodinvestments": 666000000,
        "incometaxexpensebenefit": 157000000,
        "profitloss": 509000000,
        "netincomelossattributabletononcontrollinginterest": 0,
        "netincomeloss": 509000000,
        "earningspersharebasic": 2.7099999999999995,
        "earningspersharediluted": 2.6999999999999997,
        "weightedaveragenumberofsharesoutstandingbasic": 100000,
        "weightedaveragenumberofdilutedsharesoutstanding": -300000,
        "othercomprehensiveincomelossforeigncurrencytranslationadjustmentbeforereclassificationandtax": 78000000,
        "othercomprehensiveincomelossforeigncurrencytranslationadjustmentbeforereclassificationtax": -1000000,
        "othercomprehensiveincomelossforeigncurrencytranslationadjustmentbeforereclassificationnetoftax": 79000000,
        "othercomprehensiveincomelossnetinvestmenthedgegainlossbeforereclassificationandtax": -97000000,
        "othercomprehensiveincomelossnetinvestmenthedgegainlossbeforereclassificationtax": -24000000,
        "othercomprehensiveincomelossnetinvestmenthedgegainlossbeforereclassificationnetoftax": -73000000,
        "othercomprehensiveincomelosscashflowhedgegainlossbeforereclassificationandtax": -20000000,
        "othercomprehensiveincomelosscashflowhedgegainlossbeforereclassificationtax": -6000000,
        "othercomprehensiveincomelosscashflowhedgegainlossbeforereclassificationaftertax": -14000000,
        "othercomprehensiveincomelosscashflowhedgegainlossreclassificationbeforetax": 0,
        "othercomprehensiveincomelosscashflowhedgegainlossreclassificationaftertax": 0,
        "othercomprehensiveincomelossamortizationadjustmentfromaocipensionandotherpostretirementbenefitplansfornetpriorservicecostcreditbeforetax": 1000000,
        "othercomprehensiveincomelossamortizationadjustmentfromaocipensionandotherpostretirementbenefitplansfornetpriorservicecostcredittax": 0,
        "othercomprehensiveincomelossamortizationadjustmentfromaocipensionandotherpostretirementbenefitplansfornetpriorservicecostcreditnetoftax": 1000000,
        "othercomprehensiveincomelosspensionandotherpostretirementbenefitplansnetunamortizedgainlossarisingduringperiodbeforetax": 9000000,
        "othercomprehensiveincomedefinedbenefitplansnetunamortizedgainlossarisingduringperiodnetoftax": 7000000,
        "othercomprehensiveincomelossbeforetax": -29000000,
        "othercomprehensiveincomelosstax": -29000000,
        "othercomprehensiveincomelossnetoftax": 0,
        "comprehensiveincomenetoftaxincludingportionattributabletononcontrollinginterest": 509000000,
        "comprehensiveincomenetoftaxattributabletononcontrollinginterest": -11000000,
        "comprehensiveincomenetoftax": 520000000
    },
    {
        "date": "2020-03-30",
        "symbol": "MCO",
        "period": "Q1",
        "revenuefromcontractwithcustomerexcludingassessedtax": 1290000000,
        "costofrevenue": 340000000,
        "sellinggeneralandadministrativeexpense": 301000000,
        "restructuringcharges": -1000000,
        "depreciationandamortization": 49000000,
        "gainlossonsaleofbusiness": -9000000,
        "costsandexpenses": 698000000,
        "operatingincomeloss": 592000000,
        "interestincomeexpensenonoperatingnet": -40000000,
        "othernonoperatingincomeexpense": 12000000,
        "nonoperatingincomeexpense": -28000000,
        "incomelossfromcontinuingoperationsbeforeincometaxesminorityinterestandincomelossfromequitymethodinvestments": 564000000,
        "incometaxexpensebenefit": 77000000,
        "profitloss": 487000000,
        "netincomelossattributabletononcontrollinginterest": -1000000,
        "netincomeloss": 488000000,
        "earningspersharebasic": 2.6,
        "earningspersharediluted": 2.57,
        "weightedaveragenumberofsharesoutstandingbasic": 187500000,
        "weightedaveragenumberofdilutedsharesoutstanding": 189600000,
        "othercomprehensiveincomelossforeigncurrencytranslationadjustmentbeforereclassificationandtax": -175000000,
        "othercomprehensiveincomelossforeigncurrencytranslationadjustmentbeforereclassificationtax": -5000000,
        "othercomprehensiveincomelossforeigncurrencytranslationadjustmentbeforereclassificationnetoftax": -170000000,
        "othercomprehensiveincomelossnetinvestmenthedgegainlossbeforereclassificationandtax": 119000000,
        "othercomprehensiveincomelossnetinvestmenthedgegainlossbeforereclassificationtax": 30000000,
        "othercomprehensiveincomelossnetinvestmenthedgegainlossbeforereclassificationnetoftax": 89000000,
        "othercomprehensiveincomelosscashflowhedgegainlossbeforereclassificationandtax": -48000000,
        "othercomprehensiveincomelosscashflowhedgegainlossbeforereclassificationtax": -12000000,
        "othercomprehensiveincomelosscashflowhedgegainlossbeforereclassificationaftertax": -36000000,
        "othercomprehensiveincomelosscashflowhedgegainlossreclassificationbeforetax": -1000000,
        "othercomprehensiveincomelosscashflowhedgegainlossreclassificationaftertax": -1000000,
        "othercomprehensiveincomelossamortizationadjustmentfromaocipensionandotherpostretirementbenefitplansfornetpriorservicecostcreditbeforetax": 2000000,
        "othercomprehensiveincomelossamortizationadjustmentfromaocipensionandotherpostretirementbenefitplansfornetpriorservicecostcredittax": 1000000,
        "othercomprehensiveincomelossamortizationadjustmentfromaocipensionandotherpostretirementbenefitplansfornetpriorservicecostcreditnetoftax": 1000000,
        "othercomprehensiveincomelosspensionandotherpostretirementbenefitplansnetunamortizedgainlossarisingduringperiodbeforetax": -1000000,
        "othercomprehensiveincomedefinedbenefitplansnetunamortizedgainlossarisingduringperiodnetoftax": -1000000,
        "othercomprehensiveincomelossbeforetax": -102000000,
        "othercomprehensiveincomelosstax": 14000000,
        "othercomprehensiveincomelossnetoftax": -116000000,
        "comprehensiveincomenetoftaxincludingportionattributabletononcontrollinginterest": 371000000,
        "comprehensiveincomenetoftaxattributabletononcontrollinginterest": -2000000,
        "comprehensiveincomenetoftax": 373000000
    },
    {
        "date": "2019-12-30",
        "symbol": "MCO",
        "period": "Q4",
        "sellinggeneralandadministrativeexpense": 1167900000,
        "restructuringcharges": 30800000,
        "depreciationandamortization": 103100000,
        "operatingincomeloss": 1730800000,
        "interestincomeexpensenonoperatingnet": -207800000,
        "othernonoperatingincomeexpense": 19000000,
        "nonoperatingincomeexpense": -51600000,
        "incomelossfromcontinuingoperationsbeforeincometaxesminorityinterestandincomelossfromequitymethodinvestments": 1812400000,
        "incometaxexpensebenefit": 381600000,
        "profitloss": 1430100000,
        "netincomelossattributabletononcontrollinginterest": 1600000,
        "netincomeloss": 359400000.0000001,
        "earningspersharebasic": 1.9099999999999997,
        "earningspersharediluted": 1.8799999999999997,
        "weightedaveragenumberofsharesoutstandingbasic": -300000,
        "weightedaveragenumberofdilutedsharesoutstanding": -200000,
        "othercomprehensiveincomelossnetinvestmenthedgegainlossbeforereclassificationandtax": -95100000,
        "othercomprehensiveincomelossamortizationadjustmentfromaocipensionandotherpostretirementbenefitplansfornetpriorservicecostcreditbeforetax": 600000,
        "othercomprehensiveincomelossamortizationadjustmentfromaocipensionandotherpostretirementbenefitplansfornetpriorservicecostcredittax": 400000,
        "othercomprehensiveincomelossamortizationadjustmentfromaocipensionandotherpostretirementbenefitplansfornetpriorservicecostcreditnetoftax": 200000,
        "othercomprehensiveincomelossbeforetax": 61700000,
        "othercomprehensiveincomelosstax": -31200000,
        "othercomprehensiveincomelossnetoftax": 122000000,
        "comprehensiveincomenetoftaxincludingportionattributabletononcontrollinginterest": 453900000,
        "comprehensiveincomenetoftaxattributabletononcontrollinginterest": -3700000,
        "comprehensiveincomenetoftax": 457600000
    },
    {
        "date": "2019-09-29",
        "symbol": "MCO",
        "period": "Q3",
        "profitloss": -686700000,
        "othercomprehensiveincomeforeigncurrencytransactionandtranslationgainlossbeforereclassificationandtax": -193600000,
        "othercomprehensiveincomeforeigncurrencytransactionandtranslationgainlossarisingduringperiodnetoftax": -173000000,
        "othercomprehensiveincomelossnetinvestmenthedgegainlossbeforereclassificationandtax": 136700000,
        "othercomprehensiveincomelossforeigncurrencytransactionandtranslationadjustmentnetoftax": 105200000,
        "othercomprehensiveincomelosscashflowhedgegainlossreclassificationbeforetax": -300000,
        "othercomprehensiveincomelossamortizationadjustmentfromaocipensionandotherpostretirementbenefitplansfornetpriorservicecostcreditbeforetax": 1800000,
        "othercomprehensiveincomelossamortizationadjustmentfromaocipensionandotherpostretirementbenefitplansfornetpriorservicecostcredittax": 200000,
        "othercomprehensiveincomelossamortizationadjustmentfromaocipensionandotherpostretirementbenefitplansfornetpriorservicecostcreditnetoftax": 600000,
        "othercomprehensiveincomelosspensionandotherpostretirementbenefitplansnetunamortizedgainlossarisingduringperiodbeforetax": 0,
        "othercomprehensiveincomedefinedbenefitplansnetunamortizedgainlossarisingduringperiodtax": 0,
        "othercomprehensiveincomedefinedbenefitplansnetunamortizedgainlossarisingduringperiodnetoftax": 0,
        "othercomprehensiveincomelossbeforetax": -57000000,
        "othercomprehensiveincomelosstax": 34100000,
        "othercomprehensiveincomelossnetoftax": -91200000,
        "comprehensiveincomenetoftaxincludingportionattributabletononcontrollinginterest": 291300000,
        "comprehensiveincomenetoftaxattributabletononcontrollinginterest": 3100000,
        "comprehensiveincomenetoftax": 288200000,
        "directoperatingcosts": 350200000,
        "sellinggeneralandadministrativeexpense": -557100000,
        "restructuringcharges": -900000,
        "depreciationandamortization": 30600000,
        "businesscombinationacquisitionrelatedcosts": 0,
        "operatingexpenses": -1516800000,
        "operatingincomeloss": 107800000,
        "interestincomeexpensenonoperatingnet": 102900000,
        "othernonoperatingincomeexpense": -1700000,
        "nonoperatingincomeexpense": -36000000,
        "incomelossfromcontinuingoperationsbeforeincometaxesminorityinterestandincomelossfromequitymethodinvestments": -847200000,
        "incometaxexpensebenefit": -159800000,
        "netincomelossattributabletononcontrollinginterest": 3000000,
        "netincomeloss": 379399999.9999999,
        "earningspersharebasic": 1.9999999999999996,
        "earningspersharediluted": 1.9800000000000002,
        "weightedaveragenumberofsharesoutstandingbasic": -300000,
        "weightedaveragenumberofdilutedsharesoutstanding": -300000
    },
    {
        "date": "2019-06-29",
        "symbol": "MCO",
        "period": "Q2",
        "directoperatingcosts": 339900000,
        "sellinggeneralandadministrativeexpense": 274700000,
        "restructuringcharges": 27300000,
        "depreciationandamortization": 33000000,
        "businesscombinationacquisitionrelatedcosts": 2000000,
        "operatingexpenses": 730100000,
        "operatingincomeloss": 63600000,
        "interestincomeexpensenonoperatingnet": -50600000,
        "othernonoperatingincomeexpense": 400000,
        "nonoperatingincomeexpense": -50200000,
        "incomelossfromcontinuingoperationsbeforeincometaxesminorityinterestandincomelossfromequitymethodinvestments": 433300000,
        "incometaxexpensebenefit": 121300000,
        "profitloss": 312000000,
        "netincomelossattributabletononcontrollinginterest": 1700000,
        "netincomeloss": 310300000,
        "earningspersharebasic": 1.6400000000000001,
        "earningspersharediluted": 1.6300000000000001,
        "weightedaveragenumberofsharesoutstandingbasic": -500000,
        "weightedaveragenumberofdilutedsharesoutstanding": -700000,
        "othercomprehensiveincomeforeigncurrencytransactionandtranslationgainlossbeforereclassificationandtax": 41600000,
        "othercomprehensiveincomeforeigncurrencytransactionandtranslationgainlossarisingduringperiodnetoftax": 21000000,
        "othercomprehensiveincomelossnetinvestmenthedgegainlossbeforereclassificationandtax": -37000000,
        "othercomprehensiveincomelossforeigncurrencytranslationadjustmenttax": -7800000,
        "othercomprehensiveincomelossforeigncurrencytransactionandtranslationadjustmentnetoftax": -29200000,
        "othercomprehensiveincomelosscashflowhedgegainlossreclassificationbeforetax": 200000,
        "othercomprehensiveincomelossamortizationadjustmentfromaocipensionandotherpostretirementbenefitplansfornetpriorservicecostcreditbeforetax": 300000,
        "othercomprehensiveincomelossamortizationadjustmentfromaocipensionandotherpostretirementbenefitplansfornetpriorservicecostcredittax": 200000,
        "othercomprehensiveincomelossamortizationadjustmentfromaocipensionandotherpostretirementbenefitplansfornetpriorservicecostcreditnetoftax": 600000,
        "othercomprehensiveincomelosspensionandotherpostretirementbenefitplansnetunamortizedgainlossarisingduringperiodbeforetax": -2800000,
        "othercomprehensiveincomedefinedbenefitplansnetunamortizedgainlossarisingduringperiodtax": -700000,
        "othercomprehensiveincomedefinedbenefitplansnetunamortizedgainlossarisingduringperiodnetoftax": -2100000,
        "othercomprehensiveincomelossbeforetax": 2700000.000000001,
        "othercomprehensiveincomelosstax": -8300000,
        "othercomprehensiveincomelossnetoftax": 9400000,
        "comprehensiveincomenetoftaxincludingportionattributabletononcontrollinginterest": 323000000,
        "comprehensiveincomenetoftaxattributabletononcontrollinginterest": 3400000,
        "comprehensiveincomenetoftax": 319600000
    },
    {
        "date": "2019-03-30",
        "symbol": "MCO",
        "period": "Q1",
        "revenues": 1142100000,
        "directoperatingcosts": 341700000,
        "sellinggeneralandadministrativeexpense": 281500000,
        "restructuringcharges": 2800000,
        "depreciationandamortization": 33300000,
        "businesscombinationacquisitionrelatedcosts": 1400000,
        "operatingexpenses": 680400000,
        "operatingincomeloss": 95800000,
        "interestincomeexpensenonoperatingnet": -52500000,
        "othernonoperatingincomeexpense": 2300000,
        "nonoperatingincomeexpense": -50200000,
        "incomelossfromcontinuingoperationsbeforeincometaxesminorityinterestandincomelossfromequitymethodinvestments": 411500000,
        "incometaxexpensebenefit": 37900000,
        "profitloss": 373600000,
        "netincomelossattributabletononcontrollinginterest": 700000,
        "netincomeloss": 372900000,
        "earningspersharebasic": 1.96,
        "earningspersharediluted": 1.93,
        "weightedaveragenumberofsharesoutstandingbasic": 190400000,
        "weightedaveragenumberofdilutedsharesoutstanding": 192800000,
        "othercomprehensiveincomeforeigncurrencytransactionandtranslationgainlossbeforereclassificationandtax": -26700000,
        "othercomprehensiveincomeforeigncurrencytransactionandtranslationgainlossarisingduringperiodnetoftax": -26700000,
        "othercomprehensiveincomelossnetinvestmenthedgegainlossbeforereclassificationandtax": 30400000,
        "othercomprehensiveincomelossforeigncurrencytranslationadjustmenttax": 6900000,
        "othercomprehensiveincomelossforeigncurrencytransactionandtranslationadjustmentnetoftax": 21000000,
        "othercomprehensiveincomelosscashflowhedgegainlossreclassificationbeforetax": -100000,
        "othercomprehensiveincomelossamortizationadjustmentfromaocipensionandotherpostretirementbenefitplansfornetpriorservicecostcreditbeforetax": 300000,
        "othercomprehensiveincomelossamortizationadjustmentfromaocipensionandotherpostretirementbenefitplansfornetpriorservicecostcredittax": 200000,
        "othercomprehensiveincomelossamortizationadjustmentfromaocipensionandotherpostretirementbenefitplansfornetpriorservicecostcreditnetoftax": 600000,
        "othercomprehensiveincomelosspensionandotherpostretirementbenefitplansnetunamortizedgainlossarisingduringperiodbeforetax": 1100000,
        "othercomprehensiveincomedefinedbenefitplansnetunamortizedgainlossarisingduringperiodtax": 300000,
        "othercomprehensiveincomedefinedbenefitplansnetunamortizedgainlossarisingduringperiodnetoftax": 800000,
        "othercomprehensiveincomelossbeforetax": 5600000,
        "othercomprehensiveincomelosstax": 7400000,
        "othercomprehensiveincomelossnetoftax": -29200000,
        "comprehensiveincomenetoftaxincludingportionattributabletononcontrollinginterest": 371800000,
        "comprehensiveincomenetoftaxattributabletononcontrollinginterest": 8200000,
        "comprehensiveincomenetoftax": 363600000
    },
    {
        "date": "2018-12-30",
        "symbol": "MCO",
        "period": "Q4",
        "directoperatingcosts": -1300000,
        "sellinggeneralandadministrativeexpense": -1000000,
        "depreciationandamortization": 32700000,
        "businesscombinationacquisitionrelatedcosts": 4200000,
        "operatingexpenses": -3400000,
        "operatingincomeloss": 74300000,
        "interestincomeexpensenonoperatingnet": -4800000,
        "othernonoperatingincomeexpense": 2500000,
        "nonoperatingincomeexpense": -55000000,
        "incomelossfromcontinuingoperationsbeforeincometaxesminorityinterestandincomelossfromequitymethodinvestments": 1650200000,
        "incometaxexpensebenefit": -200000,
        "profitloss": 3100000,
        "netincomelossattributabletononcontrollinginterest": 2400000,
        "netincomeloss": 3100000,
        "earningspersharebasic": 6.650000000000001,
        "earningspersharediluted": 0.020000000000000018,
        "weightedaveragenumberofsharesoutstandingbasic": -100000,
        "othercomprehensiveincomeforeigncurrencytransactionandtranslationgainlossbeforereclassificationandtax": -98800000,
        "othercomprehensiveincomeforeigncurrencytranslationgainlossarisingduringperiodtax": -200000,
        "othercomprehensiveincomeforeigncurrencytransactionandtranslationgainlossarisingduringperiodnetoftax": -87000000,
        "othercomprehensiveincomelossreclassificationadjustmentfromaocionderivativesbeforetax": 400000,
        "othercomprehensiveincomelossreclassificationadjustmentfromaocionderivativesnetoftax": 100000,
        "othercomprehensiveincomelossamortizationadjustmentfromaocipensionandotherpostretirementbenefitplansfornetpriorservicecostcreditbeforetax": 600000,
        "othercomprehensiveincomelossamortizationadjustmentfromaocipensionandotherpostretirementbenefitplansfornetpriorservicecostcredittax": 400000,
        "othercomprehensiveincomelossamortizationadjustmentfromaocipensionandotherpostretirementbenefitplansfornetpriorservicecostcreditnetoftax": 1700000,
        "othercomprehensiveincomelossbeforetax": -95300000,
        "othercomprehensiveincomelosstax": 400000,
        "othercomprehensiveincomelossnetoftax": -84300000,
        "comprehensiveincomenetoftaxincludingportionattributabletononcontrollinginterest": 157000000,
        "comprehensiveincomenetoftaxattributabletononcontrollinginterest": -9100000,
        "comprehensiveincomenetoftax": 166100000
    },
    {
        "date": "2018-09-29",
        "symbol": "MCO",
        "period": "Q3",
        "revenues": 12500000,
        "directoperatingcosts": -640900000,
        "sellinggeneralandadministrativeexpense": -546900000,
        "depreciationandamortization": -3200000,
        "businesscombinationacquisitionrelatedcosts": 1300000,
        "operatingexpenses": -3400000,
        "operatingincomeloss": 224600000,
        "interestincomeexpensenonoperatingnet": 89600000,
        "othernonoperatingincomeexpense": -8100000,
        "nonoperatingincomeexpense": -54000000,
        "incomelossfromcontinuingoperationsbeforeincometaxesminorityinterestandincomelossfromequitymethodinvestments": 11800000,
        "incometaxexpensebenefit": 2400000,
        "profitloss": 9400000,
        "netincomelossattributabletononcontrollinginterest": 1800000,
        "netincomeloss": 9400000,
        "earningspersharebasic": 0.05999999999999983,
        "earningspersharediluted": 0.050000000000000044,
        "weightedaveragenumberofsharesoutstandingbasic": 100000,
        "commonstockdividendspersharedeclared": 0.4400000000000001,
        "othercomprehensiveincomeforeigncurrencytransactionandtranslationgainlossbeforereclassificationandtax": -46500000,
        "othercomprehensiveincomeforeigncurrencytranslationgainlossarisingduringperiodtax": 1800000,
        "othercomprehensiveincomeforeigncurrencytransactionandtranslationgainlossarisingduringperiodnetoftax": -37900000,
        "othercomprehensiveincomelossreclassificationadjustmentfromaocionderivativesbeforetax": -100000,
        "othercomprehensiveincomelossreclassificationadjustmentfromaocionderivativesnetoftax": -100000,
        "othercomprehensiveincomelossamortizationadjustmentfromaocipensionandotherpostretirementbenefitplansfornetpriorservicecostcreditbeforetax": 500000,
        "othercomprehensiveincomelossamortizationadjustmentfromaocipensionandotherpostretirementbenefitplansfornetpriorservicecostcredittax": 300000,
        "othercomprehensiveincomelossamortizationadjustmentfromaocipensionandotherpostretirementbenefitplansfornetpriorservicecostcreditnetoftax": 800000,
        "othercomprehensiveincomelossbeforetax": -45500000,
        "othercomprehensiveincomelosstax": 2100000,
        "othercomprehensiveincomelossnetoftax": -37200000,
        "comprehensiveincomenetoftaxincludingportionattributabletononcontrollinginterest": 264400000,
        "comprehensiveincomenetoftaxattributabletononcontrollinginterest": -8400000,
        "comprehensiveincomenetoftax": 272800000
    },
    {
        "date": "2018-06-29",
        "symbol": "MCO",
        "period": "Q2",
        "directoperatingcosts": 322500000,
        "sellinggeneralandadministrativeexpense": 272600000,
        "depreciationandamortization": 48400000,
        "businesscombinationacquisitionrelatedcosts": 2000000,
        "operatingexpenses": -639400000,
        "interestincomeexpensenonoperatingnet": -53400000,
        "othernonoperatingincomeexpense": 14900000,
        "nonoperatingincomeexpense": -38500000,
        "earningspersharebasic": -1.92,
        "earningspersharediluted": -1.89,
        "weightedaveragenumberofsharesoutstandingbasic": 200000,
        "weightedaveragenumberofdilutedsharesoutstanding": 0,
        "revenues": -1125300000,
        "operatingincomeloss": -481800000,
        "incomelossfromcontinuingoperationsbeforeincometaxesminorityinterestandincomelossfromequitymethodinvestments": -432100000,
        "incometaxexpensebenefit": -61600000,
        "profitloss": -370500000,
        "netincomelossattributabletononcontrollinginterest": 1700000,
        "netincomeloss": -366600000,
        "commonstockdividendspersharedeclared": 0.44,
        "othercomprehensiveincomeforeigncurrencytransactionandtranslationgainlossbeforereclassificationandtax": -250300000,
        "othercomprehensiveincomeforeigncurrencytranslationgainlossarisingduringperiodtax": 9200000,
        "othercomprehensiveincomeforeigncurrencytransactionandtranslationgainlossarisingduringperiodnetoftax": -254700000,
        "othercomprehensiveincomeunrealizedgainlossonderivativesarisingduringperiodbeforetax": 0,
        "othercomprehensiveincomeunrealizedgainlossonderivativesarisingduringperiodtax": 0,
        "othercomprehensiveincomeunrealizedgainlossonderivativesarisingduringperiodnetoftax": 0,
        "othercomprehensiveincomelossreclassificationadjustmentfromaocionderivativesbeforetax": -100000,
        "othercomprehensiveincomelossreclassificationadjustmentfromaocionderivativesnetoftax": -100000,
        "othercomprehensiveincomelossamortizationadjustmentfromaocipensionandotherpostretirementbenefitplansfornetpriorservicecostcreditbeforetax": 300000,
        "othercomprehensiveincomelossamortizationadjustmentfromaocipensionandotherpostretirementbenefitplansfornetpriorservicecostcredittax": 300000,
        "othercomprehensiveincomelossamortizationadjustmentfromaocipensionandotherpostretirementbenefitplansfornetpriorservicecostcreditnetoftax": 700000,
        "othercomprehensiveincomelossbeforetax": -247800000,
        "othercomprehensiveincomelosstax": 9900000,
        "othercomprehensiveincomelossnetoftax": -252900000,
        "comprehensiveincomenetoftaxincludingportionattributabletononcontrollinginterest": 120200000,
        "comprehensiveincomenetoftaxattributabletononcontrollinginterest": -3200000,
        "comprehensiveincomenetoftax": 123400000
    },
    {
        "date": "2018-03-30",
        "symbol": "MCO",
        "period": "Q1",
        "directoperatingcosts": 314900000,
        "sellinggeneralandadministrativeexpense": 271100000,
        "depreciationandamortization": 49100000,
        "businesscombinationacquisitionrelatedcosts": 800000,
        "operatingexpenses": 635900000,
        "interestincomeexpensenonoperatingnet": -50700000,
        "othernonoperatingincomeexpense": 1000000,
        "nonoperatingincomeexpense": -49700000,
        "earningspersharebasic": 1.95,
        "earningspersharediluted": 1.92,
        "weightedaveragenumberofsharesoutstandingbasic": 191400000,
        "weightedaveragenumberofdilutedsharesoutstanding": 194500000,
        "revenues": 1126700000,
        "operatingincomeloss": 490800000,
        "incomelossfromcontinuingoperationsbeforeincometaxesminorityinterestandincomelossfromequitymethodinvestments": 441100000,
        "incometaxexpensebenefit": 64300000,
        "profitloss": 376800000,
        "netincomelossattributabletononcontrollinginterest": 3900000,
        "netincomeloss": 372900000,
        "commonstockdividendspersharedeclared": 0.44,
        "othercomprehensiveincomeforeigncurrencytransactionandtranslationgainlossbeforereclassificationandtax": 121600000,
        "othercomprehensiveincomeforeigncurrencytranslationgainlossarisingduringperiodtax": -3600000,
        "othercomprehensiveincomeforeigncurrencytransactionandtranslationgainlossarisingduringperiodnetoftax": 120200000,
        "othercomprehensiveincomeunrealizedgainlossonderivativesarisingduringperiodbeforetax": 1900000,
        "othercomprehensiveincomeunrealizedgainlossonderivativesarisingduringperiodtax": 400000,
        "othercomprehensiveincomeunrealizedgainlossonderivativesarisingduringperiodnetoftax": 1500000,
        "othercomprehensiveincomelossreclassificationadjustmentfromaocionderivativesbeforetax": -100000,
        "othercomprehensiveincomelossreclassificationadjustmentfromaocionderivativesnetoftax": -100000,
        "othercomprehensiveincomelossamortizationadjustmentfromaocipensionandotherpostretirementbenefitplansfornetpriorservicecostcreditbeforetax": 500000,
        "othercomprehensiveincomelossamortizationadjustmentfromaocipensionandotherpostretirementbenefitplansfornetpriorservicecostcredittax": 400000,
        "othercomprehensiveincomelossamortizationadjustmentfromaocipensionandotherpostretirementbenefitplansfornetpriorservicecostcreditnetoftax": 1000000,
        "othercomprehensiveincomelossbeforetax": 124800000,
        "othercomprehensiveincomelosstax": -2800000,
        "othercomprehensiveincomelossnetoftax": 120300000,
        "comprehensiveincomenetoftaxincludingportionattributabletononcontrollinginterest": 504400000,
        "comprehensiveincomenetoftaxattributabletononcontrollinginterest": 8900000,
        "comprehensiveincomenetoftax": 495500000
    },
    {
        "date": "2017-12-30",
        "symbol": "MCO",
        "period": "Q4",
        "revenues": -173300000,
        "directoperatingcosts": 342400000,
        "sellinggeneralandadministrativeexpense": 304600000,
        "depreciationandamortization": 31600000,
        "operatingexpenses": 702700000,
        "operatingincomeloss": 74700000,
        "interestincomeexpensenonoperatingnet": -52900000,
        "othernonoperatingincomeexpense": -2200000,
        "nonoperatingincomeexpense": -55100000,
        "incomelossfromcontinuingoperationsbeforeincometaxesminorityinterestandincomelossfromequitymethodinvestments": 407700000,
        "incometaxexpensebenefit": 379200000,
        "profitloss": 28500000,
        "netincomelossattributabletononcontrollinginterest": 3000000,
        "netincomeloss": 25500000,
        "earningspersharebasic": 0.14000000000000057,
        "earningspersharediluted": 0.13000000000000123,
        "othercomprehensiveincomeforeigncurrencytransactionandtranslationgainlossbeforereclassificationandtax": 71300000,
        "othercomprehensiveincomeforeigncurrencytranslationgainlossarisingduringperiodtax": -3600000,
        "othercomprehensiveincomeforeigncurrencytransactionandtranslationgainlossarisingduringperiodnetoftax": 77100000,
        "othercomprehensiveincomeunrealizedgainlossonderivativesarisingduringperiodbeforetax": -400000,
        "othercomprehensiveincomeunrealizedgainlossonderivativesarisingduringperiodtax": -100000,
        "othercomprehensiveincomeunrealizedgainlossonderivativesarisingduringperiodnetoftax": -300000,
        "othercomprehensiveincomelossreclassificationadjustmentfromaocionderivativesbeforetax": 700000,
        "othercomprehensiveincomelossreclassificationadjustmentfromaocionderivativestax": 100000,
        "othercomprehensiveincomelossreclassificationadjustmentfromaocionderivativesnetoftax": 100000,
        "othercomprehensiveincomelossavailableforsalesecuritiesadjustmentbeforereclassificationadjustmentsandtax": 400000,
        "othercomprehensiveincomelossavailableforsalesecuritiesadjustmentbeforereclassificationadjustmentsnetoftax": 1200000,
        "othercomprehensiveincomelossamortizationadjustmentfromaocipensionandotherpostretirementbenefitplansfornetpriorservicecostcreditbeforetax": -3200000,
        "othercomprehensiveincomelossamortizationadjustmentfromaocipensionandotherpostretirementbenefitplansfornetpriorservicecostcredittax": 800000,
        "othercomprehensiveincomelossamortizationadjustmentfromaocipensionandotherpostretirementbenefitplansfornetpriorservicecostcreditnetoftax": 1500000,
        "othercomprehensiveincomelossbeforetax": 85500000,
        "othercomprehensiveincomelosstax": 2500000,
        "othercomprehensiveincomelossnetoftax": 85600000,
        "comprehensiveincomenetoftaxincludingportionattributabletononcontrollinginterest": 111500000,
        "comprehensiveincomenetoftaxattributabletononcontrollinginterest": -200000,
        "comprehensiveincomenetoftax": 111700000
    },
    {
        "date": "2017-09-29",
        "symbol": "MCO",
        "period": "Q3",
        "revenues": 136300000,
        "directoperatingcosts": 317200000,
        "sellinggeneralandadministrativeexpense": 247200000,
        "depreciationandamortization": -13400000,
        "operatingexpenses": 617500000,
        "operatingincomeloss": 60000000,
        "interestincomeexpensenonoperatingnet": -48100000,
        "othernonoperatingincomeexpense": -1400000,
        "nonoperatingincomeexpense": 20400000,
        "incomelossfromcontinuingoperationsbeforeincometaxesminorityinterestandincomelossfromequitymethodinvestments": 465800000,
        "incometaxexpensebenefit": 146100000,
        "profitloss": 319700000,
        "netincomelossattributabletononcontrollinginterest": 2400000,
        "netincomeloss": 317300000,
        "earningspersharebasic": 1.6599999999999997,
        "earningspersharediluted": 1.6299999999999992,
        "weightedaveragenumberofdilutedsharesoutstanding": 0,
        "othercomprehensiveincomeforeigncurrencytransactionandtranslationgainlossbeforereclassificationandtax": 45400000,
        "othercomprehensiveincomeforeigncurrencytranslationgainlossarisingduringperiodtax": -6400000,
        "othercomprehensiveincomeforeigncurrencytransactionandtranslationgainlossarisingduringperiodnetoftax": 50800000,
        "othercomprehensiveincomeunrealizedgainlossonderivativesarisingduringperiodbeforetax": 5200000,
        "othercomprehensiveincomeunrealizedgainlossonderivativesarisingduringperiodtax": 2000000,
        "othercomprehensiveincomeunrealizedgainlossonderivativesarisingduringperiodnetoftax": 3200000,
        "othercomprehensiveincomelossreclassificationadjustmentfromaocionderivativesbeforetax": -700000,
        "othercomprehensiveincomelossreclassificationadjustmentfromaocionderivativestax": -1600000,
        "othercomprehensiveincomelossreclassificationadjustmentfromaocionderivativesnetoftax": -2600000,
        "othercomprehensiveincomelossavailableforsalesecuritiesadjustmentbeforereclassificationadjustmentsandtax": 500000,
        "othercomprehensiveincomelossavailableforsalesecuritiesadjustmentbeforereclassificationadjustmentsnetoftax": 300000,
        "othercomprehensiveincomelossamortizationadjustmentfromaocipensionandotherpostretirementbenefitplansfornetpriorservicecostcreditbeforetax": 2100000,
        "othercomprehensiveincomelossamortizationadjustmentfromaocipensionandotherpostretirementbenefitplansfornetpriorservicecostcredittax": 800000,
        "othercomprehensiveincomelossamortizationadjustmentfromaocipensionandotherpostretirementbenefitplansfornetpriorservicecostcreditnetoftax": 1300000,
        "othercomprehensiveincomelossbeforetax": 46800000,
        "othercomprehensiveincomelosstax": -5200000,
        "othercomprehensiveincomelossnetoftax": 51900000,
        "comprehensiveincomenetoftaxincludingportionattributabletononcontrollinginterest": 371700000,
        "comprehensiveincomenetoftaxattributabletononcontrollinginterest": 3100000,
        "comprehensiveincomenetoftax": 368600000
    },
    {
        "date": "2017-06-29",
        "symbol": "MCO",
        "period": "Q2",
        "revenues": 49300000,
        "directoperatingcosts": 285800000,
        "sellinggeneralandadministrativeexpense": 217700000,
        "depreciationandamortization": 51800000,
        "operatingexpenses": 543000000,
        "operatingincomeloss": -332900000,
        "interestincomeexpensenonoperatingnet": -45000000,
        "othernonoperatingincomeexpense": 8300000,
        "gainlossonsaleofstockinsubsidiaryorequitymethodinvestee": 0,
        "nonoperatingincomeexpense": 4500000,
        "incomelossfromcontinuingoperationsbeforeincometaxesminorityinterestandincomelossfromequitymethodinvestments": 462000000,
        "incometaxexpensebenefit": 148400000,
        "profitloss": 313600000,
        "netincomelossattributabletononcontrollinginterest": 1400000,
        "netincomeloss": 312200000,
        "earningspersharebasic": 1.63,
        "earningspersharediluted": 1.61,
        "weightedaveragenumberofsharesoutstandingbasic": 0,
        "weightedaveragenumberofdilutedsharesoutstanding": -200000,
        "othercomprehensiveincomeforeigncurrencytransactionandtranslationgainlossbeforereclassificationandtax": 35100000,
        "othercomprehensiveincomeforeigncurrencytranslationgainlossarisingduringperiodtax": -15400000,
        "othercomprehensiveincomeforeigncurrencytransactionandtranslationgainlossarisingduringperiodnetoftax": 41500000,
        "othercomprehensiveincomeunrealizedgainlossonderivativesarisingduringperiodbeforetax": 5100000,
        "othercomprehensiveincomeunrealizedgainlossonderivativesarisingduringperiodtax": 1900000,
        "othercomprehensiveincomeunrealizedgainlossonderivativesarisingduringperiodnetoftax": 3200000,
        "othercomprehensiveincomelossreclassificationadjustmentfromaocionderivativesbeforetax": 1000000,
        "othercomprehensiveincomelossreclassificationadjustmentfromaocionderivativestax": -2800000,
        "othercomprehensiveincomelossreclassificationadjustmentfromaocionderivativesnetoftax": -3300000,
        "othercomprehensiveincomelossavailableforsalesecuritiesadjustmentbeforereclassificationadjustmentsandtax": 600000,
        "othercomprehensiveincomelossavailableforsalesecuritiesadjustmentbeforereclassificationadjustmentsnetoftax": 200000,
        "othercomprehensiveincomelossamortizationadjustmentfromaocipensionandotherpostretirementbenefitplansfornetpriorservicecostcreditbeforetax": 1900000,
        "othercomprehensiveincomelossamortizationadjustmentfromaocipensionandotherpostretirementbenefitplansfornetpriorservicecostcredittax": 800000,
        "othercomprehensiveincomelossamortizationadjustmentfromaocipensionandotherpostretirementbenefitplansfornetpriorservicecostcreditnetoftax": 1100000,
        "othercomprehensiveincomelossbeforetax": 44500000,
        "othercomprehensiveincomelosstax": -12500000,
        "othercomprehensiveincomelossnetoftax": 47600000,
        "comprehensiveincomenetoftaxincludingportionattributabletononcontrollinginterest": 370600000,
        "comprehensiveincomenetoftaxattributabletononcontrollinginterest": 10800000,
        "comprehensiveincomenetoftax": 359800000
    },
    {
        "date": "2017-03-30",
        "symbol": "MCO",
        "period": "Q1",
        "revenues": 3700000,
        "directoperatingcosts": 277400000,
        "sellinggeneralandadministrativeexpense": 221900000,
        "depreciationandamortization": 13600000,
        "operatingexpenses": 531800000,
        "operatingincomeloss": 443400000,
        "interestincomeexpensenonoperatingnet": -42400000,
        "othernonoperatingincomeexpense": -9400000,
        "gainlossonsaleofstockinsubsidiaryorequitymethodinvestee": 59700000,
        "nonoperatingincomeexpense": 7900000,
        "incomelossfromcontinuingoperationsbeforeincometaxesminorityinterestandincomelossfromequitymethodinvestments": 451300000,
        "incometaxexpensebenefit": 105400000,
        "profitloss": 345900000,
        "netincomelossattributabletononcontrollinginterest": 300000,
        "netincomeloss": 345600000,
        "earningspersharebasic": 1.81,
        "earningspersharediluted": 1.78,
        "weightedaveragenumberofsharesoutstandingbasic": 191100000,
        "weightedaveragenumberofdilutedsharesoutstanding": 194300000,
        "othercomprehensiveincomeforeigncurrencytransactionandtranslationgainlossbeforereclassificationandtax": 14400000,
        "othercomprehensiveincomeforeigncurrencytranslationgainlossarisingduringperiodtax": 2300000,
        "othercomprehensiveincomeforeigncurrencytransactionandtranslationgainlossarisingduringperiodnetoftax": 6900000,
        "othercomprehensiveincomeunrealizedgainlossonderivativesarisingduringperiodbeforetax": -300000,
        "othercomprehensiveincomeunrealizedgainlossonderivativesarisingduringperiodtax": -100000,
        "othercomprehensiveincomeunrealizedgainlossonderivativesarisingduringperiodnetoftax": -200000,
        "othercomprehensiveincomelossreclassificationadjustmentfromaocionderivativesbeforetax": 100000,
        "othercomprehensiveincomelossreclassificationadjustmentfromaocionderivativestax": -500000,
        "othercomprehensiveincomelossreclassificationadjustmentfromaocionderivativesnetoftax": -900000,
        "othercomprehensiveincomelossavailableforsalesecuritiesadjustmentbeforereclassificationadjustmentsandtax": 500000,
        "othercomprehensiveincomelossavailableforsalesecuritiesadjustmentbeforereclassificationadjustmentsnetoftax": 300000,
        "othercomprehensiveincomelossamortizationadjustmentfromaocipensionandotherpostretirementbenefitplansfornetpriorservicecostcreditbeforetax": 2400000,
        "othercomprehensiveincomelossamortizationadjustmentfromaocipensionandotherpostretirementbenefitplansfornetpriorservicecostcredittax": 900000,
        "othercomprehensiveincomelossamortizationadjustmentfromaocipensionandotherpostretirementbenefitplansfornetpriorservicecostcreditnetoftax": 1500000,
        "othercomprehensiveincomelossbeforetax": 15600000,
        "othercomprehensiveincomelosstax": 2600000,
        "othercomprehensiveincomelossnetoftax": 7600000,
        "comprehensiveincomenetoftaxincludingportionattributabletononcontrollinginterest": 358900000,
        "comprehensiveincomenetoftaxattributabletononcontrollinginterest": 5700000,
        "comprehensiveincomenetoftax": 353200000
    },
    {
        "date": "2016-12-30",
        "symbol": "MCO",
        "period": "Q4",
        "revenues": -525900000,
        "directoperatingcosts": 265300000,
        "sellinggeneralandadministrativeexpense": 253200000,
        "depreciationandamortization": -40900000,
        "operatingexpenses": 1415200000,
        "operatingincomeloss": -880700000,
        "interestincomeexpensenonoperatingnet": -34000000,
        "othernonoperatingincomeexpense": 41600000,
        "nonoperatingincomeexpense": 7600000,
        "incomelossfromcontinuingoperationsbeforeincometaxesminorityinterestandincomelossfromequitymethodinvestments": -465500000,
        "incometaxexpensebenefit": -40000000,
        "profitloss": -425500000,
        "netincomelossattributabletononcontrollinginterest": 3100000,
        "netincomeloss": -428600000,
        "earningspersharebasic": -2.2200000000000006,
        "earningspersharediluted": -2.19,
        "weightedaveragenumberofsharesoutstandingbasic": -600000,
        "weightedaveragenumberofdilutedsharesoutstanding": -600000,
        "othercomprehensiveincomeforeigncurrencytransactionandtranslationgainlossbeforereclassificationandtax": -12800000,
        "othercomprehensiveincomeforeigncurrencytranslationgainlossarisingduringperiodtax": 22000000,
        "othercomprehensiveincomeforeigncurrencytransactionandtranslationgainlossarisingduringperiodnetoftax": -23400000,
        "othercomprehensiveincomeunrealizedgainlossonderivativesarisingduringperiodbeforetax": -3900000,
        "othercomprehensiveincomeunrealizedgainlossonderivativesarisingduringperiodtax": -1500000,
        "othercomprehensiveincomeunrealizedgainlossonderivativesarisingduringperiodnetoftax": -2400000,
        "othercomprehensiveincomelossreclassificationadjustmentfromaocionderivativesbeforetax": 6900000,
        "othercomprehensiveincomelossreclassificationadjustmentfromaocionderivativestax": 2600000,
        "othercomprehensiveincomelossreclassificationadjustmentfromaocionderivativesnetoftax": 4300000,
        "othercomprehensiveincomelossavailableforsalesecuritiesadjustmentbeforereclassificationadjustmentsandtax": 700000,
        "othercomprehensiveincomelossavailableforsalesecuritiesadjustmentbeforereclassificationadjustmentsnetoftax": 500000,
        "othercomprehensiveincomelossamortizationadjustmentfromaocipensionandotherpostretirementbenefitplansfornetpriorservicecostcreditbeforetax": -7600000,
        "othercomprehensiveincomelossamortizationadjustmentfromaocipensionandotherpostretirementbenefitplansfornetpriorservicecostcredittax": 900000,
        "othercomprehensiveincomelossamortizationadjustmentfromaocipensionandotherpostretirementbenefitplansfornetpriorservicecostcreditnetoftax": 1500000,
        "othercomprehensiveincomelossbeforetax": -48300000,
        "othercomprehensiveincomelosstax": 22100000,
        "othercomprehensiveincomelossnetoftax": -43200000,
        "comprehensiveincomenetoftaxincludingportionattributabletononcontrollinginterest": -495900000,
        "comprehensiveincomenetoftaxattributabletononcontrollinginterest": -8000000,
        "comprehensiveincomenetoftax": -487900000
    },
    {
        "date": "2016-09-29",
        "symbol": "MCO",
        "period": "Q3",
        "revenues": 549100000,
        "directoperatingcosts": 253200000,
        "sellinggeneralandadministrativeexpense": 221700000,
        "depreciationandamortization": 50900000,
        "operatingexpenses": 519600000,
        "operatingincomeloss": 799300000,
        "interestincomeexpensenonoperatingnet": -35400000,
        "othernonoperatingincomeexpense": 6900000,
        "nonoperatingincomeexpense": -28500000,
        "incomelossfromcontinuingoperationsbeforeincometaxesminorityinterestandincomelossfromequitymethodinvestments": 369000000,
        "incometaxexpensebenefit": 112400000,
        "profitloss": 256600000,
        "netincomelossattributabletononcontrollinginterest": 1300000,
        "netincomeloss": 255300000,
        "earningspersharebasic": 1.3300000000000003,
        "earningspersharediluted": 1.3199999999999998,
        "weightedaveragenumberofsharesoutstandingbasic": -195100000,
        "weightedaveragenumberofdilutedsharesoutstanding": -197700000,
        "othercomprehensiveincomeforeigncurrencytransactionandtranslationgainlossbeforereclassificationandtax": -12000000,
        "othercomprehensiveincomeforeigncurrencytranslationgainlossarisingduringperiodtax": -2600000,
        "othercomprehensiveincomeforeigncurrencytransactionandtranslationgainlossarisingduringperiodnetoftax": 9200000,
        "othercomprehensiveincomeunrealizedgainlossonderivativesarisingduringperiodbeforetax": 5100000,
        "othercomprehensiveincomeunrealizedgainlossonderivativesarisingduringperiodtax": 1900000,
        "othercomprehensiveincomeunrealizedgainlossonderivativesarisingduringperiodnetoftax": 3200000,
        "othercomprehensiveincomelossreclassificationadjustmentfromaocionderivativesbeforetax": -1300000,
        "othercomprehensiveincomelossreclassificationadjustmentfromaocionderivativestax": -400000,
        "othercomprehensiveincomelossreclassificationadjustmentfromaocionderivativesnetoftax": -900000,
        "othercomprehensiveincomelossavailableforsalesecuritiesadjustmentbeforereclassificationadjustmentsandtax": 700000,
        "othercomprehensiveincomelossavailableforsalesecuritiesadjustmentbeforereclassificationadjustmentsnetoftax": -1900000,
        "othercomprehensiveincomelossamortizationadjustmentfromaocipensionandotherpostretirementbenefitplansfornetpriorservicecostcreditbeforetax": 2400000,
        "othercomprehensiveincomelossamortizationadjustmentfromaocipensionandotherpostretirementbenefitplansfornetpriorservicecostcredittax": 900000,
        "othercomprehensiveincomelossamortizationadjustmentfromaocipensionandotherpostretirementbenefitplansfornetpriorservicecostcreditnetoftax": 1500000,
        "othercomprehensiveincomelossbeforetax": -5100000,
        "othercomprehensiveincomelosstax": -200000,
        "othercomprehensiveincomelossnetoftax": -4900000,
        "comprehensiveincomenetoftaxincludingportionattributabletononcontrollinginterest": 251700000,
        "comprehensiveincomenetoftaxattributabletononcontrollinginterest": -14800000,
        "comprehensiveincomenetoftax": 266500000
    },
    {
        "date": "2016-06-29",
        "symbol": "MCO",
        "period": "Q2",
        "revenues": 56200000,
        "directoperatingcosts": 258900000,
        "sellinggeneralandadministrativeexpense": 228600000,
        "depreciationandamortization": 13000000,
        "operatingexpenses": 518700000,
        "operatingincomeloss": 59500000,
        "interestincomeexpensenonoperatingnet": -34300000,
        "othernonoperatingincomeexpense": 3000000,
        "nonoperatingincomeexpense": -31300000,
        "incomelossfromcontinuingoperationsbeforeincometaxesminorityinterestandincomelossfromequitymethodinvestments": 378900000,
        "incometaxexpensebenefit": 120800000,
        "profitloss": 258100000,
        "netincomelossattributabletononcontrollinginterest": 2600000,
        "netincomeloss": 255500000,
        "earningspersharebasic": 1.32,
        "earningspersharediluted": 1.3,
        "weightedaveragenumberofsharesoutstandingbasic": 193400000,
        "weightedaveragenumberofdilutedsharesoutstanding": 195800000,
        "commonstockdividendspersharedeclared": 0.37,
        "othercomprehensiveincomeforeigncurrencytransactionandtranslationgainlossbeforereclassificationandtax": -45900000,
        "othercomprehensiveincomeforeigncurrencytranslationgainlossarisingduringperiodtax": -26500000,
        "othercomprehensiveincomeforeigncurrencytransactionandtranslationgainlossarisingduringperiodnetoftax": -19400000,
        "othercomprehensiveincomeunrealizedgainlossonderivativesarisingduringperiodbeforetax": -4600000,
        "othercomprehensiveincomeunrealizedgainlossonderivativesarisingduringperiodtax": -1700000,
        "othercomprehensiveincomeunrealizedgainlossonderivativesarisingduringperiodnetoftax": -2900000,
        "othercomprehensiveincomelossreclassificationadjustmentfromaocionderivativesbeforetax": 2600000,
        "othercomprehensiveincomelossreclassificationadjustmentfromaocionderivativestax": 900000,
        "othercomprehensiveincomelossreclassificationadjustmentfromaocionderivativesnetoftax": 1700000,
        "othercomprehensiveincomelossavailableforsalesecuritiesadjustmentbeforereclassificationadjustmentsandtax": 600000,
        "othercomprehensiveincomelossavailableforsalesecuritiesadjustmentbeforereclassificationadjustmentsnetoftax": 600000,
        "othercomprehensiveincomelossamortizationadjustmentfromaocipensionandotherpostretirementbenefitplansfornetpriorservicecostcreditbeforetax": 2300000,
        "othercomprehensiveincomelossamortizationadjustmentfromaocipensionandotherpostretirementbenefitplansfornetpriorservicecostcredittax": 900000,
        "othercomprehensiveincomelossamortizationadjustmentfromaocipensionandotherpostretirementbenefitplansfornetpriorservicecostcreditnetoftax": 1400000,
        "othercomprehensiveincomelosspensionandotherpostretirementbenefitplansnetunamortizedgainlossarisingduringperiodbeforetax": 5300000,
        "othercomprehensiveincomedefinedbenefitplansnetunamortizedgainlossarisingduringperiodtax": 2000000,
        "othercomprehensiveincomedefinedbenefitplansnetunamortizedgainlossarisingduringperiodnetoftax": 3300000,
        "othercomprehensiveincomelossbeforetax": -39700000,
        "othercomprehensiveincomelosstax": -24400000,
        "othercomprehensiveincomelossnetoftax": -15300000,
        "comprehensiveincomenetoftaxincludingportionattributabletononcontrollinginterest": 242800000,
        "comprehensiveincomenetoftaxattributabletononcontrollinginterest": 2600000,
        "comprehensiveincomenetoftax": 240200000
    },
    {
        "date": "2016-03-30",
        "symbol": "MCO",
        "period": "Q1",
        "revenues": 293800000,
        "directoperatingcosts": 249200000,
        "sellinggeneralandadministrativeexpense": 232900000,
        "depreciationandamortization": 29900000,
        "operatingexpenses": 512000000,
        "operatingincomeloss": 253000000,
        "interestincomeexpensenonoperatingnet": -34100000,
        "othernonoperatingincomeexpense": 5600000,
        "nonoperatingincomeexpense": -28500000,
        "incomelossfromcontinuingoperationsbeforeincometaxesminorityinterestandincomelossfromequitymethodinvestments": 275600000,
        "incometaxexpensebenefit": 89000000,
        "profitloss": 186600000,
        "netincomelossattributabletononcontrollinginterest": 2200000,
        "netincomeloss": 184400000,
        "earningspersharebasic": 0.95,
        "earningspersharediluted": 0.93,
        "weightedaveragenumberofsharesoutstandingbasic": 195000000,
        "weightedaveragenumberofdilutedsharesoutstanding": 197900000,
        "othercomprehensiveincomeforeigncurrencytransactionandtranslationgainlossbeforereclassificationandtax": 48500000,
        "othercomprehensiveincomeforeigncurrencytranslationgainlossarisingduringperiodtax": 12500000,
        "othercomprehensiveincomeforeigncurrencytransactionandtranslationgainlossarisingduringperiodnetoftax": 36000000,
        "othercomprehensiveincomeunrealizedgainlossonderivativesarisingduringperiodbeforetax": 2000000,
        "othercomprehensiveincomeunrealizedgainlossonderivativesarisingduringperiodtax": 800000,
        "othercomprehensiveincomeunrealizedgainlossonderivativesarisingduringperiodnetoftax": 1200000,
        "othercomprehensiveincomelossreclassificationadjustmentfromaocionderivativesbeforetax": -2200000,
        "othercomprehensiveincomelossreclassificationadjustmentfromaocionderivativestax": -800000,
        "othercomprehensiveincomelossreclassificationadjustmentfromaocionderivativesnetoftax": -1400000,
        "othercomprehensiveincomelossavailableforsalesecuritiesadjustmentbeforereclassificationadjustmentsandtax": 600000,
        "othercomprehensiveincomelossavailableforsalesecuritiesadjustmentbeforereclassificationadjustmentsnetoftax": 600000,
        "othercomprehensiveincomelossamortizationadjustmentfromaocipensionandotherpostretirementbenefitplansfornetpriorservicecostcreditbeforetax": 2600000,
        "othercomprehensiveincomelossamortizationadjustmentfromaocipensionandotherpostretirementbenefitplansfornetpriorservicecostcredittax": 1000000,
        "othercomprehensiveincomelossamortizationadjustmentfromaocipensionandotherpostretirementbenefitplansfornetpriorservicecostcreditnetoftax": 1600000,
        "othercomprehensiveincomelossbeforetax": 51500000,
        "othercomprehensiveincomelosstax": 13500000,
        "othercomprehensiveincomelossnetoftax": 38000000,
        "comprehensiveincomenetoftaxincludingportionattributabletononcontrollinginterest": 224600000,
        "comprehensiveincomenetoftaxattributabletononcontrollinginterest": 2200000,
        "comprehensiveincomenetoftax": 222400000
    },
    {
        "date": "2015-12-30",
        "symbol": "MCO",
        "period": "Q4",
        "revenues": 2294100000,
        "directoperatingcosts": 251900000,
        "sellinggeneralandadministrativeexpense": 252200000,
        "depreciationandamortization": 28700000,
        "operatingexpenses": 532800000,
        "operatingincomeloss": 333100000,
        "othernonoperatingincomeexpense": 7300000,
        "nonoperatingincomeexpense": -20800000,
        "incomelossfromcontinuingoperationsbeforeincometaxesminorityinterestandincomelossfromequitymethodinvestments": 312300000,
        "incometaxexpensebenefit": 91900000,
        "profitloss": 220400000,
        "netincomelossattributabletononcontrollinginterest": 2500000,
        "netincomeloss": 217900000,
        "earningspersharebasic": 1.1000000000000003,
        "earningspersharediluted": 1.09,
        "weightedaveragenumberofsharesoutstandingbasic": -1000000,
        "weightedaveragenumberofdilutedsharesoutstanding": -1100000,
        "othercomprehensiveincomeforeigncurrencytransactionandtranslationgainlossarisingduringperiodnetoftax": -25100000,
        "othercomprehensiveincomelossbeforetax": -6100000,
        "othercomprehensiveincomelosstax": 13100000,
        "othercomprehensiveincomelossnetoftax": -19200000,
        "comprehensiveincomenetoftaxincludingportionattributabletononcontrollinginterest": 201200000,
        "comprehensiveincomenetoftaxattributabletononcontrollinginterest": 2500000,
        "comprehensiveincomenetoftax": 198700000
    },
    {
        "date": "2015-09-29",
        "symbol": "MCO",
        "period": "Q3",
        "revenues": -1774000000,
        "directoperatingcosts": 236100000,
        "sellinggeneralandadministrativeexpense": 220800000,
        "depreciationandamortization": 28300000,
        "operatingexpenses": 485200000,
        "operatingincomeloss": 349700000,
        "othernonoperatingincomeexpense": 19700000,
        "nonoperatingincomeexpense": -6100000,
        "incomelossfromcontinuingoperationsbeforeincometaxesminorityinterestandincomelossfromequitymethodinvestments": 343600000,
        "incometaxexpensebenefit": 109800000,
        "profitloss": 233800000,
        "netincomelossattributabletononcontrollinginterest": 2200000,
        "netincomeloss": 231600000,
        "earningspersharebasic": 1.1699999999999997,
        "earningspersharediluted": 1.1499999999999997,
        "weightedaveragenumberofsharesoutstandingbasic": -900000,
        "weightedaveragenumberofdilutedsharesoutstanding": -900000,
        "othercomprehensiveincomeforeigncurrencytransactionandtranslationgainlossarisingduringperiodnetoftax": -30500000,
        "othercomprehensiveincomelossavailableforsalesecuritiesadjustmentbeforetax": 700000,
        "othercomprehensiveincomelossavailableforsalesecuritiesadjustmentnetoftax": 700000,
        "othercomprehensiveincomelosspensionandotherpostretirementbenefitplansnetunamortizedgainlossarisingduringperiodbeforetax": 0,
        "othercomprehensiveincomedefinedbenefitplansnetunamortizedgainlossarisingduringperiodtax": 0,
        "othercomprehensiveincomedefinedbenefitplansnetunamortizedgainlossarisingduringperiodnetoftax": 0,
        "othercomprehensiveincomelossbeforetax": -39700000,
        "othercomprehensiveincomelosstax": -200000,
        "othercomprehensiveincomelossnetoftax": -39500000,
        "comprehensiveincomenetoftaxincludingportionattributabletononcontrollinginterest": 194300000,
        "comprehensiveincomenetoftaxattributabletononcontrollinginterest": 2200000,
        "comprehensiveincomenetoftax": 192100000
    },
    {
        "date": "2015-06-29",
        "symbol": "MCO",
        "period": "Q2",
        "revenues": 1809300000,
        "directoperatingcosts": 243900000,
        "sellinggeneralandadministrativeexpense": 227000000,
        "depreciationandamortization": 40500000,
        "operatingexpenses": 498800000,
        "operatingincomeloss": 463300000,
        "othernonoperatingincomeexpense": -8200000,
        "nonoperatingincomeexpense": -40100000,
        "incomelossfromcontinuingoperationsbeforeincometaxesminorityinterestandincomelossfromequitymethodinvestments": 379200000,
        "incometaxexpensebenefit": 115100000,
        "profitloss": 264100000,
        "netincomelossattributabletononcontrollinginterest": 2400000,
        "netincomeloss": 261700000,
        "earningspersharebasic": 1.2900000000000003,
        "earningspersharediluted": 1.28,
        "weightedaveragenumberofsharesoutstandingbasic": -700000,
        "weightedaveragenumberofdilutedsharesoutstanding": -1100000,
        "othercomprehensiveincomeforeigncurrencytransactionandtranslationgainlossarisingduringperiodnetoftax": 39800000,
        "othercomprehensiveincomelossforeigncurrencytransactionandtranslationreclassificationadjustmentfromaocirealizeduponsaleorliquidationbeforetax": 0,
        "othercomprehensiveincomelossforeigncurrencytransactionandtranslationreclassificationadjustmentfromaocirealizeduponsaleorliquidationnetoftax": 0,
        "othercomprehensiveincomeunrealizedgainlossonderivativesarisingduringperiodbeforetax": -13100000,
        "othercomprehensiveincomeunrealizedgainlossonderivativesarisingduringperiodtax": -5400000,
        "othercomprehensiveincomeunrealizedgainlossonderivativesarisingduringperiodnetoftax": -7700000,
        "othercomprehensiveincomelossavailableforsalesecuritiesadjustmentbeforetax": 1000000,
        "othercomprehensiveincomelossavailableforsalesecuritiesadjustmentnetoftax": 1000000,
        "othercomprehensiveincomelosspensionandotherpostretirementbenefitplansnetunamortizedgainlossarisingduringperiodbeforetax": 13200000,
        "othercomprehensiveincomedefinedbenefitplansnetunamortizedgainlossarisingduringperiodtax": 2700000,
        "othercomprehensiveincomedefinedbenefitplansnetunamortizedgainlossarisingduringperiodnetoftax": 4400000,
        "othercomprehensiveincomelossbeforetax": 41500000,
        "othercomprehensiveincomelosstax": 28300000,
        "othercomprehensiveincomelossnetoftax": 41600000,
        "comprehensiveincomenetoftaxincludingportionattributabletononcontrollinginterest": 305700000,
        "comprehensiveincomenetoftaxattributabletononcontrollinginterest": 2400000,
        "comprehensiveincomenetoftax": 303300000
    },
    {
        "date": "2015-03-30",
        "symbol": "MCO",
        "period": "Q1",
        "revenues": -25600000,
        "directoperatingcosts": 244400000,
        "sellinggeneralandadministrativeexpense": 221300000,
        "depreciationandamortization": 16000000,
        "operatingexpenses": 494300000,
        "operatingincomeloss": 327300000,
        "netinterestincomeexpense": -29300000,
        "othernonoperatingincomeexpense": 2500000,
        "nonoperatingincomeexpense": -26800000,
        "incomelossfromcontinuingoperationsbeforeincometaxesminorityinterestandincomelossfromequitymethodinvestments": 344500000,
        "incometaxexpensebenefit": 113200000,
        "profitloss": 231300000,
        "netincomelossattributabletononcontrollinginterest": 1200000,
        "netincomeloss": 230100000,
        "earningspersharebasic": 1.14,
        "earningspersharediluted": 1.11,
        "weightedaveragenumberofsharesoutstandingbasic": 202700000,
        "weightedaveragenumberofdilutedsharesoutstanding": 206500000,
        "othercomprehensiveincomelossforeigncurrencytransactionandtranslationadjustmentbeforetax": -109400000,
        "othercomprehensiveincomeforeigncurrencytransactionandtranslationgainlossarisingduringperiodnetoftax": -109400000,
        "othercomprehensiveincomeunrealizedgainlossonderivativesarisingduringperiodbeforetax": 31600000,
        "othercomprehensiveincomeunrealizedgainlossonderivativesarisingduringperiodtax": 12700000,
        "othercomprehensiveincomeunrealizedgainlossonderivativesarisingduringperiodnetoftax": 18900000,
        "othercomprehensiveincomelosspensionandotherpostretirementbenefitplansnetunamortizedgainlossarisingduringperiodbeforetax": -2300000,
        "othercomprehensiveincomedefinedbenefitplansnetunamortizedgainlossarisingduringperiodtax": 1500000,
        "othercomprehensiveincomedefinedbenefitplansnetunamortizedgainlossarisingduringperiodnetoftax": 2300000,
        "othercomprehensiveincomelossbeforetax": -73000000,
        "othercomprehensiveincomelosstax": -14200000,
        "othercomprehensiveincomelossnetoftax": -87200000,
        "comprehensiveincomenetoftaxincludingportionattributabletononcontrollinginterest": 144100000,
        "comprehensiveincomenetoftaxattributabletononcontrollinginterest": 1200000,
        "comprehensiveincomenetoftax": 142900000,
        "othercomprehensiveincomelossforeigncurrencytransactionandtranslationreclassificationadjustmentfromaocirealizeduponsaleorliquidationbeforetax": -100000,
        "othercomprehensiveincomelossforeigncurrencytransactionandtranslationreclassificationadjustmentfromaocirealizeduponsaleorliquidationnetoftax": 100000,
        "othercomprehensiveincomelossavailableforsalesecuritiesadjustmentbeforetax": 1100000,
        "othercomprehensiveincomelossavailableforsalesecuritiesadjustmentnetoftax": 1100000
    },
    {
        "date": "2014-12-30",
        "symbol": "MCO",
        "period": "Q4",
        "revenues": -752900000,
        "directoperatingcosts": 255500000,
        "sellinggeneralandadministrativeexpense": 250300000,
        "depreciationandamortization": 11900000,
        "operatingexpenses": 532800000,
        "operatingincomeloss": 63500000,
        "netinterestincomeexpense": -29300000,
        "othernonoperatingincomeexpense": 20400000,
        "nonoperatingincomeexpense": -8900000,
        "incomelossfromcontinuingoperationsbeforeincometaxesminorityinterestandincomelossfromequitymethodinvestments": 335800000,
        "incometaxexpensebenefit": 94400000,
        "profitloss": 241400000,
        "netincomelossattributabletononcontrollinginterest": 5100000,
        "netincomeloss": 236300000,
        "earningspersharebasic": 1.1400000000000001,
        "earningspersharediluted": 1.1300000000000003,
        "weightedaveragenumberofsharesoutstandingbasic": -1400000,
        "weightedaveragenumberofdilutedsharesoutstanding": -1400000,
        "othercomprehensiveincomelossforeigncurrencytransactionandtranslationadjustmentbeforetax": -65100000,
        "othercomprehensiveincomeforeigncurrencytransactionandtranslationgainlossarisingduringperiodnetoftax": -62900000,
        "othercomprehensiveincomeunrealizedgainlossonderivativesarisingduringperiodbeforetax": 18300000,
        "othercomprehensiveincomeunrealizedgainlossonderivativesarisingduringperiodtax": 7300000,
        "othercomprehensiveincomeunrealizedgainlossonderivativesarisingduringperiodnetoftax": 11000000,
        "othercomprehensiveincomelossbeforetax": -131000000,
        "othercomprehensiveincomelosstax": -29400000,
        "othercomprehensiveincomelossnetoftax": -101600000,
        "comprehensiveincomenetoftaxincludingportionattributabletononcontrollinginterest": 139800000,
        "comprehensiveincomenetoftaxattributabletononcontrollinginterest": 5100000,
        "comprehensiveincomenetoftax": 134700000
    },
    {
        "date": "2014-09-29",
        "symbol": "MCO",
        "period": "Q3",
        "revenues": 88800000,
        "directoperatingcosts": 236700000,
        "sellinggeneralandadministrativeexpense": 206500000,
        "depreciationandamortization": 11500000,
        "operatingexpenses": 466400000,
        "operatingincomeloss": -505700000,
        "netinterestincomeexpense": -37700000,
        "othernonoperatingincomeexpense": 16400000,
        "nonoperatingincomeexpense": -21300000,
        "incomelossfromcontinuingoperationsbeforeincometaxesminorityinterestandincomelossfromequitymethodinvestments": 328400000,
        "incometaxexpensebenefit": 109900000,
        "profitloss": 218500000,
        "netincomelossattributabletononcontrollinginterest": 3300000,
        "netincomeloss": 215200000,
        "earningspersharebasic": 1.02,
        "earningspersharediluted": 1,
        "weightedaveragenumberofsharesoutstandingbasic": -213900000,
        "weightedaveragenumberofdilutedsharesoutstanding": -218100000,
        "othercomprehensiveincomelossforeigncurrencytransactionandtranslationadjustmentbeforetax": -99500000,
        "othercomprehensiveincomeforeigncurrencytransactionandtranslationgainlossarisingduringperiodnetoftax": -99500000,
        "othercomprehensiveincomeunrealizedgainlossonderivativesarisingduringperiodbeforetax": 20300000,
        "othercomprehensiveincomeunrealizedgainlossonderivativesarisingduringperiodtax": 3000000,
        "othercomprehensiveincomeunrealizedgainlossonderivativesarisingduringperiodnetoftax": 12100000,
        "othercomprehensiveincomelossbeforetax": -77400000,
        "othercomprehensiveincomelosstax": -10600000,
        "othercomprehensiveincomelossnetoftax": -86300000,
        "comprehensiveincomenetoftaxincludingportionattributabletononcontrollinginterest": 132200000,
        "comprehensiveincomenetoftaxattributabletononcontrollinginterest": 3300000,
        "comprehensiveincomenetoftax": 128900000
    },
    {
        "date": "2014-06-29",
        "symbol": "MCO",
        "period": "Q2",
        "revenues": 251800000,
        "directoperatingcosts": 222100000,
        "sellinggeneralandadministrativeexpense": 217400000,
        "depreciationandamortization": 11400000,
        "operatingexpenses": 461800000,
        "operatingincomeloss": 363300000,
        "netinterestincomeexpense": -26000000,
        "othernonoperatingincomeexpense": -3300000,
        "businesscombinationstepacquisitionequityinterestinacquireeremeasurementgain": 102800000,
        "nonoperatingincomeexpense": 73500000,
        "incomelossfromcontinuingoperationsbeforeincometaxesminorityinterestandincomelossfromequitymethodinvestments": 485200000,
        "incometaxexpensebenefit": 160800000,
        "profitloss": 324400000,
        "netincomelossattributabletononcontrollinginterest": 5200000,
        "netincomeloss": 319200000,
        "earningspersharebasic": 1.51,
        "earningspersharediluted": 1.48,
        "weightedaveragenumberofsharesoutstandingbasic": 212000000,
        "weightedaveragenumberofdilutedsharesoutstanding": 215700000,
        "commonstockdividendspersharedeclared": 0.28,
        "othercomprehensiveincomelossforeigncurrencytransactionandtranslationadjustmentbeforetax": 14100000,
        "othercomprehensiveincomeforeigncurrencytransactionandtranslationgainlossarisingduringperiodnetoftax": 14100000,
        "othercomprehensiveincomeunrealizedgainlossonderivativesarisingduringperiodbeforetax": -2700000,
        "othercomprehensiveincomeunrealizedgainlossonderivativesarisingduringperiodtax": 1100000,
        "othercomprehensiveincomeunrealizedgainlossonderivativesarisingduringperiodnetoftax": -1600000,
        "othercomprehensiveincomelosspensionandotherpostretirementbenefitplansnetunamortizedgainlossarisingduringperiodbeforetax": -1200000,
        "othercomprehensiveincomedefinedbenefitplansnetunamortizedgainlossarisingduringperiodtax": 800000,
        "othercomprehensiveincomedefinedbenefitplansnetunamortizedgainlossarisingduringperiodnetoftax": -1200000,
        "othercomprehensiveincomelossreclassificationadjustmentfromaocipensionandotherpostretirementbenefitplansfornetgainlossbeforetax": -6900000,
        "othercomprehensiveincomelossreclassificationadjustmentfromaocipensionandotherpostretirementbenefitplanstax": 2800000,
        "othercomprehensiveincomelossreclassificationadjustmentfromaocipensionandotherpostretirementbenefitplansnetoftax": -4100000,
        "othercomprehensiveincomelossbeforetax": 10900000,
        "othercomprehensiveincomelosstax": 18500000,
        "othercomprehensiveincomelossnetoftax": 14000000,
        "comprehensiveincomenetoftaxincludingportionattributabletononcontrollinginterest": 338400000,
        "comprehensiveincomenetoftaxattributabletononcontrollinginterest": 5200000,
        "comprehensiveincomenetoftax": 333200000,
        "foreigncurrencytranslationadjustmentreclassificationoflossestonetincomepursuanttoicrastepacquisitionpretax": -4400000,
        "foreigncurrencytranslationadjustmentreclassificationoflossestonetincomepursuanttoicrastepacquisitionnetoftax": 4400000
    },
    {
        "date": "2014-03-30",
        "symbol": "MCO",
        "period": "Q1",
        "revenues": 425600000,
        "directoperatingcosts": 216000000,
        "sellinggeneralandadministrativeexpense": 195100000,
        "depreciationandamortization": 11400000,
        "operatingexpenses": 434200000,
        "operatingincomeloss": 290200000,
        "netinterestincomeexpense": -23800000,
        "othernonoperatingincomeexpense": 2400000,
        "nonoperatingincomeexpense": -21400000,
        "incomelossfromcontinuingoperationsbeforeincometaxesminorityinterestandincomelossfromequitymethodinvestments": 311600000,
        "incometaxexpensebenefit": 89900000,
        "profitloss": 221700000,
        "netincomelossattributabletononcontrollinginterest": 3700000,
        "netincomeloss": 218000000,
        "earningspersharebasic": 1.02,
        "earningspersharediluted": 1,
        "weightedaveragenumberofsharesoutstandingbasic": 214000000,
        "weightedaveragenumberofdilutedsharesoutstanding": 218500000,
        "othercomprehensiveincomelossforeigncurrencytransactionandtranslationadjustmentbeforetax": -4800000,
        "othercomprehensiveincomeforeigncurrencytransactionandtranslationgainlossarisingduringperiodnetoftax": -4800000,
        "othercomprehensiveincomeunrealizedgainlossonderivativesarisingduringperiodbeforetax": -3600000,
        "othercomprehensiveincomeunrealizedgainlossonderivativesarisingduringperiodtax": 1500000,
        "othercomprehensiveincomeunrealizedgainlossonderivativesarisingduringperiodnetoftax": -2100000,
        "amortizationofactuariallossesandpriorservicecostsincludedinnetincomepretax": -400000,
        "amortizationofactuariallossesandpriorservicecostsincludedinnetincometax": 1500000,
        "amortizationofactuariallossesandpriorservicecostsincludedinnetincomenetoftax": 200000,
        "othercomprehensiveincomelossbeforetax": -6700000,
        "othercomprehensiveincomelosstax": -2100000,
        "othercomprehensiveincomelossnetoftax": -6700000,
        "comprehensiveincomenetoftaxincludingportionattributabletononcontrollinginterest": 215000000,
        "comprehensiveincomenetoftaxattributabletononcontrollinginterest": 3700000,
        "comprehensiveincomenetoftax": 211300000
    },
    {
        "date": "2013-09-29",
        "symbol": "MCO",
        "period": "Q3",
        "revenues": -1282000000,
        "directoperatingcosts": 203500000,
        "sellinggeneralandadministrativeexpense": 187100000,
        "depreciationandamortization": -11500000,
        "operatingexpenses": 414000000,
        "operatingincomeloss": -511600000,
        "netinterestincomeexpense": -24400000,
        "othernonoperatingincomeexpense": -3600000,
        "nonoperatingincomeexpense": -28000000,
        "incomelossfromcontinuingoperationsbeforeincometaxesminorityinterestandincomelossfromequitymethodinvestments": 263500000,
        "incometaxexpensebenefit": 76700000,
        "profitloss": 186800000,
        "netincomelossattributabletononcontrollinginterest": 2900000,
        "netincomeloss": 183900000,
        "earningspersharebasic": 0.8400000000000002,
        "earningspersharediluted": 0.8300000000000002,
        "weightedaveragenumberofsharesoutstandingbasic": -1700000,
        "weightedaveragenumberofdilutedsharesoutstanding": -1600000,
        "commonstockdividendspersharedeclared": 0.25,
        "othercomprehensiveincomelossforeigncurrencytransactionandtranslationadjustmentbeforetax": 48100000,
        "othercomprehensiveincomeforeigncurrencytransactionandtranslationgainlossarisingduringperiodnetoftax": 48100000,
        "othercomprehensiveincomeunrealizedgainlossonderivativesarisingduringperiodbeforetax": 0,
        "othercomprehensiveincomeunrealizedgainlossonderivativesarisingduringperiodnetoftax": -1500000,
        "othercomprehensiveincomelossreclassificationadjustmentonderivativesincludedinnetincomebeforetax": 0,
        "othercomprehensiveincomelossreclassificationadjustmentonderivativesincludedinnetincomenetoftax": 0,
        "amortizationofactuariallossesandpriorservicecostsincludedinnetincomepretax": -1100000,
        "amortizationofactuariallossesandpriorservicecostsincludedinnetincometax": 1300000,
        "amortizationofactuariallossesandpriorservicecostsincludedinnetincomenetoftax": 1800000,
        "othercomprehensiveincomelossbeforetax": 49800000,
        "othercomprehensiveincomelosstax": 3000000,
        "othercomprehensiveincomelossnetoftax": 49700000,
        "comprehensiveincomenetoftaxincludingportionattributabletononcontrollinginterest": 236500000,
        "comprehensiveincomenetoftaxattributabletononcontrollinginterest": 2900000,
        "comprehensiveincomenetoftax": 233600000
    },
    {
        "date": "2013-06-29",
        "symbol": "MCO",
        "period": "Q2",
        "revenues": 1162100000,
        "directoperatingcosts": 197100000,
        "sellinggeneralandadministrativeexpense": 185000000,
        "depreciationandamortization": 35400000,
        "operatingexpenses": 405200000,
        "operatingincomeloss": 595300000,
        "netinterestincomeexpense": -21700000,
        "othernonoperatingincomeexpense": 7700000,
        "nonoperatingincomeexpense": -14000000,
        "incomelossfromcontinuingoperationsbeforeincometaxesminorityinterestandincomelossfromequitymethodinvestments": 336800000,
        "incometaxexpensebenefit": 108400000,
        "profitloss": 228400000,
        "netincomelossattributabletononcontrollinginterest": 2900000,
        "netincomeloss": 225500000,
        "earningspersharebasic": 1.02,
        "earningspersharediluted": 1,
        "weightedaveragenumberofsharesoutstandingbasic": -500000,
        "weightedaveragenumberofdilutedsharesoutstanding": -500000,
        "commonstockdividendspersharedeclared": 0.04000000000000001,
        "othercomprehensiveincomelossforeigncurrencytransactionandtranslationadjustmentbeforetax": -13000000,
        "othercomprehensiveincomeforeigncurrencytransactionandtranslationgainlossarisingduringperiodnetoftax": -13000000,
        "othercomprehensiveincomeunrealizedgainlossonderivativesarisingduringperiodbeforetax": -100000,
        "othercomprehensiveincomeunrealizedgainlossonderivativesarisingduringperiodtax": 0,
        "othercomprehensiveincomeunrealizedgainlossonderivativesarisingduringperiodnetoftax": -300000,
        "othercomprehensiveincomelossreclassificationadjustmentonderivativesincludedinnetincomebeforetax": 100000,
        "othercomprehensiveincomelossreclassificationadjustmentonderivativesincludedinnetincometax": 0,
        "othercomprehensiveincomelossreclassificationadjustmentonderivativesincludedinnetincomenetoftax": 100000,
        "amortizationofactuariallossesandpriorservicecostsincludedinnetincomepretax": -5100000,
        "amortizationofactuariallossesandpriorservicecostsincludedinnetincometax": 1200000,
        "amortizationofactuariallossesandpriorservicecostsincludedinnetincomenetoftax": 1600000,
        "othercomprehensiveincomelossbeforetax": -9600000,
        "othercomprehensiveincomelosstax": 56300000,
        "othercomprehensiveincomelossnetoftax": -11100000,
        "comprehensiveincomenetoftaxincludingportionattributabletononcontrollinginterest": 217300000,
        "comprehensiveincomenetoftaxattributabletononcontrollinginterest": 2900000,
        "comprehensiveincomenetoftax": 214400000
    },
    {
        "date": "2013-03-30",
        "symbol": "MCO",
        "period": "Q1",
        "revenues": 325700000,
        "directoperatingcosts": 200800000,
        "sellinggeneralandadministrativeexpense": 227000000,
        "depreciationandamortization": 11300000,
        "operatingexpenses": 451400000,
        "operatingincomeloss": 35900000,
        "netinterestincomeexpense": -22000000,
        "othernonoperatingincomeexpense": 8800000,
        "nonoperatingincomeexpense": -13200000,
        "incomelossfromcontinuingoperationsbeforeincometaxesminorityinterestandincomelossfromequitymethodinvestments": 267200000,
        "incometaxexpensebenefit": 76100000,
        "profitloss": 191100000,
        "netincomelossattributabletononcontrollinginterest": 2700000,
        "netincomeloss": 188400000,
        "earningspersharebasic": 0.84,
        "earningspersharediluted": 0.83,
        "weightedaveragenumberofsharesoutstandingbasic": 223300000,
        "weightedaveragenumberofdilutedsharesoutstanding": 227200000,
        "commonstockdividendspersharedeclared": 0.16,
        "othercomprehensiveincomelossforeigncurrencytransactionandtranslationadjustmentbeforetax": -59800000,
        "othercomprehensiveincomeforeigncurrencytransactionandtranslationgainlossarisingduringperiodnetoftax": -59800000,
        "othercomprehensiveincomeunrealizedgainlossonderivativesarisingduringperiodbeforetax": -600000,
        "othercomprehensiveincomeunrealizedgainlossonderivativesarisingduringperiodtax": 200000,
        "othercomprehensiveincomeunrealizedgainlossonderivativesarisingduringperiodnetoftax": 800000,
        "othercomprehensiveincomelossreclassificationadjustmentonderivativesincludedinnetincomebeforetax": 600000,
        "othercomprehensiveincomelossreclassificationadjustmentonderivativesincludedinnetincometax": -200000,
        "othercomprehensiveincomelossreclassificationadjustmentonderivativesincludedinnetincomenetoftax": 400000,
        "amortizationofactuariallossesandpriorservicecostsincludedinnetincomepretax": 3100000,
        "amortizationofactuariallossesandpriorservicecostsincludedinnetincometax": 1200000,
        "amortizationofactuariallossesandpriorservicecostsincludedinnetincomenetoftax": 1900000,
        "othercomprehensiveincomelossbeforetax": -54700000,
        "othercomprehensiveincomelosstax": -59800000,
        "othercomprehensiveincomelossnetoftax": -56700000,
        "comprehensiveincomenetoftaxincludingportionattributabletononcontrollinginterest": 134400000,
        "comprehensiveincomenetoftaxattributabletononcontrollinginterest": 2700000,
        "comprehensiveincomenetoftax": 131700000
    },
    {
        "date": "2012-12-30",
        "symbol": "MCO",
        "period": "Q4",
        "revenues": 230300000,
        "directoperatingcosts": 221600000,
        "sellinggeneralandadministrativeexpense": 236400000,
        "depreciationandamortization": 11400000,
        "operatingexpenses": 494000000,
        "operatingincomeloss": 244000000,
        "netinterestincomeexpense": -21600000,
        "othernonoperatingincomeexpense": -2200000,
        "nonoperatingincomeexpense": -23800000,
        "incomelossfromcontinuingoperationsbeforeincometaxesminorityinterestandincomelossfromequitymethodinvestments": 236400000,
        "incometaxexpensebenefit": 74400000,
        "profitloss": 162000000,
        "netincomelossattributabletononcontrollinginterest": 1900000,
        "netincomeloss": 160100000,
        "earningspersharebasic": 0.7199999999999995,
        "earningspersharediluted": 0.71,
        "weightedaveragenumberofsharesoutstandingbasic": -100000,
        "weightedaveragenumberofdilutedsharesoutstanding": -100000,
        "othercomprehensiveincomeunrealizedgainlossonderivativesarisingduringperiodnetoftax": -800000,
        "comprehensiveincomenetoftaxincludingportionattributabletononcontrollinginterest": 165600000,
        "comprehensiveincomenetoftaxattributabletononcontrollinginterest": 1900000,
        "comprehensiveincomenetoftax": 163700000,
        "othercomprehensiveincomeunrealizedgainlossonderivativesarisingduringperiodtax": 600000,
        "othercomprehensiveincomedefinedbenefitplansnetunamortizedgainlossarisingduringperiodtax": 7300000
    },
    {
        "date": "2012-09-29",
        "symbol": "MCO",
        "period": "Q3",
        "revenues": 304400000,
        "directoperatingcosts": 207300000,
        "sellinggeneralandadministrativeexpense": 187400000,
        "depreciationandamortization": 11000000,
        "operatingexpenses": 957600000,
        "operatingincomeloss": 227900000,
        "netinterestincomeexpense": -15300000,
        "othernonoperatingincomeexpense": 10000000,
        "nonoperatingincomeexpense": -5300000,
        "incomelossfromcontinuingoperationsbeforeincometaxesminorityinterestandincomelossfromequitymethodinvestments": 264400000,
        "incometaxexpensebenefit": 77900000,
        "profitloss": 186500000,
        "netincomelossattributabletononcontrollinginterest": 2600000,
        "netincomeloss": 183900000,
        "earningspersharebasic": 0.8200000000000001,
        "earningspersharediluted": 0.8199999999999998,
        "weightedaveragenumberofsharesoutstandingbasic": -224000000,
        "weightedaveragenumberofdilutedsharesoutstanding": -227900000,
        "othercomprehensiveincomeunrealizedgainlossonderivativesarisingduringperiodnetoftax": 100000,
        "comprehensiveincomenetoftaxincludingportionattributabletononcontrollinginterest": 221500000,
        "comprehensiveincomenetoftaxattributabletononcontrollinginterest": 2500000,
        "comprehensiveincomenetoftax": 219000000,
        "othercomprehensiveincomeunrealizedgainlossonderivativesarisingduringperiodtax": -100000,
        "othercomprehensiveincomedefinedbenefitplansnetunamortizedgainlossarisingduringperiodtax": -1100000
    },
    {
        "date": "2012-06-29",
        "symbol": "MCO",
        "period": "Q2",
        "revenues": 191700000,
        "directoperatingcosts": 180600000,
        "sellinggeneralandadministrativeexpense": 159600000,
        "depreciationandamortization": 10700000,
        "operatingexpenses": 221400000,
        "operatingincomeloss": 237300000,
        "netinterestincomeexpense": -16600000,
        "othernonoperatingincomeexpense": 2700000,
        "nonoperatingincomeexpense": -13900000,
        "incomelossfromcontinuingoperationsbeforeincometaxesminorityinterestandincomelossfromequitymethodinvestments": 264600000,
        "incometaxexpensebenefit": 88900000,
        "profitloss": 175700000,
        "netincomelossattributabletononcontrollinginterest": 3200000,
        "netincomeloss": 172500000,
        "earningspersharebasic": 0.77,
        "earningspersharediluted": 0.76,
        "weightedaveragenumberofsharesoutstandingbasic": 223900000,
        "weightedaveragenumberofdilutedsharesoutstanding": 227200000,
        "commonstockdividendspersharedeclared": 0.16,
        "othercomprehensiveincomelossforeigncurrencytransactionandtranslationadjustmentnetoftax": -37900000,
        "othercomprehensiveincomeunrealizedgainlossonderivativesarisingduringperiodnetoftax": -1500000,
        "othercomprehensiveincomelossreclassificationadjustmentonderivativesincludedinnetincomenetoftax": 700000,
        "othercomprehensiveincomederivativesqualifyingashedgesnetoftaxportionattributabletoparent": -800000,
        "othercomprehensiveincomelossamortizationpensionandotherpostretirementbenefitplansnetpriorservicecostrecognizedinnetperiodicpensioncostnetoftax": -1300000,
        "othercomprehensiveincomedefinedbenefitplansnetunamortizedgainlossarisingduringperiodnetoftax": -5600000,
        "othercomprehensiveincomedefinedbenefitplansadjustmentnetoftaxportionattributabletoparent": -4300000,
        "comprehensiveincomenetoftaxincludingportionattributabletononcontrollinginterest": 132700000,
        "comprehensiveincomenetoftaxattributabletononcontrollinginterest": 2300000,
        "comprehensiveincomenetoftax": 130400000,
        "othercomprehensiveincomeunrealizedgainlossonderivativesarisingduringperiodtax": 1000000,
        "othercomprehensiveincomelossreclassificationadjustmentonderivativesincludedinnetincometax": 400000,
        "othercomprehensiveincomeamortizationofdefinedbenefitplannetpriorservicecostrecognizedinnetperiodicpensioncosttax": 900000,
        "othercomprehensiveincomedefinedbenefitplansnetunamortizedgainlossarisingduringperiodtax": 3900000
    },
    {
        "date": "2012-03-30",
        "symbol": "MCO",
        "period": "Q1",
        "revenues": 94300000,
        "directoperatingcosts": 185500000,
        "sellinggeneralandadministrativeexpense": 168800000,
        "depreciationandamortization": 11200000,
        "operatingexpenses": -20100000,
        "operatingincomeloss": 237700000,
        "netinterestincomeexpense": -10300000,
        "othernonoperatingincomeexpense": -100000,
        "nonoperatingincomeexpense": -10400000,
        "incomelossfromcontinuingoperationsbeforeincometaxesminorityinterestandincomelossfromequitymethodinvestments": 258600000,
        "incometaxexpensebenefit": 83100000,
        "profitloss": 175500000,
        "netincomelossattributabletononcontrollinginterest": 2000000,
        "netincomeloss": 173500000,
        "earningspersharebasic": 0.78,
        "earningspersharediluted": 0.76,
        "weightedaveragenumberofsharesoutstandingbasic": 223400000,
        "weightedaveragenumberofdilutedsharesoutstanding": 227400000,
        "othercomprehensiveincomeforeigncurrencytransactionandtranslationadjustmentnetoftaxperiodincreasedecrease": 28600000,
        "othercomprehensiveincomeunrealizedgainlossonderivativesarisingduringperiodnetoftax": -100000,
        "othercomprehensiveincomereclassificationadjustmentonderivativesincludedinnetincomenetoftax": 600000,
        "othercomprehensiveincomederivativesqualifyingashedgesnetoftaxperiodincreasedecrease": 500000,
        "othercomprehensiveincomeamortizationofdefinedbenefitplannetpriorservicecostrecognizedinnetperiodicpensioncostnetoftax": 1700000,
        "comprehensiveincomenetoftaxincludingportionattributabletononcontrollinginterest": 206300000,
        "comprehensiveincomenetoftaxattributabletononcontrollinginterest": 4000000,
        "comprehensiveincomenetoftax": 202300000,
        "othercomprehensiveincomeunrealizedgainlossonderivativesarisingduringperiodtax": 100000,
        "othercomprehensiveincomereclassificationadjustmentonderivativesincludedinnetincometax": 400000,
        "othercomprehensiveincomedefinedbenefitplansnetunamortizedgainlossarisingduringperiodtax": 1100000
    },
    {
        "date": "2011-12-30",
        "symbol": "MCO",
        "period": "Q4",
        "revenues": -364200000,
        "directoperatingcosts": 181200000,
        "sellinggeneralandadministrativeexpense": 193200000,
        "depreciationandamortization": 10200000,
        "operatingexpenses": -19600000,
        "operatingincomeloss": 146700000,
        "netinterestincomeexpense": -16900000,
        "othernonoperatingincomeexpense": 400000,
        "nonoperatingincomeexpense": -16500000,
        "incomelossfromcontinuingoperationsbeforeincometaxesminorityinterestandincomelossfromequitymethodinvestments": 155600000,
        "incometaxexpensebenefit": 57500000,
        "profitloss": 102800000,
        "netincomelossattributabletononcontrollinginterest": 1900000,
        "netincomeloss": 96200000,
        "earningspersharebasic": 0.4299999999999998,
        "earningspersharediluted": 0.4300000000000005,
        "weightedaveragenumberofsharesoutstandingbasic": -456800000,
        "weightedaveragenumberofdilutedsharesoutstanding": -462500000
    },
    {
        "date": "2011-09-29",
        "symbol": "MCO",
        "period": "Q3",
        "revenues": 93900000,
        "directoperatingcosts": 171000000,
        "sellinggeneralandadministrativeexpense": 145000000,
        "restructuringcharges": 100000,
        "depreciationandamortization": 9800000,
        "operatingexpenses": -19400000,
        "operatingincomeloss": 158300000,
        "netinterestincomeexpense": -12900000,
        "othernonoperatingincomeexpense": 1600000,
        "nonoperatingincomeexpense": -11300000,
        "incomelossfromcontinuingoperationsbeforeincometaxesminorityinterestandincomelossfromequitymethodinvestments": 184800000,
        "incometaxexpensebenefit": 52700000,
        "profitloss": 130700000,
        "netincomelossattributabletononcontrollinginterest": 1400000,
        "netincomeloss": 130700000,
        "earningspersharebasic": 0.58,
        "earningspersharediluted": 0.57,
        "weightedaveragenumberofsharesoutstandingbasic": 226000000,
        "weightedaveragenumberofdilutedsharesoutstanding": 229000000,
        "commonstockdividendspersharedeclared": 0.14
    },
    {
        "date": "2011-06-29",
        "symbol": "MCO",
        "period": "Q2",
        "revenues": 104500000,
        "directoperatingcosts": 170500000,
        "sellinggeneralandadministrativeexpense": 142900000,
        "restructuringcharges": -100000,
        "depreciationandamortization": 12300000,
        "operatingexpenses": -18800000,
        "operatingincomeloss": 237900000,
        "netinterestincomeexpense": -14100000,
        "othernonoperatingincomeexpense": 8200000,
        "nonoperatingincomeexpense": -5900000,
        "incomelossfromcontinuingoperationsbeforeincometaxesminorityinterestandincomelossfromequitymethodinvestments": 264200000,
        "incometaxexpensebenefit": 73500000,
        "profitloss": 189000000,
        "netincomelossattributabletononcontrollinginterest": 1700000,
        "netincomeloss": 189000000,
        "earningspersharebasic": 0.83,
        "earningspersharediluted": 0.82,
        "weightedaveragenumberofsharesoutstandingbasic": 228200000,
        "weightedaveragenumberofdilutedsharesoutstanding": 231500000,
        "commonstockdividendspersharedeclared": 0.14
    },
    {
        "date": "2011-03-30",
        "symbol": "MCO",
        "period": "Q1",
        "revenues": 89400000,
        "directoperatingcosts": 160800000,
        "sellinggeneralandadministrativeexpense": 148500000,
        "depreciationandamortization": 8700000,
        "operatingexpenses": -18600000,
        "operatingincomeloss": 219800000,
        "netinterestincomeexpense": -18200000,
        "othernonoperatingincomeexpense": 3300000,
        "nonoperatingincomeexpense": -14900000,
        "incomelossfromcontinuingoperationsbeforeincometaxesminorityinterestandincomelossfromequitymethodinvestments": 235200000,
        "incometaxexpensebenefit": 78100000,
        "profitloss": 155500000,
        "netincomelossattributabletononcontrollinginterest": 1600000,
        "netincomeloss": 155500000,
        "earningspersharebasic": 0.68,
        "earningspersharediluted": 0.67,
        "weightedaveragenumberofsharesoutstandingbasic": 228900000,
        "weightedaveragenumberofdilutedsharesoutstanding": 231400000
    },
    {
        "date": "2010-09-29",
        "symbol": "MCO",
        "period": "Q3",
        "revenues": 235000000,
        "directoperatingcosts": 153700000,
        "sellinggeneralandadministrativeexpense": 152200000,
        "restructuringcharges": 300000,
        "depreciationandamortization": 8400000,
        "operatingexpenses": 125000000,
        "operatingincomeloss": 30100000,
        "netinterestincomeexpense": -12800000,
        "othernonoperatingincomeexpense": 5300000,
        "nonoperatingincomeexpense": -7500000,
        "incomelossfromcontinuingoperationsbeforeincometaxesminorityinterestandincomelossfromequitymethodinvestments": 181400000,
        "incometaxexpensebenefit": 44200000,
        "profitloss": 136000000,
        "netincomelossattributabletononcontrollinginterest": 1200000,
        "netincomeloss": 136000000,
        "earningspersharebasic": 0.58,
        "earningspersharediluted": 0.58,
        "weightedaveragenumberofsharesoutstandingbasic": 234300000,
        "weightedaveragenumberofdilutedsharesoutstanding": 235700000,
        "commonstockdividendspersharedeclared": 0.105
    },
    {
        "date": "2010-06-29",
        "symbol": "MCO",
        "period": "Q2",
        "revenues": 216300000,
        "directoperatingcosts": 134300000,
        "sellinggeneralandadministrativeexpense": 137500000,
        "restructuringcharges": 200000,
        "depreciationandamortization": 7700000,
        "operatingexpenses": 115500000,
        "operatingincomeloss": 33700000,
        "netinterestincomeexpense": -9000000,
        "othernonoperatingincomeexpense": -3600000,
        "nonoperatingincomeexpense": -12600000,
        "incomelossfromcontinuingoperationsbeforeincometaxesminorityinterestandincomelossfromequitymethodinvestments": 177900000,
        "incometaxexpensebenefit": 3100000,
        "profitloss": 121000000,
        "netincomelossattributabletononcontrollinginterest": 1600000,
        "netincomeloss": 121000000,
        "earningspersharebasic": 0.51,
        "earningspersharediluted": 0.51,
        "weightedaveragenumberofsharesoutstandingbasic": 235300000,
        "weightedaveragenumberofdilutedsharesoutstanding": 236500000,
        "commonstockdividendspersharedeclared": 0.105
    },
    {
        "date": "2010-03-30",
        "symbol": "MCO",
        "period": "Q1",
        "revenues": 476600000,
        "directoperatingcosts": 135900000,
        "sellinggeneralandadministrativeexpense": 128800000,
        "restructuringcharges": -700000,
        "depreciationandamortization": 15800000,
        "operatingexpenses": 279800000,
        "operatingincomeloss": 196800000,
        "interestincomeexpensenet": -13300000,
        "othernonoperatingincomeexpense": -1000000,
        "nonoperatingincomeexpense": -14300000,
        "incomelossfromcontinuingoperationsbeforeincometaxesminorityinterestandincomelossfromequitymethodinvestments": 182500000,
        "incometaxexpensebenefit": 67800000,
        "profitloss": 114700000,
        "netincomelossattributabletononcontrollinginterest": 1300000,
        "netincomeloss": 113400000,
        "earningspersharebasic": 0.48,
        "earningspersharediluted": 0.47,
        "weightedaveragenumberofsharesoutstandingbasic": 236900000,
        "weightedaveragenumberofdilutedsharesoutstanding": 239100000
    },
    {
        "date": "2009-09-29",
        "symbol": "MCO",
        "period": "Q3",
        "revenues": 451800000,
        "directoperatingcosts": 135100000,
        "sellinggeneralandadministrativeexpense": 124300000,
        "restructuringcharges": 3700000,
        "depreciationandamortization": 16200000,
        "operatingexpenses": 279300000,
        "operatingincomeloss": 172500000,
        "interestincomeexpensenet": -11500000,
        "othernonoperatingincomeexpense": 1700000,
        "nonoperatingincomeexpense": -9800000,
        "incomelossfromcontinuingoperationsbeforeincometaxesminorityinterestandincomelossfromequitymethodinvestments": 162700000,
        "incometaxexpensebenefit": 61000000,
        "profitloss": 101700000,
        "netincomelossattributabletononcontrollinginterest": 1100000,
        "netincomeloss": 100600000,
        "earningspersharebasic": 0.43,
        "earningspersharediluted": 0.42,
        "weightedaveragenumberofsharesoutstandingbasic": 236400000,
        "weightedaveragenumberofdilutedsharesoutstanding": 238200000,
        "commonstockdividendspersharedeclared": 0.1
    }
]