[
    {
        "date": "2024-10-26",
        "symbol": "HRL",
        "period": "Q4",
        "revenuefromcontractwithcustomerincludingassessedtax": 3138091000,
        "costofgoodsandservicessold": 2616860000,
        "grossprofit": 521230000,
        "sellinggeneralandadministrativeexpense": 238587000,
        "incomelossfromequitymethodinvestments": 11838000,
        "operatingincomeloss": 422175000,
        "investmentincomenet": 4981000,
        "incomelossfromcontinuingoperationsbeforeincometaxesextraordinaryitemsnoncontrollinginterest": 280029000,
        "incometaxexpensebenefit": 60070000,
        "profitloss": 219960000,
        "netincomelossattributabletononcontrollinginterest": -237000,
        "netincomeloss": 220196000,
        "earningspersharebasic": 0.3999999999999999,
        "earningspersharediluted": 0.4099999999999998,
        "weightedaveragenumberofsharesoutstandingbasic": 548129000,
        "weightedaveragenumberofdilutedsharesoutstanding": 548832000,
        "othercomprehensiveincomelossforeigncurrencytransactionandtranslationadjustmentnetoftax": 52549000,
        "othercomprehensiveincomelosspensionandotherpostretirementbenefitplansadjustmentnetoftax": 9538000,
        "othercomprehensiveincomelosscashflowhedgegainlossafterreclassificationandtax": 12472000,
        "ociequitymethodinvestmentaftertax": -3720000,
        "othercomprehensiveincomelossnetoftax": 51763000,
        "comprehensiveincomenetoftaxincludingportionattributabletononcontrollinginterest": 271722000,
        "comprehensiveincomenetoftaxattributabletononcontrollinginterest": 484000,
        "comprehensiveincomenetoftax": 271239000
    },
    {
        "date": "2024-07-27",
        "symbol": "HRL",
        "period": "Q3",
        "revenuefromcontractwithcustomerincludingassessedtax": 2898443000,
        "costofgoodsandservicessold": 2410075000,
        "grossprofit": 488369000,
        "sellinggeneralandadministrativeexpense": 259653000,
        "incomelossfromequitymethodinvestments": 7977000,
        "operatingincomeloss": 292211000,
        "investmentincomenet": 10484000,
        "interestexpensenonoperating": 21459000,
        "incomelossfromcontinuingoperationsbeforeincometaxesextraordinaryitemsnoncontrollinginterest": 225719000,
        "incometaxexpensebenefit": 48984000,
        "profitloss": 176735000,
        "netincomelossattributabletononcontrollinginterest": 34000,
        "netincomeloss": 176701000,
        "earningspersharebasic": 0.32,
        "earningspersharediluted": 0.32,
        "weightedaveragenumberofsharesoutstandingbasic": 548685000,
        "weightedaveragenumberofdilutedsharesoutstanding": 549266000,
        "othercomprehensiveincomelossforeigncurrencytransactionandtranslationadjustmentnetoftax": -29075000,
        "othercomprehensiveincomelosspensionandotherpostretirementbenefitplansadjustmentnetoftax": -2008000,
        "othercomprehensiveincomelosscashflowhedgegainlossafterreclassificationandtax": -18601000,
        "ociequitymethodinvestmentaftertax": -6770000,
        "othercomprehensiveincomelossnetoftax": -52438000,
        "comprehensiveincomenetoftaxincludingportionattributabletononcontrollinginterest": 124297000,
        "comprehensiveincomenetoftaxattributabletononcontrollinginterest": -357000,
        "comprehensiveincomenetoftax": 124653000
    },
    {
        "date": "2024-04-27",
        "symbol": "HRL",
        "period": "Q2",
        "revenuefromcontractwithcustomerincludingassessedtax": 2887352000,
        "costofgoodsandservicessold": 2383546000,
        "grossprofit": 503806000,
        "sellinggeneralandadministrativeexpense": 266668000,
        "incomelossfromequitymethodinvestments": 15182000,
        "operatingincomeloss": 252320000,
        "investmentincomenet": 13497000,
        "interestexpense": 21679000,
        "incomelossfromcontinuingoperationsbeforeincometaxesextraordinaryitemsnoncontrollinginterest": 244139000,
        "incometaxexpensebenefit": 54931000,
        "profitloss": 189207000,
        "netincomelossattributabletononcontrollinginterest": -70000,
        "netincomeloss": 189278000,
        "earningspersharebasic": 0.35,
        "earningspersharediluted": 0.34,
        "weightedaveragenumberofsharesoutstandingbasic": 547868000,
        "weightedaveragenumberofdilutedsharesoutstanding": 548685000,
        "othercomprehensiveincomelossforeigncurrencytransactionandtranslationadjustmentnetoftax": -19315000,
        "othercomprehensiveincomelosspensionandotherpostretirementbenefitplansadjustmentnetoftax": -2068000,
        "othercomprehensiveincomelosscashflowhedgegainlossafterreclassificationandtax": 11998000,
        "ociequitymethodinvestmentaftertax": -6444000,
        "othercomprehensiveincomelossnetoftax": -11693000,
        "comprehensiveincomenetoftaxincludingportionattributabletononcontrollinginterest": 177515000,
        "comprehensiveincomenetoftaxattributabletononcontrollinginterest": -220000,
        "comprehensiveincomenetoftax": 177735000
    },
    {
        "date": "2024-01-27",
        "symbol": "HRL",
        "period": "Q1",
        "revenuefromcontractwithcustomerincludingassessedtax": 2996911000,
        "costofgoodsandservicessold": 2488178000,
        "grossprofit": 508733000,
        "sellinggeneralandadministrativeexpense": 240386000,
        "incomelossfromequitymethodinvestments": 16091000,
        "operatingincomeloss": 284438000,
        "investmentincomenet": 19434000,
        "interestexpense": 18326000,
        "incomelossfromcontinuingoperationsbeforeincometaxesextraordinaryitemsnoncontrollinginterest": 285547000,
        "incometaxexpensebenefit": 66818000,
        "profitloss": 218729000,
        "netincomelossattributabletononcontrollinginterest": -134000,
        "netincomeloss": 218863000,
        "earningspersharebasic": 0.4,
        "earningspersharediluted": 0.4,
        "weightedaveragenumberofsharesoutstandingbasic": 547020000,
        "weightedaveragenumberofdilutedsharesoutstanding": 547920000,
        "othercomprehensiveincomelossforeigncurrencytransactionandtranslationadjustmentnetoftax": 11459000,
        "othercomprehensiveincomelosspensionandotherpostretirementbenefitplansadjustmentnetoftax": -2129000,
        "othercomprehensiveincomelosscashflowhedgegainlossafterreclassificationandtax": 5206000,
        "ociequitymethodinvestmentaftertax": 2884000,
        "othercomprehensiveincomelossnetoftax": 21678000,
        "comprehensiveincomenetoftaxincludingportionattributabletononcontrollinginterest": 240407000,
        "comprehensiveincomenetoftaxattributabletononcontrollinginterest": 75000,
        "comprehensiveincomenetoftax": 240332000
    },
    {
        "date": "2023-10-28",
        "symbol": "HRL",
        "period": "Q4",
        "revenuefromcontractwithcustomerincludingassessedtax": 5278541000,
        "costofgoodsandservicessold": 2683655000,
        "grossprofit": 514425000,
        "sellinggeneralandadministrativeexpense": 216546000,
        "incomelossfromequitymethodinvestments": 14222000,
        "operatingincomeloss": 248464000,
        "investmentincomenet": -5872000,
        "interestexpense": 18360000,
        "incomelossfromcontinuingoperationsbeforeincometaxesextraordinaryitemsnoncontrollinginterest": 245806000,
        "incometaxexpensebenefit": 50322000,
        "profitloss": 413203000,
        "netincomelossattributabletononcontrollinginterest": -452000,
        "netincomeloss": 195935000,
        "earningspersharebasic": 0.34999999999999987,
        "earningspersharediluted": 0.34999999999999987,
        "weightedaveragenumberofsharesoutstandingbasic": 546421000,
        "weightedaveragenumberofdilutedsharesoutstanding": 548982000,
        "othercomprehensiveincomelossforeigncurrencytransactionandtranslationadjustmentnetoftax": -23773000,
        "othercomprehensiveincomelosspensionandotherpostretirementbenefitplansadjustmentnetoftax": -4264000,
        "othercomprehensiveincomelosscashflowhedgegainlossafterreclassificationandtax": -7881000,
        "othercomprehensiveincomelossnetoftax": -27387000,
        "comprehensiveincomenetoftaxincludingportionattributabletononcontrollinginterest": 164796000,
        "comprehensiveincomenetoftaxattributabletononcontrollinginterest": -498000,
        "comprehensiveincomenetoftax": 165294000
    },
    {
        "date": "2023-07-29",
        "symbol": "HRL",
        "period": "Q3",
        "revenuefromcontractwithcustomerincludingassessedtax": 2963299000,
        "costofgoodsandservicessold": 2465251000,
        "grossprofit": 498048000,
        "sellinggeneralandadministrativeexpense": 291073000,
        "incomelossfromequitymethodinvestments": 9784000,
        "operatingincomeloss": 216759000,
        "investmentincomenet": 9239000,
        "interestexpense": 18372000,
        "incomelossfromcontinuingoperationsbeforeincometaxesextraordinaryitemsnoncontrollinginterest": 207626000,
        "incometaxexpensebenefit": 45055000,
        "profitloss": 162571000,
        "netincomelossattributabletononcontrollinginterest": -108000,
        "netincomeloss": 162679000,
        "earningspersharebasic": 0.3,
        "earningspersharediluted": 0.3,
        "weightedaveragenumberofsharesoutstandingbasic": 546358000,
        "weightedaveragenumberofdilutedsharesoutstanding": 548637000,
        "othercomprehensiveincomelossforeigncurrencytransactionandtranslationadjustmentnetoftax": -10572000,
        "othercomprehensiveincomelosspensionandotherpostretirementbenefitplansadjustmentnetoftax": -2195000,
        "othercomprehensiveincomelosscashflowhedgegainlossafterreclassificationandtax": 2518000,
        "ociequitymethodinvestmentaftertax": 8733000,
        "othercomprehensiveincomelossnetoftax": 2875000,
        "comprehensiveincomenetoftaxincludingportionattributabletononcontrollinginterest": 165445000,
        "comprehensiveincomenetoftaxattributabletononcontrollinginterest": -510000,
        "comprehensiveincomenetoftax": 165955000
    },
    {
        "date": "2023-04-29",
        "symbol": "HRL",
        "period": "Q2",
        "revenuefromcontractwithcustomerincludingassessedtax": 2977639000,
        "costofgoodsandservicessold": 2486220000,
        "grossprofit": 491419000,
        "sellinggeneralandadministrativeexpense": 212492000,
        "incomelossfromequitymethodinvestments": 16870000,
        "operatingincomeloss": 295798000,
        "investmentincomenet": 1365000,
        "interestexpense": 18323000,
        "incomelossfromcontinuingoperationsbeforeincometaxesextraordinaryitemsnoncontrollinginterest": 278839000,
        "incometaxexpensebenefit": 61624000,
        "profitloss": 217215000,
        "netincomelossattributabletononcontrollinginterest": -24000,
        "netincomeloss": 217239000,
        "earningspersharebasic": 0.4,
        "earningspersharediluted": 0.4,
        "weightedaveragenumberofsharesoutstandingbasic": 546424000,
        "weightedaveragenumberofdilutedsharesoutstanding": 549013000,
        "othercomprehensiveincomelossforeigncurrencytransactionandtranslationadjustmentnetoftax": 22887000,
        "othercomprehensiveincomelosspensionandotherpostretirementbenefitplansadjustmentnetoftax": -2183000,
        "othercomprehensiveincomelosscashflowhedgegainlossafterreclassificationandtax": -19063000,
        "ociequitymethodinvestmentaftertax": 1408000,
        "othercomprehensiveincomelossnetoftax": 7416000,
        "comprehensiveincomenetoftaxincludingportionattributabletononcontrollinginterest": 224631000,
        "comprehensiveincomenetoftaxattributabletononcontrollinginterest": 18000,
        "comprehensiveincomenetoftax": 224613000
    },
    {
        "date": "2023-01-28",
        "symbol": "HRL",
        "period": "Q1",
        "revenuefromcontractwithcustomerincludingassessedtax": 890531000,
        "costofgoodsandservicessold": 2475043000,
        "grossprofit": 495949000,
        "sellinggeneralandadministrativeexpense": 222056000,
        "incomelossfromequitymethodinvestments": 1878000,
        "operatingincomeloss": 311025000,
        "investmentincomenet": 10096000,
        "interestexpense": 18347000,
        "incomelossfromcontinuingoperationsbeforeincometaxesextraordinaryitemsnoncontrollinginterest": 281201000,
        "incometaxexpensebenefit": 63551000,
        "profitloss": -69000,
        "netincomelossattributabletononcontrollinginterest": -69000,
        "netincomeloss": 217719000,
        "earningspersharebasic": 0.4,
        "earningspersharediluted": 0.4,
        "weightedaveragenumberofsharesoutstandingbasic": 546384000,
        "weightedaveragenumberofdilutedsharesoutstanding": 550031000,
        "othercomprehensiveincomelossforeigncurrencytransactionandtranslationadjustmentnetoftax": 15046000,
        "othercomprehensiveincomelosspensionandotherpostretirementbenefitplansadjustmentnetoftax": -2990000,
        "othercomprehensiveincomelosscashflowhedgegainlossafterreclassificationandtax": -14514000,
        "othercomprehensiveincomelossnetoftax": 222000,
        "comprehensiveincomenetoftaxincludingportionattributabletononcontrollinginterest": 221173000,
        "comprehensiveincomenetoftaxattributabletononcontrollinginterest": 154000,
        "comprehensiveincomenetoftax": 221019000
    },
    {
        "date": "2022-10-29",
        "symbol": "HRL",
        "period": "Q4",
        "revenuefromcontractwithcustomerincludingassessedtax": 363318000,
        "costofgoodsandservicessold": 2717058000,
        "grossprofit": 566417000,
        "sellinggeneralandadministrativeexpense": 206487000,
        "incomelossfromequitymethodinvestments": 1934000,
        "operatingincomeloss": 375865000,
        "investmentincomenet": 7933000,
        "interestexpense": 17602000,
        "incomelossfromcontinuingoperationsbeforeincometaxesextraordinaryitemsnoncontrollinginterest": 357495000,
        "incometaxexpensebenefit": 77484000,
        "profitloss": 127000,
        "netincomelossattributabletononcontrollinginterest": 127000,
        "netincomeloss": 279884000,
        "earningspersharebasic": 0.52,
        "earningspersharediluted": 0.49999999999999994,
        "weightedaveragenumberofsharesoutstandingbasic": -1088541000,
        "weightedaveragenumberofdilutedsharesoutstanding": -1098565000,
        "othercomprehensiveincomelossforeigncurrencytransactionandtranslationadjustmentnetoftax": -25161000,
        "othercomprehensiveincomelosspensionandotherpostretirementbenefitplansadjustmentnetoftax": -57944000,
        "othercomprehensiveincomelosscashflowhedgegainlossafterreclassificationandtax": -6234000,
        "othercomprehensiveincomelossnetoftax": -465000,
        "comprehensiveincomenetoftaxincludingportionattributabletononcontrollinginterest": 306560000,
        "comprehensiveincomenetoftaxattributabletononcontrollinginterest": -337000,
        "comprehensiveincomenetoftax": 306897000
    },
    {
        "date": "2022-07-30",
        "symbol": "HRL",
        "period": "Q3",
        "revenuefromcontractwithcustomerincludingassessedtax": 100841000,
        "costofgoodsandservicessold": 2528364000,
        "grossprofit": 506049000,
        "sellinggeneralandadministrativeexpense": 222147000,
        "incomelossfromequitymethodinvestments": 2582000,
        "operatingincomeloss": 316354000,
        "investmentincomenet": 14411000,
        "interestexpense": 15615000,
        "incomelossfromcontinuingoperationsbeforeincometaxesextraordinaryitemsnoncontrollinginterest": 289836000,
        "incometaxexpensebenefit": 71010000,
        "profitloss": -89000,
        "netincomelossattributabletononcontrollinginterest": -89000,
        "netincomeloss": 218915000,
        "earningspersharebasic": 0.4,
        "earningspersharediluted": 0.4,
        "weightedaveragenumberofsharesoutstandingbasic": 546077000,
        "weightedaveragenumberofdilutedsharesoutstanding": 550167000,
        "othercomprehensiveincomelossforeigncurrencytransactionandtranslationadjustmentnetoftax": -29228000,
        "othercomprehensiveincomelosspensionandotherpostretirementbenefitplansadjustmentnetoftax": -2505000,
        "othercomprehensiveincomelosscashflowhedgegainlossafterreclassificationandtax": -35138000,
        "othercomprehensiveincomelossnetoftax": -451000,
        "comprehensiveincomenetoftaxincludingportionattributabletononcontrollinginterest": 156965000,
        "comprehensiveincomenetoftaxattributabletononcontrollinginterest": -540000,
        "comprehensiveincomenetoftax": 157505000
    },
    {
        "date": "2022-04-30",
        "symbol": "HRL",
        "period": "Q2",
        "revenuefromcontractwithcustomerincludingassessedtax": 118449000,
        "costofgoodsandservicessold": 2543088000,
        "grossprofit": 553471000,
        "sellinggeneralandadministrativeexpense": 224659000,
        "incomelossfromequitymethodinvestments": 2905000,
        "operatingincomeloss": 353243000,
        "investmentincomenet": 1799000,
        "interestexpense": 14658000,
        "incomelossfromcontinuingoperationsbeforeincometaxesextraordinaryitemsnoncontrollinginterest": 321868000,
        "incometaxexpensebenefit": 60189000,
        "profitloss": 62000,
        "netincomelossattributabletononcontrollinginterest": 62000,
        "netincomeloss": 261617000,
        "earningspersharebasic": 0.48,
        "earningspersharediluted": 0.48,
        "weightedaveragenumberofsharesoutstandingbasic": 544702000,
        "weightedaveragenumberofdilutedsharesoutstanding": 550036000,
        "othercomprehensiveincomelossforeigncurrencytransactionandtranslationadjustmentnetoftax": 14071000,
        "othercomprehensiveincomelosspensionandotherpostretirementbenefitplansadjustmentnetoftax": -2603000,
        "othercomprehensiveincomelosscashflowhedgegainlossafterreclassificationandtax": 27701000,
        "othercomprehensiveincomelossnetoftax": 15000,
        "comprehensiveincomenetoftaxincludingportionattributabletononcontrollinginterest": 306054000,
        "comprehensiveincomenetoftaxattributabletononcontrollinginterest": 77000,
        "comprehensiveincomenetoftax": 305977000
    },
    {
        "date": "2022-01-29",
        "symbol": "HRL",
        "period": "Q1",
        "revenuefromcontractwithcustomerincludingassessedtax": 99315000,
        "costofgoodsandservicessold": 2505610000,
        "grossprofit": 538749000,
        "sellinggeneralandadministrativeexpense": 225972000,
        "incomelossfromequitymethodinvestments": -97000,
        "operatingincomeloss": 331699000,
        "investmentincomenet": 3869000,
        "interestexpense": 14640000,
        "incomelossfromcontinuingoperationsbeforeincometaxesextraordinaryitemsnoncontrollinginterest": 308904000,
        "incometaxexpensebenefit": 69194000,
        "profitloss": 139000,
        "netincomelossattributabletononcontrollinginterest": 139000,
        "netincomeloss": 239571000,
        "earningspersharebasic": 0.44,
        "earningspersharediluted": 0.44,
        "weightedaveragenumberofsharesoutstandingbasic": 542680000,
        "weightedaveragenumberofdilutedsharesoutstanding": 547928000,
        "othercomprehensiveincomelossforeigncurrencytransactionandtranslationadjustmentnetoftax": 925000,
        "othercomprehensiveincomelosspensionandotherpostretirementbenefitplansadjustmentnetoftax": -2535000,
        "othercomprehensiveincomelosscashflowhedgegainlossafterreclassificationandtax": 8404000,
        "othercomprehensiveincomelossnetoftax": 119000,
        "comprehensiveincomenetoftaxincludingportionattributabletononcontrollinginterest": 251574000,
        "comprehensiveincomenetoftaxattributabletononcontrollinginterest": 258000,
        "comprehensiveincomenetoftax": 251316000
    },
    {
        "date": "2021-10-30",
        "symbol": "HRL",
        "period": "Q4",
        "revenuefromcontractwithcustomerincludingassessedtax": 472850000,
        "costofgoodsandservicessold": 7017961000,
        "grossprofit": 578081000,
        "sellinggeneralandadministrativeexpense": 230441000,
        "incomelossfromequitymethodinvestments": 1489000,
        "operatingincomeloss": 369888000,
        "nonoperatingincomeexpense": 10138000,
        "interestexpense": 15589000,
        "incomelossfromcontinuingoperationsbeforeincometaxesextraordinaryitemsnoncontrollinginterest": 352230000,
        "incometaxexpensebenefit": 70479000,
        "profitloss": 11000,
        "netincomelossattributabletononcontrollinginterest": 11000,
        "netincomeloss": 281738000,
        "earningspersharebasic": 0.52,
        "earningspersharediluted": 0.51,
        "weightedaveragenumberofsharesoutstandingbasic": -1080740000,
        "weightedaveragenumberofdilutedsharesoutstanding": -1095472000,
        "othercomprehensiveincomelossforeigncurrencytransactionandtranslationadjustmentnetoftax": -10110000,
        "othercomprehensiveincomelosspensionandotherpostretirementbenefitplansadjustmentnetoftax": -59370000,
        "othercomprehensiveincomelosscashflowhedgegainlossafterreclassificationandtax": -8982000,
        "othercomprehensiveincomelossnetoftax": -12276000,
        "comprehensiveincomenetoftaxincludingportionattributabletononcontrollinginterest": 322028000,
        "comprehensiveincomenetoftaxattributabletononcontrollinginterest": 29000,
        "comprehensiveincomenetoftax": 321999000
    },
    {
        "date": "2021-07-24",
        "symbol": "HRL",
        "period": "Q3",
        "revenuefromcontractwithcustomerincludingassessedtax": 82726000,
        "costofgoodsandservicessold": 2440322000,
        "grossprofit": 423348000,
        "sellinggeneralandadministrativeexpense": 226284000,
        "incomelossfromequitymethodinvestments": 2891000,
        "operatingincomeloss": 267796000,
        "nonoperatingincomeexpense": 8457000,
        "interestexpense": 11703000,
        "incomelossfromcontinuingoperationsbeforeincometaxesextraordinaryitemsnoncontrollinginterest": 204238000,
        "incometaxexpensebenefit": 27164000,
        "profitloss": 157000,
        "netincomelossattributabletononcontrollinginterest": 157000,
        "netincomeloss": 176917000,
        "earningspersharebasic": 0.33,
        "earningspersharediluted": 0.32,
        "weightedaveragenumberofsharesoutstandingbasic": 541746000,
        "weightedaveragenumberofdilutedsharesoutstanding": 548072000,
        "othercomprehensiveincomelossforeigncurrencytransactionandtranslationadjustmentnetoftax": 12626000,
        "othercomprehensiveincomelosspensionandotherpostretirementbenefitplansadjustmentnetoftax": -4199000,
        "othercomprehensiveincomelosscashflowhedgegainlossafterreclassificationandtax": -8612000,
        "othercomprehensiveincomelossnetoftax": 113000,
        "comprehensiveincomenetoftaxincludingportionattributabletononcontrollinginterest": 185287000,
        "comprehensiveincomenetoftaxattributabletononcontrollinginterest": 270000,
        "comprehensiveincomenetoftax": 185017000
    },
    {
        "date": "2021-04-24",
        "symbol": "HRL",
        "period": "Q2",
        "revenuefromcontractwithcustomerincludingassessedtax": 2606621000,
        "costofgoodsandservicessold": 2130314000,
        "grossprofit": 476307000,
        "sellinggeneralandadministrativeexpense": 199966000,
        "incomelossfromequitymethodinvestments": 13074000,
        "operatingincomeloss": 289415000,
        "nonoperatingincomeexpense": 10992000,
        "interestexpense": 7788000,
        "incomelossfromcontinuingoperationsbeforeincometaxesextraordinaryitemsnoncontrollinginterest": 292620000,
        "incometaxexpensebenefit": 64699000,
        "profitloss": 227921000,
        "netincomelossattributabletononcontrollinginterest": 21000,
        "netincomeloss": 227901000,
        "earningspersharebasic": 0.42,
        "earningspersharediluted": 0.42,
        "weightedaveragenumberofsharesoutstandingbasic": 540195000,
        "weightedaveragenumberofdilutedsharesoutstanding": 547536000,
        "othercomprehensiveincomelossforeigncurrencytransactionandtranslationadjustmentnetoftax": -7025000,
        "othercomprehensiveincomelosspensionandotherpostretirementbenefitplansadjustmentnetoftax": -4199000,
        "othercomprehensiveincomelosscashflowhedgegainlossafterreclassificationandtax": 38029000,
        "othercomprehensiveincomelossnetoftax": 35203000,
        "comprehensiveincomenetoftaxincludingportionattributabletononcontrollinginterest": 263124000,
        "comprehensiveincomenetoftaxattributabletononcontrollinginterest": -16000,
        "comprehensiveincomenetoftax": 263140000
    },
    {
        "date": "2021-01-23",
        "symbol": "HRL",
        "period": "Q1",
        "revenuefromcontractwithcustomerincludingassessedtax": 2461147000,
        "costofgoodsandservicessold": 2010977000,
        "grossprofit": 450170000,
        "sellinggeneralandadministrativeexpense": 196380000,
        "incomelossfromequitymethodinvestments": 14228000,
        "operatingincomeloss": 268018000,
        "nonoperatingincomeexpense": 17291000,
        "interestexpense": 8227000,
        "incomelossfromcontinuingoperationsbeforeincometaxesextraordinaryitemsnoncontrollinginterest": 277082000,
        "incometaxexpensebenefit": 54687000,
        "profitloss": 222395000,
        "netincomelossattributabletononcontrollinginterest": 112000,
        "netincomeloss": 222283000,
        "earningspersharebasic": 0.41,
        "earningspersharediluted": 0.41,
        "weightedaveragenumberofsharesoutstandingbasic": 539913000,
        "weightedaveragenumberofdilutedsharesoutstanding": 547444000,
        "othercomprehensiveincomelossforeigncurrencytransactionandtranslationadjustmentnetoftax": 17888000,
        "othercomprehensiveincomelosspensionandotherpostretirementbenefitplansadjustmentnetoftax": -4199000,
        "othercomprehensiveincomelosscashflowhedgegainlossafterreclassificationandtax": 12599000,
        "othercomprehensiveincomelossnetoftax": 34686000,
        "comprehensiveincomenetoftaxincludingportionattributabletononcontrollinginterest": 257081000,
        "comprehensiveincomenetoftaxattributabletononcontrollinginterest": 417000,
        "comprehensiveincomenetoftax": 256664000
    },
    {
        "date": "2020-10-24",
        "symbol": "HRL",
        "period": "Q4",
        "revenuefromcontractwithcustomerincludingassessedtax": 2420106000,
        "costofgoodsandservicessold": 1962339000,
        "grossprofit": 457764000,
        "sellinggeneralandadministrativeexpense": 190797000,
        "incomelossfromequitymethodinvestments": 9728000,
        "operatingincomeloss": 276696000,
        "nonoperatingincomeexpense": 10306000,
        "interestexpense": 8271000,
        "incomelossfromcontinuingoperationsbeforeincometaxesextraordinaryitemsnoncontrollinginterest": 278732000,
        "incometaxexpensebenefit": 44208000,
        "profitloss": 234526000,
        "netincomelossattributabletononcontrollinginterest": 169000,
        "netincomeloss": 234357000,
        "earningspersharebasic": 0.4400000000000001,
        "earningspersharediluted": 0.4200000000000001,
        "weightedaveragenumberofsharesoutstandingbasic": -1074295000,
        "weightedaveragenumberofdilutedsharesoutstanding": -1091745000,
        "othercomprehensiveincomelossforeigncurrencytransactionandtranslationadjustmentnetoftax": 8293000,
        "othercomprehensiveincomelosspensionandotherpostretirementbenefitplansadjustmentnetoftax": -5078000,
        "othercomprehensiveincomelosscashflowhedgegainlossafterreclassificationandtax": 23546000,
        "othercomprehensiveincomelossnetoftax": 36917000,
        "comprehensiveincomenetoftaxincludingportionattributabletononcontrollinginterest": 271443000,
        "comprehensiveincomenetoftaxattributabletononcontrollinginterest": 455000,
        "comprehensiveincomenetoftax": 270988000
    },
    {
        "date": "2020-07-25",
        "symbol": "HRL",
        "period": "Q3",
        "profitloss": 203260000,
        "othercomprehensiveincomelossforeigncurrencytransactionandtranslationadjustmentnetoftax": -836000,
        "othercomprehensiveincomelosspensionandotherpostretirementbenefitplansadjustmentnetoftax": -3526000,
        "othercomprehensiveincomelosscashflowhedgegainlossafterreclassificationandtax": 13376000,
        "othercomprehensiveincomelossnetoftax": 16066000,
        "comprehensiveincomenetoftaxincludingportionattributabletononcontrollinginterest": 219326000,
        "comprehensiveincomenetoftaxattributabletononcontrollinginterest": 181000,
        "comprehensiveincomenetoftax": 219145000,
        "revenuefromcontractwithcustomerincludingassessedtax": 2381457000,
        "costofgoodsandservicessold": 1959032000,
        "grossprofit": 422426000,
        "sellinggeneralandadministrativeexpense": 181085000,
        "incomelossfromequitymethodinvestments": 8235000,
        "operatingincomeloss": 249576000,
        "nonoperatingincomeexpense": 15513000,
        "interestexpense": 5724000,
        "incomelossfromcontinuingoperationsbeforeincometaxesextraordinaryitemsnoncontrollinginterest": 259364000,
        "incometaxexpensebenefit": 56103000,
        "netincomelossattributabletononcontrollinginterest": 141000,
        "netincomeloss": 203119000,
        "earningspersharebasic": 0.38,
        "earningspersharediluted": 0.37,
        "weightedaveragenumberofsharesoutstandingbasic": 539108000,
        "weightedaveragenumberofdilutedsharesoutstanding": 547149000
    },
    {
        "date": "2020-04-25",
        "symbol": "HRL",
        "period": "Q2",
        "profitloss": 227615000,
        "othercomprehensiveincomelossforeigncurrencytransactionandtranslationadjustmentnetoftax": -26206000,
        "othercomprehensiveincomelosspensionandotherpostretirementbenefitplansadjustmentnetoftax": -3582000,
        "othercomprehensiveincomelosscashflowhedgegainlossafterreclassificationandtax": -32103000,
        "othercomprehensiveincomelossnetoftax": -54727000,
        "comprehensiveincomenetoftaxincludingportionattributabletononcontrollinginterest": 172888000,
        "comprehensiveincomenetoftaxattributabletononcontrollinginterest": -217000,
        "comprehensiveincomenetoftax": 173105000,
        "revenuefromcontractwithcustomerincludingassessedtax": 2422465000,
        "costofgoodsandservicessold": 1945113000,
        "grossprofit": 477352000,
        "sellinggeneralandadministrativeexpense": 193912000,
        "incomelossfromequitymethodinvestments": 10021000,
        "operatingincomeloss": 293460000,
        "nonoperatingincomeexpense": -3474000,
        "interestexpense": 3497000,
        "incomelossfromcontinuingoperationsbeforeincometaxesextraordinaryitemsnoncontrollinginterest": 286489000,
        "incometaxexpensebenefit": 58873000,
        "netincomelossattributabletononcontrollinginterest": -119000,
        "netincomeloss": 227734000,
        "earningspersharebasic": 0.42,
        "earningspersharediluted": 0.42,
        "weightedaveragenumberofsharesoutstandingbasic": 538119000,
        "weightedaveragenumberofdilutedsharesoutstanding": 546373000
    },
    {
        "date": "2020-01-25",
        "symbol": "HRL",
        "period": "Q1",
        "profitloss": 242953000,
        "othercomprehensiveincomelossforeigncurrencytransactionandtranslationadjustmentnetoftax": 7937000,
        "othercomprehensiveincomelosspensionandotherpostretirementbenefitplansadjustmentnetoftax": -3512000,
        "othercomprehensiveincomelosscashflowhedgegainlossafterreclassificationandtax": -5103000,
        "othercomprehensiveincomelossnetoftax": 6346000,
        "comprehensiveincomenetoftaxincludingportionattributabletononcontrollinginterest": 249299000,
        "comprehensiveincomenetoftaxattributabletononcontrollinginterest": 205000,
        "comprehensiveincomenetoftax": 249094000,
        "revenuefromcontractwithcustomerincludingassessedtax": 2384434000,
        "costofgoodsandservicessold": 1916014000,
        "grossprofit": 468421000,
        "sellinggeneralandadministrativeexpense": 195521000,
        "incomelossfromequitymethodinvestments": 7588000,
        "operatingincomeloss": 280488000,
        "nonoperatingincomeexpense": 13251000,
        "interestexpense": 3577000,
        "incomelossfromcontinuingoperationsbeforeincometaxesextraordinaryitemsnoncontrollinginterest": 290162000,
        "incometaxexpensebenefit": 47209000,
        "netincomelossattributabletononcontrollinginterest": 81000,
        "netincomeloss": 242872000,
        "earningspersharebasic": 0.45,
        "earningspersharediluted": 0.45,
        "weightedaveragenumberofsharesoutstandingbasic": 535075000,
        "weightedaveragenumberofdilutedsharesoutstanding": 544815000
    },
    {
        "date": "2019-10-26",
        "symbol": "HRL",
        "period": "Q4",
        "profitloss": 255566000,
        "othercomprehensiveincomelossforeigncurrencytransactionandtranslationadjustmentnetoftax": -15110000,
        "othercomprehensiveincomelosspensionandotherpostretirementbenefitplansadjustmentnetoftax": 104463000,
        "othercomprehensiveincomelosscashflowhedgegainlossafterreclassificationandtax": -4982000,
        "othercomprehensiveincomelossnetoftax": -124555000,
        "comprehensiveincomenetoftaxincludingportionattributabletononcontrollinginterest": 131011000,
        "comprehensiveincomenetoftaxattributabletononcontrollinginterest": -187000,
        "comprehensiveincomenetoftax": 131198000,
        "revenuefromcontractwithcustomerincludingassessedtax": 2501513000,
        "costofgoodsandservicessold": 2007790000,
        "grossprofit": 493723000,
        "sellinggeneralandadministrativeexpense": 183795000,
        "incomelossfromequitymethodinvestments": 11068000,
        "operatingincomeloss": 320996000,
        "nonoperatingincomeexpense": 5793000,
        "interestexpense": 3095000,
        "incomelossfromcontinuingoperationsbeforeincometaxesextraordinaryitemsnoncontrollinginterest": 323694000,
        "incometaxexpensebenefit": 68128000,
        "netincomelossattributabletononcontrollinginterest": 63000,
        "netincomeloss": 255503000,
        "earningspersharebasic": 0.4799999999999999,
        "earningspersharediluted": 0.47000000000000014,
        "weightedaveragenumberofsharesoutstandingbasic": -1069585000,
        "weightedaveragenumberofdilutedsharesoutstanding": -1091894000
    },
    {
        "date": "2019-07-27",
        "symbol": "HRL",
        "period": "Q3",
        "profitloss": 199427000,
        "othercomprehensiveincomelossforeigncurrencytransactionandtranslationadjustmentnetoftax": -1051000,
        "othercomprehensiveincomelosspensionandotherpostretirementbenefitplansadjustmentnetoftax": -1768000,
        "othercomprehensiveincomelosscashflowhedgegainlossafterreclassificationandtax": 2061000,
        "othercomprehensiveincomelossnetoftax": 2778000,
        "comprehensiveincomenetoftaxincludingportionattributabletononcontrollinginterest": 202205000,
        "comprehensiveincomenetoftaxattributabletononcontrollinginterest": -184000,
        "comprehensiveincomenetoftax": 202389000,
        "revenuefromcontractwithcustomerincludingassessedtax": 2290705000,
        "costofgoodsandservicessold": 1857263000,
        "grossprofit": 433442000,
        "sellinggeneralandadministrativeexpense": 180169000,
        "incomelossfromequitymethodinvestments": 3384000,
        "operatingincomeloss": 256657000,
        "nonoperatingincomeexpense": 7556000,
        "interestexpense": 3213000,
        "incomelossfromcontinuingoperationsbeforeincometaxesextraordinaryitemsnoncontrollinginterest": 261000000,
        "incometaxexpensebenefit": 61573000,
        "netincomelossattributabletononcontrollinginterest": -22000,
        "netincomeloss": 199449000,
        "earningspersharebasic": 0.37,
        "earningspersharediluted": 0.37,
        "weightedaveragenumberofsharesoutstandingbasic": 534188000,
        "weightedaveragenumberofdilutedsharesoutstanding": 543678000
    },
    {
        "date": "2019-04-27",
        "symbol": "HRL",
        "period": "Q2",
        "profitloss": 282636000,
        "othercomprehensiveincomelossforeigncurrencytransactionandtranslationadjustmentnetoftax": 5901000,
        "othercomprehensiveincomelosspensionandotherpostretirementbenefitplansadjustmentnetoftax": -1770000,
        "othercomprehensiveincomelosscashflowhedgegainlossafterreclassificationandtax": 6707000,
        "othercomprehensiveincomelossnetoftax": 14378000,
        "comprehensiveincomenetoftaxincludingportionattributabletononcontrollinginterest": 297014000,
        "comprehensiveincomenetoftaxattributabletononcontrollinginterest": 378000,
        "comprehensiveincomenetoftax": 296636000,
        "revenuefromcontractwithcustomerincludingassessedtax": 2344744000,
        "costofgoodsandservicessold": 1875595000,
        "grossprofit": 469149000,
        "sellinggeneralandadministrativeexpense": 170076000,
        "incomelossfromequitymethodinvestments": 13291000,
        "operatingincomeloss": 312364000,
        "nonoperatingincomeexpense": 11297000,
        "interestexpense": 5615000,
        "incomelossfromcontinuingoperationsbeforeincometaxesextraordinaryitemsnoncontrollinginterest": 318046000,
        "incometaxexpensebenefit": 35410000,
        "netincomelossattributabletononcontrollinginterest": 207000,
        "netincomeloss": 282429000,
        "earningspersharebasic": 0.53,
        "earningspersharediluted": 0.52,
        "weightedaveragenumberofsharesoutstandingbasic": 535480000,
        "weightedaveragenumberofdilutedsharesoutstanding": 546330000
    },
    {
        "date": "2019-01-26",
        "symbol": "HRL",
        "period": "Q1",
        "profitloss": 241519000,
        "othercomprehensiveincomelossforeigncurrencytransactionandtranslationadjustmentnetoftax": 1846000,
        "othercomprehensiveincomelosspensionandotherpostretirementbenefitplansadjustmentnetoftax": -3439000,
        "othercomprehensiveincomelosscashflowhedgegainlossafterreclassificationandtax": -361000,
        "othercomprehensiveincomelossnetoftax": 4924000,
        "comprehensiveincomenetoftaxincludingportionattributabletononcontrollinginterest": 246443000,
        "comprehensiveincomenetoftaxattributabletononcontrollinginterest": 63000,
        "comprehensiveincomenetoftax": 246380000,
        "revenuefromcontractwithcustomerincludingassessedtax": 2360355000,
        "costofgoodsandservicessold": 1872021000,
        "grossprofit": 488334000,
        "sellinggeneralandadministrativeexpense": 193544000,
        "incomelossfromequitymethodinvestments": 11458000,
        "operatingincomeloss": 306248000,
        "nonoperatingincomeexpense": 6874000,
        "interestexpense": 6147000,
        "incomelossfromcontinuingoperationsbeforeincometaxesextraordinaryitemsnoncontrollinginterest": 306975000,
        "incometaxexpensebenefit": 65456000,
        "netincomelossattributabletononcontrollinginterest": 94000,
        "netincomeloss": 241425000,
        "earningspersharebasic": 0.45,
        "earningspersharediluted": 0.44,
        "weightedaveragenumberofsharesoutstandingbasic": 534495000,
        "weightedaveragenumberofdilutedsharesoutstanding": 547118000
    },
    {
        "date": "2018-10-27",
        "symbol": "HRL",
        "period": "Q4",
        "profitloss": 261158000,
        "othercomprehensiveincomelossforeigncurrencytransactionandtranslationadjustmentnetoftax": -30032000,
        "othercomprehensiveincomelosspensionandotherpostretirementbenefitplansadjustmentnetoftax": -37496000,
        "othercomprehensiveincomelossderivativesqualifyingashedgesnetoftax": 7996000,
        "othercomprehensiveincomelossnetoftax": 16782000,
        "comprehensiveincomenetoftaxincludingportionattributabletononcontrollinginterest": 276956000,
        "comprehensiveincomenetoftaxattributabletononcontrollinginterest": -159000,
        "comprehensiveincomenetoftax": 277115000,
        "grossprofit": 537396000,
        "sellinggeneralandadministrativeexpense": 204537000,
        "incomelossfromequitymethodinvestments": 4664000,
        "operatingincomeloss": -257131000,
        "nonoperatingincomeexpense": 3439000,
        "interestexpense": 6329000,
        "incomelossfromcontinuingoperationsbeforeincometaxesextraordinaryitemsnoncontrollinginterest": 321504000,
        "incometaxexpensebenefit": 60008000,
        "netincomelossattributabletononcontrollinginterest": 90000,
        "netincomeloss": 261406000,
        "earningspersharebasic": 0.4899999999999999,
        "earningspersharediluted": 0.4700000000000002,
        "weightedaveragenumberofsharesoutstandingbasic": -1059116000,
        "weightedaveragenumberofdilutedsharesoutstanding": -1086186000
    },
    {
        "date": "2018-07-28",
        "symbol": "HRL",
        "period": "Q3",
        "profitloss": 210353000,
        "othercomprehensiveincomelossforeigncurrencytransactionandtranslationadjustmentnetoftax": -17209000,
        "othercomprehensiveincomelosspensionandotherpostretirementbenefitplansadjustmentnetoftax": -2393000,
        "othercomprehensiveincomelossderivativesqualifyingashedgesnetoftax": -9010000,
        "othercomprehensiveincomelossnetoftax": -23826000,
        "comprehensiveincomenetoftaxincludingportionattributabletononcontrollinginterest": 186527000,
        "comprehensiveincomenetoftaxattributabletononcontrollinginterest": -262000,
        "comprehensiveincomenetoftax": 186789000,
        "salesrevenuenet": 147594000,
        "costofgoodssold": 1899970000,
        "grossprofit": 459172000,
        "sellinggeneralandadministrativeexpense": 210747000,
        "incomelossfromequitymethodinvestments": 11859000,
        "operatingincomeloss": 18646000,
        "nonoperatingincomeexpense": 4601000,
        "interestexpense": 8435000,
        "incomelossfromcontinuingoperationsbeforeincometaxesextraordinaryitemsnoncontrollinginterest": 257732000,
        "incometaxexpensebenefit": 47379000,
        "netincomelossattributabletononcontrollinginterest": 110000,
        "netincomeloss": 210243000,
        "earningspersharebasic": 0.4,
        "earningspersharediluted": 0.39,
        "weightedaveragenumberofsharesoutstandingbasic": 530606000,
        "weightedaveragenumberofdilutedsharesoutstanding": 543762000,
        "commonstockdividendspersharedeclared": 0.1875
    },
    {
        "date": "2018-04-28",
        "symbol": "HRL",
        "period": "Q2",
        "profitloss": 237522000,
        "othercomprehensiveincomelossforeigncurrencytransactionandtranslationadjustmentnetoftax": 4796000,
        "othercomprehensiveincomelosspensionandotherpostretirementbenefitplansadjustmentnetoftax": -2487000,
        "othercomprehensiveincomelossderivativesqualifyingashedgesnetoftax": -613000,
        "othercomprehensiveincomelossnetoftax": 6670000,
        "comprehensiveincomenetoftaxincludingportionattributabletononcontrollinginterest": 244192000,
        "comprehensiveincomenetoftaxattributabletononcontrollinginterest": 385000,
        "comprehensiveincomenetoftax": 243807000,
        "salesrevenuenet": 160135000,
        "costofgoodssold": 1833882000,
        "grossprofit": 496686000,
        "sellinggeneralandadministrativeexpense": 203799000,
        "incomelossfromequitymethodinvestments": 12934000,
        "operatingincomeloss": 20850000,
        "nonoperatingincomeexpense": -2489000,
        "interestexpense": 7001000,
        "incomelossfromcontinuingoperationsbeforeincometaxesextraordinaryitemsnoncontrollinginterest": 296883000,
        "incometaxexpensebenefit": 59361000,
        "netincomelossattributabletononcontrollinginterest": 138000,
        "netincomeloss": 237384000,
        "earningspersharebasic": 0.45,
        "earningspersharediluted": 0.44,
        "weightedaveragenumberofsharesoutstandingbasic": 529799000,
        "weightedaveragenumberofdilutedsharesoutstanding": 542811000,
        "commonstockdividendspersharedeclared": 0.1875
    },
    {
        "date": "2018-01-27",
        "symbol": "HRL",
        "period": "Q1",
        "profitloss": 303107000,
        "othercomprehensiveincomelossforeigncurrencytransactionandtranslationadjustmentnetoftax": 4212000,
        "othercomprehensiveincomelosspensionandotherpostretirementbenefitplansadjustmentnetoftax": -2486000,
        "othercomprehensiveincomelossderivativesqualifyingashedgesnetoftax": -650000,
        "othercomprehensiveincomelossnetoftax": 149000,
        "comprehensiveincomenetoftaxincludingportionattributabletononcontrollinginterest": 309259000,
        "comprehensiveincomenetoftaxattributabletononcontrollinginterest": 253000,
        "comprehensiveincomenetoftax": 309006000,
        "salesrevenuenet": 150319000,
        "costofgoodssold": 1829114000,
        "grossprofit": 502179000,
        "sellinggeneralandadministrativeexpense": 219122000,
        "incomelossfromequitymethodinvestments": 23531000,
        "operatingincomeloss": 306588000,
        "nonoperatingincomeexpense": 3306000,
        "interestexpense": 4729000,
        "incomelossfromcontinuingoperationsbeforeincometaxesextraordinaryitemsnoncontrollinginterest": 305165000,
        "incometaxexpensebenefit": 1954000,
        "netincomelossattributabletononcontrollinginterest": 104000,
        "netincomeloss": 303107000,
        "earningspersharebasic": 0.57,
        "earningspersharediluted": 0.56,
        "weightedaveragenumberofsharesoutstandingbasic": 529453000,
        "weightedaveragenumberofdilutedsharesoutstanding": 543482000,
        "commonstockdividendspersharedeclared": 0.1875
    },
    {
        "date": "2014-04-26",
        "symbol": "HRL",
        "period": "Q2",
        "salesrevenuenet": 143991000,
        "costofgoodssold": 1866108000,
        "grossprofit": 378758000,
        "sellinggeneralandadministrativeexpense": 165785000,
        "incomelossfromequitymethodinvestments": -946000,
        "operatingincomelossincludingequitymethodinvestments": 216556000,
        "nonoperatingincomeexpense": -306000,
        "interestexpense": 3093000,
        "incomelossfromcontinuingoperationsbeforeincometaxesextraordinaryitemsnoncontrollinginterest": 213157000,
        "incometaxexpensebenefit": 72451000,
        "profitloss": 140706000,
        "netincomelossattributabletononcontrollinginterest": 616000,
        "netincomeloss": 140090000,
        "earningspersharebasic": 0.53,
        "earningspersharediluted": 0.52,
        "weightedaveragenumberofsharesoutstandingbasic": 263926000,
        "weightedaveragenumberofdilutedsharesoutstanding": 270410000,
        "commonstockdividendspersharedeclared": 0.2,
        "othercomprehensiveincomelossforeigncurrencytransactionandtranslationadjustmentnetoftax": 651000,
        "othercomprehensiveincomelosspensionandotherpostretirementbenefitplansadjustmentnetoftax": -988000,
        "othercomprehensiveincomelossderivativesqualifyingashedgesnetoftax": 6964000,
        "othercomprehensiveincomelossnetoftax": 8668000,
        "comprehensiveincomenetoftaxincludingportionattributabletononcontrollinginterest": 149309000,
        "comprehensiveincomenetoftaxattributabletononcontrollinginterest": 551000,
        "comprehensiveincomenetoftax": 148758000
    },
    {
        "date": "2014-01-25",
        "symbol": "HRL",
        "period": "Q1",
        "profitloss": 1110000,
        "othercomprehensiveincomelossforeigncurrencytransactionandtranslationadjustmentnetoftax": -2291000,
        "othercomprehensiveincomelosspensionandotherpostretirementbenefitplansadjustmentnetoftax": -1019000,
        "othercomprehensiveincomelossderivativesqualifyingashedgesnetoftax": -472000,
        "othercomprehensiveincomelossnetoftax": 28000,
        "comprehensiveincomenetoftaxincludingportionattributabletononcontrollinginterest": 152714000,
        "comprehensiveincomenetoftaxattributabletononcontrollinginterest": 1138000,
        "comprehensiveincomenetoftax": 151576000,
        "salesrevenuenet": 2242672000,
        "costofgoodssold": 1844030000,
        "grossprofit": 398642000,
        "sellinggeneralandadministrativeexpense": 166189000,
        "incomelossfromequitymethodinvestments": 4739000,
        "operatingincomelossincludingequitymethodinvestments": 237192000,
        "nonoperatingincomeexpense": 1173000,
        "interestexpense": 3094000,
        "incomelossfromcontinuingoperationsbeforeincometaxesextraordinaryitemsnoncontrollinginterest": 235271000,
        "incometaxexpensebenefit": 80813000,
        "netincomelossattributabletononcontrollinginterest": 1110000,
        "netincomeloss": 153348000,
        "earningspersharebasic": 0.58,
        "earningspersharediluted": 0.57,
        "weightedaveragenumberofsharesoutstandingbasic": 263752000,
        "weightedaveragenumberofdilutedsharesoutstanding": 270224000,
        "commonstockdividendspersharedeclared": 0.2
    },
    {
        "date": "2013-10-26",
        "symbol": "HRL",
        "period": "Q4",
        "profitloss": -238010000,
        "othercomprehensiveincomelossforeigncurrencytransactionandtranslationadjustmentnetoftax": -4000,
        "othercomprehensiveincomelosspensionandotherpostretirementbenefitplansadjustmentnetoftax": -174944000,
        "othercomprehensiveincomelossderivativesqualifyingashedgesnetoftax": 1456000,
        "othercomprehensiveincomelossnetoftax": 2056000,
        "comprehensiveincomenetoftaxincludingportionattributabletononcontrollinginterest": 334881000,
        "comprehensiveincomenetoftaxattributabletononcontrollinginterest": 1190000,
        "comprehensiveincomenetoftax": 333691000,
        "salesrevenuenet": -2475402000,
        "costofgoodssold": 1937686000,
        "grossprofit": 385516000,
        "sellinggeneralandadministrativeexpense": 147444000,
        "incomelossfromequitymethodinvestments": -14155000,
        "operatingincomelossincludingequitymethodinvestments": 240202000,
        "nonoperatingincomeexpense": 2500000,
        "interestexpense": 3095000,
        "incomelossfromcontinuingoperationsbeforeincometaxesextraordinaryitemsnoncontrollinginterest": 239607000,
        "incometaxexpensebenefit": 81122000,
        "netincomelossattributabletononcontrollinginterest": 1145000,
        "netincomeloss": 157340000,
        "earningspersharebasic": 0.6000000000000001,
        "earningspersharediluted": 0.5900000000000001,
        "weightedaveragenumberofsharesoutstandingbasic": -529100000,
        "weightedaveragenumberofdilutedsharesoutstanding": -540465000
    },
    {
        "date": "2013-07-27",
        "symbol": "HRL",
        "period": "Q3",
        "salesrevenuenet": -34236000,
        "costofgoodssold": 1829219000,
        "grossprofit": 330306000,
        "sellinggeneralandadministrativeexpense": 150999000,
        "incomelossfromequitymethodinvestments": 370000,
        "operatingincomelossincludingequitymethodinvestments": 180653000,
        "nonoperatingincomeexpense": -455000,
        "interestexpense": 3122000,
        "incomelossfromcontinuingoperationsbeforeincometaxesextraordinaryitemsnoncontrollinginterest": 177076000,
        "incometaxexpensebenefit": 63171000,
        "profitloss": 113905000,
        "netincomelossattributabletononcontrollinginterest": 270000,
        "netincomeloss": 113635000,
        "earningspersharebasic": 0.43,
        "earningspersharediluted": 0.42,
        "weightedaveragenumberofsharesoutstandingbasic": 264605000,
        "weightedaveragenumberofdilutedsharesoutstanding": 270769000,
        "commonstockdividendspersharedeclared": 0.17,
        "othercomprehensiveincomelossforeigncurrencytransactionandtranslationadjustmentnetoftax": -3613000,
        "othercomprehensiveincomelosspensionandotherpostretirementbenefitplansadjustmentnetoftax": -6484000,
        "othercomprehensiveincomelossderivativesqualifyingashedgesnetoftax": -3158000,
        "othercomprehensiveincomelossnetoftax": -287000,
        "comprehensiveincomenetoftaxincludingportionattributabletononcontrollinginterest": 113618000,
        "comprehensiveincomenetoftaxattributabletononcontrollinginterest": 376000,
        "comprehensiveincomenetoftax": 113242000
    },
    {
        "date": "2013-04-27",
        "symbol": "HRL",
        "period": "Q2",
        "salesrevenuenet": 393505000,
        "costofgoodssold": 1799885000,
        "grossprofit": 352801000,
        "sellinggeneralandadministrativeexpense": 173066000,
        "incomelossfromequitymethodinvestments": 7194000,
        "operatingincomelossincludingequitymethodinvestments": 186929000,
        "nonoperatingincomeexpense": 1116000,
        "interestexpense": 3142000,
        "incomelossfromcontinuingoperationsbeforeincometaxesextraordinaryitemsnoncontrollinginterest": 184903000,
        "incometaxexpensebenefit": 58262000,
        "profitloss": 126641000,
        "netincomelossattributabletononcontrollinginterest": 1121000,
        "netincomeloss": 125520000,
        "earningspersharebasic": 0.47,
        "earningspersharediluted": 0.46,
        "weightedaveragenumberofsharesoutstandingbasic": 264868000,
        "weightedaveragenumberofdilutedsharesoutstanding": 270780000,
        "commonstockdividendspersharedeclared": 0.17,
        "othercomprehensiveincomelossforeigncurrencytransactionandtranslationadjustmentnetoftax": 413000,
        "othercomprehensiveincomelosspensionandotherpostretirementbenefitplansadjustmentnetoftax": -5482000,
        "othercomprehensiveincomelossderivativesqualifyingashedgesnetoftax": -6571000,
        "othercomprehensiveincomelossnetoftax": -676000,
        "comprehensiveincomenetoftaxincludingportionattributabletononcontrollinginterest": 125965000,
        "comprehensiveincomenetoftaxattributabletononcontrollinginterest": 1159000,
        "comprehensiveincomenetoftax": 124806000
    },
    {
        "date": "2013-01-26",
        "symbol": "HRL",
        "period": "Q1",
        "salesrevenuenet": 2116241000,
        "costofgoodssold": 1772048000,
        "grossprofit": 344193000,
        "sellinggeneralandadministrativeexpense": 155831000,
        "incomelossfromequitymethodinvestments": 9843000,
        "operatingincomelossincludingequitymethodinvestments": 198205000,
        "nonoperatingincomeexpense": 1810000,
        "interestexpense": 3094000,
        "incomelossfromcontinuingoperationsbeforeincometaxesextraordinaryitemsnoncontrollinginterest": 196921000,
        "incometaxexpensebenefit": 65876000,
        "profitloss": 1329000,
        "netincomelossattributabletononcontrollinginterest": 1329000,
        "netincomeloss": 129716000,
        "earningspersharebasic": 0.49,
        "earningspersharediluted": 0.48,
        "weightedaveragenumberofsharesoutstandingbasic": 263944000,
        "weightedaveragenumberofdilutedsharesoutstanding": 269140000,
        "commonstockdividendspersharedeclared": 0.17,
        "othercomprehensiveincomelossforeigncurrencytransactionandtranslationadjustmentnetoftax": 384000,
        "othercomprehensiveincomelosspensionandotherpostretirementbenefitplansadjustmentnetoftax": -5554000,
        "othercomprehensiveincomelossderivativesqualifyingashedgesnetoftax": -6812000,
        "othercomprehensiveincomelossnetoftax": -889000,
        "comprehensiveincomenetoftaxincludingportionattributabletononcontrollinginterest": 130171000,
        "comprehensiveincomenetoftaxattributabletononcontrollinginterest": 1344000,
        "comprehensiveincomenetoftax": 128827000
    },
    {
        "date": "2012-10-27",
        "symbol": "HRL",
        "period": "Q4",
        "salesrevenuenet": -1613159000,
        "costofgoodssold": 1818405000,
        "grossprofit": 351779000,
        "sellinggeneralandadministrativeexpense": 159685000,
        "incomelossfromequitymethodinvestments": 10051000,
        "operatingincomelossincludingequitymethodinvestments": 202145000,
        "nonoperatingincomeexpense": 1748000,
        "interestexpense": 3155000,
        "incomelossfromcontinuingoperationsbeforeincometaxesextraordinaryitemsnoncontrollinginterest": 200738000,
        "incometaxexpensebenefit": 66452000,
        "profitloss": -365764000,
        "netincomelossattributabletononcontrollinginterest": 1685000,
        "earningspersharebasic": 0.5,
        "earningspersharediluted": 0.4900000000000002,
        "weightedaveragenumberofsharesoutstandingbasic": -527449000,
        "weightedaveragenumberofdilutedsharesoutstanding": -538524000
    },
    {
        "date": "2012-07-28",
        "symbol": "HRL",
        "period": "Q3",
        "salesrevenuenet": -32327000,
        "costofgoodssold": 1701132000,
        "grossprofit": 307056000,
        "sellinggeneralandadministrativeexpense": 145022000,
        "incomelossfromequitymethodinvestments": 9823000,
        "operatingincomelossincludingequitymethodinvestments": 171857000,
        "nonoperatingincomeexpense": 844000,
        "interestexpense": 3207000,
        "incomelossfromcontinuingoperationsbeforeincometaxesextraordinaryitemsnoncontrollinginterest": 169494000,
        "incometaxexpensebenefit": 57087000,
        "profitloss": 112407000,
        "netincomelossattributabletononcontrollinginterest": 1240000,
        "netincomeloss": 111167000,
        "earningspersharebasic": 0.42,
        "earningspersharediluted": 0.41,
        "weightedaveragenumberofsharesoutstandingbasic": 263359000,
        "weightedaveragenumberofdilutedsharesoutstanding": 268746000,
        "commonstockdividendspersharedeclared": 0.15
    },
    {
        "date": "2012-04-28",
        "symbol": "HRL",
        "period": "Q2",
        "salesrevenuenet": 96891000,
        "costofgoodssold": 1677252000,
        "grossprofit": 335607000,
        "sellinggeneralandadministrativeexpense": 148684000,
        "incomelossfromequitymethodinvestments": 7816000,
        "operatingincomelossincludingequitymethodinvestments": 194739000,
        "nonoperatingincomeexpense": 2338000,
        "interestexpense": 3283000,
        "incomelossfromcontinuingoperationsbeforeincometaxesextraordinaryitemsnoncontrollinginterest": 193794000,
        "incometaxexpensebenefit": 64859000,
        "profitloss": 128935000,
        "netincomelossattributabletononcontrollinginterest": 1048000,
        "netincomelossavailabletocommonstockholdersbasic": 127887000,
        "earningspersharebasic": 0.49,
        "earningspersharediluted": 0.48,
        "weightedaveragenumberofsharesoutstandingbasic": 263610000,
        "weightedaveragenumberofdilutedsharesoutstanding": 269061000,
        "commonstockdividendspersharedeclared": 0.15
    },
    {
        "date": "2012-01-28",
        "symbol": "HRL",
        "period": "Q1",
        "salesrevenuenet": 2039439000,
        "costofgoodssold": 1702030000,
        "grossprofit": 337409000,
        "sellinggeneralandadministrativeexpense": 152477000,
        "incomelossfromequitymethodinvestments": 11001000,
        "operatingincomelossincludingequitymethodinvestments": 195933000,
        "nonoperatingincomeexpense": 1590000,
        "interestexpense": 3214000,
        "incomelossfromcontinuingoperationsbeforeincometaxesextraordinaryitemsnoncontrollinginterest": 194309000,
        "incometaxexpensebenefit": 64976000,
        "profitloss": 129333000,
        "netincomelossattributabletononcontrollinginterest": 938000,
        "netincomelossavailabletocommonstockholdersbasic": 128395000,
        "earningspersharebasic": 0.49,
        "earningspersharediluted": 0.48,
        "weightedaveragenumberofsharesoutstandingbasic": 263946000,
        "weightedaveragenumberofdilutedsharesoutstanding": 269608000,
        "commonstockdividendspersharedeclared": 0.15
    },
    {
        "date": "2011-10-29",
        "symbol": "HRL",
        "period": "Q4",
        "salesrevenuenet": -3501824000,
        "costofgoodssold": 1767872000,
        "grossprofit": 336026000,
        "sellinggeneralandadministrativeexpense": 156694000,
        "incomelossfromequitymethodinvestments": -19037000,
        "operatingincomelossincludingequitymethodinvestments": 186950000,
        "nonoperatingincomeexpense": -3338000,
        "interestexpense": 3273000,
        "incometaxexpensebenefit": 61844000,
        "profitloss": -355700000,
        "netincomelossattributabletononcontrollinginterest": 1186000,
        "earningspersharebasic": 0.44000000000000017,
        "earningspersharediluted": 0.4299999999999998,
        "weightedaveragenumberofsharesoutstandingbasic": -534298000,
        "weightedaveragenumberofdilutedsharesoutstanding": -545431000
    },
    {
        "date": "2011-07-30",
        "symbol": "HRL",
        "period": "Q3",
        "salesrevenuenet": 84516000,
        "costofgoodssold": 1612737000,
        "grossprofit": 297855000,
        "sellinggeneralandadministrativeexpense": 156595000,
        "incomelossfromequitymethodinvestments": 5562000,
        "operatingincomelossincludingequitymethodinvestments": 146822000,
        "nonoperatingincomeexpense": 139000,
        "interestexpense": 5623000,
        "incomelossfromcontinuingoperationsbeforeincometaxesextraordinaryitemsnoncontrollinginterest": 141338000,
        "incometaxexpensebenefit": 41374000,
        "profitloss": 99964000,
        "netincomelossattributabletononcontrollinginterest": 1483000,
        "netincomeloss": 98481000,
        "earningspersharebasic": 0.37,
        "earningspersharediluted": 0.36,
        "weightedaveragenumberofsharesoutstandingbasic": 266925000,
        "weightedaveragenumberofdilutedsharesoutstanding": 272759000,
        "commonstockdividendspersharedeclared": 0.1275
    },
    {
        "date": "2011-04-30",
        "symbol": "HRL",
        "period": "Q2",
        "salesrevenuenet": 1959041000,
        "costofgoodssold": 1632814000,
        "grossprofit": 326227000,
        "sellinggeneralandadministrativeexpense": 160136000,
        "incomelossfromequitymethodinvestments": 6672000,
        "operatingincomelossincludingequitymethodinvestments": 172763000,
        "nonoperatingincomeexpense": 1972000,
        "interestexpense": 7187000,
        "incomelossbeforeincometaxes": 167548000,
        "incometaxexpensebenefit": 56846000,
        "profitloss": 110702000,
        "netincomelossattributabletononcontrollinginterest": 1123000,
        "netincomeloss": 109579000,
        "earningspersharebasic": 0.41,
        "earningspersharediluted": 0.4,
        "weightedaveragenumberofsharesoutstandingbasic": 267207000,
        "weightedaveragenumberofdilutedsharesoutstanding": 272847000,
        "commonstockdividendspersharedeclared": 0.1275
    },
    {
        "date": "2011-01-29",
        "symbol": "HRL",
        "period": "Q1",
        "salesrevenuenet": 1921558000,
        "costofgoodssold": 1547553000,
        "grossprofit": 374005000,
        "sellinggeneralandadministrativeexpense": 145161000,
        "incomelossfromequitymethodinvestments": 6905000,
        "operatingincomelossincludingequitymethodinvestments": 235749000,
        "nonoperatingincomeexpense": 441000,
        "interestexpense": 6579000,
        "incomelossbeforeincometaxes": 229611000,
        "incometaxexpensebenefit": 79576000,
        "profitloss": 150035000,
        "netincomelossattributabletononcontrollinginterest": 1209000,
        "netincomeloss": 148826000,
        "earningspersharebasic": 0.56,
        "earningspersharediluted": 0.55,
        "weightedaveragenumberofsharesoutstandingbasic": 266560000,
        "weightedaveragenumberofdilutedsharesoutstanding": 271740000,
        "commonstockdividendspersharedeclared": 0.1275
    },
    {
        "date": "2010-07-24",
        "symbol": "HRL",
        "period": "Q3",
        "salesrevenuenet": 1730451000,
        "costofgoodssold": 1445536000,
        "grossprofit": 284915000,
        "sellinggeneralandadministrativeexpense": 146523000,
        "incomelossfromequitymethodinvestments": 2222000,
        "operatingincomelossincludingequitymethodinvestments": 140614000,
        "nonoperatingincomeexpense": 310000,
        "interestexpense": 6493000,
        "incomelossbeforeincometaxes": 134431000,
        "incometaxexpensebenefit": 48067000,
        "profitloss": 86364000,
        "netincomelossattributabletononcontrollinginterest": 994000,
        "netincomeloss": 85370000,
        "earningspersharebasic": 0.64,
        "earningspersharediluted": 0.63,
        "weightedaveragenumberofsharesoutstandingbasic": 133201000,
        "weightedaveragenumberofdilutedsharesoutstanding": 135163000,
        "commonstockdividendspersharedeclared": 0.21
    }
]