[
    {
        "date": "2024-03-30",
        "symbol": "IDXX",
        "period": "Q1",
        "revenuefromcontractwithcustomerexcludingassessedtax": 543049000,
        "costofrevenue": 176770000,
        "grossprofit": 593070000,
        "sellingandmarketingexpense": 149453000,
        "generalandadministrativeexpense": 92024000,
        "researchanddevelopmentexpense": 52635000,
        "operatingincomeloss": 298958000,
        "interestexpense": 7911000,
        "interestandotherincome": 4432000,
        "incomelossfromcontinuingoperationsbeforeincometaxesextraordinaryitemsnoncontrollinginterest": 295479000,
        "incometaxexpensebenefit": 59900000,
        "netincomeloss": 235579000,
        "earningspersharebasic": 2.84,
        "earningspersharediluted": 2.81,
        "weightedaveragenumberofsharesoutstandingbasic": 83096000,
        "weightedaveragenumberofdilutedsharesoutstanding": 83957000,
        "othercomprehensiveincomeforeigncurrencytransactionandtranslationadjustmentnetoftaxportionattributabletoparent": -19773000,
        "othercomprehensiveincomedefinedbenefitplansadjustmentnetoftaxportionattributabletoparent": -94000,
        "othercomprehensiveincomelossnetinvestmenthedgeeurodenominatednotesgainlossafterreclassificationandtaxattributabletoparent": 1618000,
        "othercomprehensiveincomeunrealizedholdinggainlossonsecuritiesarisingduringperiodnetoftax": 1000,
        "ocidebtsecuritiesavailableforsalegainlossreclassificationaftertax": -163000,
        "othercomprehensiveincomelosscashflowhedgeforeignexchangecontractgainlossbeforereclassificationaftertax": 5848000,
        "othercomprehensiveincomelossnetinvestmenthedgecrosscurrencyswapsgainlossbeforereclassificationaftertax": 2049000,
        "othercomprehensiveincomelosscashflowhedgeinterestrateswapgainlossbeforereclassificationaftertax": 2106000,
        "othercomprehensiveincomelosscashflowhedgegainlossreclassificationaftertax": 1297000,
        "othercomprehensiveincomelosscashflowhedgeandnetinvestmenthedgegainlossafterreclassificationandtax": 8706000,
        "othercomprehensiveincomelossnetoftaxportionattributabletoparent": -9191000,
        "comprehensiveincomenetoftax": 226388000,
        "othercomprehensiveincomedefinedbenefitplanstaxportionattributabletoparent": -19000,
        "othercomprehensiveincomelossnetinvestmenthedgeeurodenominatednotesgainlossafterreclassificationtaxattributabletoparent": 505000,
        "ocidebtsecuritiesavailableforsalegainlossreclassificationtax": -51000,
        "othercomprehensiveincomelosscashflowhedgeforeignexchangecontractgainlossbeforereclassificationtax": 2252000,
        "othercomprehensiveincomelossnetinvestmenthedgecrosscurrencyswapsgainlossbeforereclassificationtax": 638000,
        "othercomprehensiveincomelosscashflowhedgeinterestrateswapgainlossbeforereclassificationtax": 656000,
        "othercomprehensiveincomelosscashflowhedgegainlossreclassificationtax": 470000
    },
    {
        "date": "2023-12-30",
        "symbol": "IDXX",
        "period": "Q4",
        "revenuefromcontractwithcustomerexcludingassessedtax": 521825000,
        "costofrevenue": 185815000,
        "grossprofit": 526167000,
        "sellingandmarketingexpense": 142032000,
        "generalandadministrativeexpense": 87021000,
        "researchanddevelopmentexpense": 51812000,
        "operatingincomeloss": 245302000,
        "interestexpense": 9265000,
        "interestandotherincome": 3631000,
        "incomelossfromcontinuingoperationsbeforeincometaxesextraordinaryitemsnoncontrollinginterest": 239668000,
        "incometaxexpensebenefit": 45147000,
        "netincomeloss": 194521000,
        "earningspersharebasic": 2.34,
        "earningspersharediluted": 2.3100000000000005,
        "weightedaveragenumberofsharesoutstandingbasic": 83066000,
        "weightedaveragenumberofdilutedsharesoutstanding": 83978000,
        "othercomprehensiveincomelossforeigncurrencytransactionandtranslationadjustmentnetoftax": 24664000,
        "othercomprehensiveincomelossreclassificationadjustmentfromaocipensionandotherpostretirementbenefitplansnetoftax": 124000,
        "othercomprehensiveincomelossnetinvestmenthedgeeurodenominatednotesgainlossafterreclassificationandtax": -3089000,
        "othercomprehensiveincomeunrealizedholdinggainlossonsecuritiesarisingduringperiodnetoftax": 2000,
        "othercomprehensiveincomelosscashflowhedgeforeignexchangecontractgainlossbeforereclassificationaftertax": -8097000,
        "othercomprehensiveincomelossnetinvestmenthedgecrosscurrencyswapsgainlossbeforereclassificationaftertax": -4471000,
        "othercomprehensiveincomelosscashflowhedgeinterestrateswapgainlossbeforereclassificationaftertax": -2123000,
        "othercomprehensiveincomelosscashflowhedgegainlossreclassificationaftertax": 2023000,
        "othercomprehensiveincomelosscashflowhedgeandnetinvestmenthedgegainlossafterreclassificationandtax": -16714000,
        "comprehensiveincomenetoftax": 198206000,
        "othercomprehensiveincomelossreclassificationadjustmentfromaocipensionandotherpostretirementbenefitplanstax": -186000,
        "othercomprehensiveincomelossnetinvestmenthedgeeurodenominatednotesgainlossafterreclassificationtax": -963000,
        "othercomprehensiveincomelosscashflowhedgeforeignexchangecontractgainlossbeforereclassificationtax": -2928000,
        "othercomprehensiveincomelossnetinvestmenthedgecrosscurrencyswapsgainlossbeforereclassificationtax": -1393000,
        "othercomprehensiveincomelosscashflowhedgegainlossreclassificationtax": 754000
    },
    {
        "date": "2023-09-29",
        "symbol": "IDXX",
        "period": "Q3",
        "revenuefromcontractwithcustomerexcludingassessedtax": 1527843000,
        "costofrevenue": 532487000,
        "grossprofit": 547982000,
        "sellingandmarketingexpense": 135698000,
        "generalandadministrativeexpense": 89034000,
        "researchanddevelopmentexpense": 47967000,
        "operatingincomeloss": 852592000,
        "interestexpense": 32033000,
        "interestandotherincome": 1255000,
        "incomelossfromcontinuingoperationsbeforeincometaxesextraordinaryitemsnoncontrollinginterest": 267891000,
        "incometaxexpensebenefit": 171041000,
        "netincomeloss": 650818000,
        "earningspersharebasic": 2.55,
        "earningspersharediluted": 2.5300000000000002,
        "weightedaveragenumberofsharesoutstandingbasic": 19000,
        "weightedaveragenumberofdilutedsharesoutstanding": 10000,
        "othercomprehensiveincomelossforeigncurrencytransactionandtranslationadjustmentnetoftax": -12949000,
        "othercomprehensiveincomelossreclassificationadjustmentfromaocipensionandotherpostretirementbenefitplansnetoftax": 98000,
        "othercomprehensiveincomelossnetinvestmenthedgeeurodenominatednotesgainlossafterreclassificationandtax": 2331000,
        "othercomprehensiveincomeunrealizedholdinggainlossonsecuritiesarisingduringperiodnetoftax": -1000,
        "othercomprehensiveincomelosscashflowhedgeforeignexchangecontractgainlossbeforereclassificationaftertax": 7645000,
        "othercomprehensiveincomelossnetinvestmenthedgecrosscurrencyswapsgainlossbeforereclassificationaftertax": 1858000,
        "othercomprehensiveincomelosscashflowhedgeinterestrateswapgainlossbeforereclassificationaftertax": 1749000,
        "othercomprehensiveincomelosscashflowhedgegainlossreclassificationaftertax": 1957000,
        "othercomprehensiveincomelosscashflowhedgeandnetinvestmenthedgegainlossafterreclassificationandtax": 9295000,
        "comprehensiveincomenetoftax": 211005000,
        "othercomprehensiveincomelossreclassificationadjustmentfromaocipensionandotherpostretirementbenefitplanstax": 21000,
        "othercomprehensiveincomelossnetinvestmenthedgeeurodenominatednotesgainlossafterreclassificationtax": 727000,
        "othercomprehensiveincomelosscashflowhedgeforeignexchangecontractgainlossbeforereclassificationtax": 2765000,
        "othercomprehensiveincomelossnetinvestmenthedgecrosscurrencyswapsgainlossbeforereclassificationtax": 579000,
        "othercomprehensiveincomelosscashflowhedgegainlossreclassificationtax": 701000
    },
    {
        "date": "2023-06-29",
        "symbol": "IDXX",
        "period": "Q2",
        "revenuefromcontractwithcustomerexcludingassessedtax": 20816000,
        "costofrevenue": -212000,
        "grossprofit": 572850000,
        "sellingandmarketingexpense": 140532000,
        "generalandadministrativeexpense": 89669000,
        "researchanddevelopmentexpense": 46505000,
        "operatingincomeloss": -1136000,
        "interestexpense": -12844000,
        "interestandotherincome": 327000,
        "incomelossfromcontinuingoperationsbeforeincometaxesextraordinaryitemsnoncontrollinginterest": 285929000,
        "incometaxexpensebenefit": -34000,
        "netincomeloss": -178000,
        "earningspersharebasic": 2.7,
        "earningspersharediluted": 2.67,
        "weightedaveragenumberofsharesoutstandingbasic": 47000,
        "weightedaveragenumberofdilutedsharesoutstanding": 21000,
        "othercomprehensiveincomelossforeigncurrencytransactionandtranslationadjustmentnetoftax": 1752000,
        "othercomprehensiveincomelossreclassificationadjustmentfromaocipensionandotherpostretirementbenefitplansnetoftax": 178000,
        "othercomprehensiveincomelossnetinvestmenthedgeeurodenominatednotesgainlossafterreclassificationandtax": -353000,
        "othercomprehensiveincomeunrealizedholdinggainlossonsecuritiesarisingduringperiodnetoftax": 1000,
        "othercomprehensiveincomelosscashflowhedgeforeignexchangecontractgainlossbeforereclassificationaftertax": -131000,
        "othercomprehensiveincomelossnetinvestmenthedgecrosscurrencyswapsgainlossbeforereclassificationaftertax": -1776000,
        "othercomprehensiveincomelosscashflowhedgeinterestrateswapgainlossbeforereclassificationaftertax": 3550000,
        "othercomprehensiveincomelosscashflowhedgegainlossreclassificationaftertax": 271000,
        "othercomprehensiveincomelosscashflowhedgeandnetinvestmenthedgegainlossafterreclassificationandtax": 1372000,
        "othercomprehensiveincomelossnetoftax": 2950000,
        "comprehensiveincomenetoftax": 227186000,
        "othercomprehensiveincomelossreclassificationadjustmentfromaocipensionandotherpostretirementbenefitplanstax": 34000,
        "othercomprehensiveincomelossnetinvestmenthedgeeurodenominatednotesgainlossafterreclassificationtax": -110000,
        "othercomprehensiveincomelossavailableforsalesecuritiestax": 0,
        "othercomprehensiveincomelosscashflowhedgeforeignexchangecontractgainlossbeforereclassificationtax": 46000,
        "othercomprehensiveincomelossnetinvestmenthedgecrosscurrencyswapsgainlossbeforereclassificationtax": -553000,
        "othercomprehensiveincomelosscashflowhedgeinterestrateswapgainlossbeforereclassificationtax": 1107000,
        "othercomprehensiveincomelosscashflowhedgegainlossreclassificationtax": 127000
    },
    {
        "date": "2023-03-30",
        "symbol": "IDXX",
        "period": "Q1",
        "revenuefromcontractwithcustomerexcludingassessedtax": 19452000,
        "costofrevenue": -139000,
        "grossprofit": 542971000,
        "sellingandmarketingexpense": 147804000,
        "generalandadministrativeexpense": 70101000,
        "researchanddevelopmentexpense": 44667000,
        "operatingincomeloss": 370000,
        "interestexpense": 13127000,
        "interestandotherincome": 416000,
        "incomelossfromcontinuingoperationsbeforeincometaxesextraordinaryitemsnoncontrollinginterest": 267688000,
        "incometaxexpensebenefit": -20000,
        "netincomeloss": -119000,
        "earningspersharebasic": 2.58,
        "earningspersharediluted": 2.55,
        "weightedaveragenumberofsharesoutstandingbasic": 82992000,
        "weightedaveragenumberofdilutedsharesoutstanding": 83959000,
        "othercomprehensiveincomelossforeigncurrencytransactionandtranslationadjustmentnetoftax": 4258000,
        "othercomprehensiveincomelossreclassificationadjustmentfromaocipensionandotherpostretirementbenefitplansnetoftax": 119000,
        "othercomprehensiveincomelossnetinvestmenthedgeeurodenominatednotesgainlossafterreclassificationandtax": -1490000,
        "othercomprehensiveincomeunrealizedholdinggainlossonsecuritiesarisingduringperiodnetoftax": 6000,
        "othercomprehensiveincomelosscashflowhedgeforeignexchangecontractgainlossbeforereclassificationaftertax": -209000,
        "othercomprehensiveincomelossnetinvestmenthedgecrosscurrencyswapsgainlossbeforereclassificationaftertax": -1240000,
        "othercomprehensiveincomelosscashflowhedgeinterestrateswapgainlossbeforereclassificationaftertax": -45000,
        "othercomprehensiveincomelosscashflowhedgegainlossreclassificationaftertax": 218000,
        "othercomprehensiveincomelosscashflowhedgeandnetinvestmenthedgegainlossafterreclassificationandtax": -1712000,
        "othercomprehensiveincomelossnetoftax": 1181000,
        "comprehensiveincomenetoftax": 215235000,
        "othercomprehensiveincomelossreclassificationadjustmentfromaocipensionandotherpostretirementbenefitplanstax": 20000,
        "othercomprehensiveincomelossnetinvestmenthedgeeurodenominatednotesgainlossafterreclassificationtax": -465000,
        "othercomprehensiveincomelossavailableforsalesecuritiestax": 2000,
        "othercomprehensiveincomelosscashflowhedgeforeignexchangecontractgainlossbeforereclassificationtax": -26000,
        "othercomprehensiveincomelossnetinvestmenthedgecrosscurrencyswapsgainlossbeforereclassificationtax": -387000,
        "othercomprehensiveincomelosscashflowhedgeinterestrateswapgainlossbeforereclassificationtax": -14000,
        "othercomprehensiveincomelosscashflowhedgegainlossreclassificationtax": 117000
    },
    {
        "date": "2022-12-30",
        "symbol": "IDXX",
        "period": "Q4",
        "revenuefromcontractwithcustomerexcludingassessedtax": 264023000,
        "costofrevenue": -153000,
        "grossprofit": 484927000,
        "sellingandmarketingexpense": 131935000,
        "generalandadministrativeexpense": 83047000,
        "researchanddevelopmentexpense": 43418000,
        "operatingincomeloss": 3300000,
        "interestexpense": 13547000,
        "interestandotherincome": 235000,
        "incomelossfromcontinuingoperationsbeforeincometaxesextraordinaryitemsnoncontrollinginterest": 213215000,
        "incometaxexpensebenefit": 173000,
        "profitloss": -128000,
        "netincomeloss": 172207000,
        "earningspersharebasic": 2.079999999999999,
        "earningspersharediluted": 2.0599999999999983,
        "weightedaveragenumberofsharesoutstandingbasic": -232000,
        "weightedaveragenumberofdilutedsharesoutstanding": -258000,
        "othercomprehensiveincomelossforeigncurrencytransactionandtranslationadjustmentnetoftax": 33332000,
        "othercomprehensiveincomelossnetinvestmenthedgeeurodenominatednotesgainlossafterreclassificationandtax": -6503000,
        "othercomprehensiveincomeunrealizedholdinggainlossonsecuritiesarisingduringperiodnetoftax": 6000,
        "othercomprehensiveincomelosscashflowhedgegainlossbeforereclassificationaftertax": -12079000,
        "othercomprehensiveincomelossnetinvestmenthedgecrosscurrencyswapsgainlossbeforereclassificationaftertax": -6780000,
        "othercomprehensiveincomelosscashflowhedgegainlossreclassificationaftertax": 6780000,
        "othercomprehensiveincomelosscashflowhedgeandnetinvestmenthedgegainlossafterreclassificationandtax": -25639000,
        "othercomprehensiveincomelossnetoftax": 3098000,
        "comprehensiveincomenetoftaxincludingportionattributabletononcontrollinginterest": 175305000,
        "comprehensiveincomenetoftax": 175305000,
        "othercomprehensiveincomelossnetinvestmenthedgeeurodenominatednotesgainlossafterreclassificationtax": -2027000,
        "othercomprehensiveincomelossavailableforsalesecuritiestax": 1000,
        "othercomprehensiveincomelosscashflowhedgegainlossbeforereclassificationtax": -4414000,
        "othercomprehensiveincomelossnetinvestmenthedgecrosscurrencyswapsgainlossbeforereclassificationtax": -2113000,
        "othercomprehensiveincomelosscashflowhedgegainlossreclassificationtax": 2301000
    },
    {
        "date": "2022-09-29",
        "symbol": "IDXX",
        "period": "Q3",
        "revenuefromcontractwithcustomerexcludingassessedtax": 18693000,
        "costofrevenue": -2377000,
        "grossprofit": 506626000,
        "sellingandmarketingexpense": 130021000,
        "generalandadministrativeexpense": 83764000,
        "researchanddevelopmentexpense": 91234000,
        "operatingincomeloss": -1030000,
        "interestexpense": 10998000,
        "interestandotherincome": 353000,
        "incomelossfromcontinuingoperationsbeforeincometaxesextraordinaryitemsnoncontrollinginterest": 234183000,
        "incometaxexpensebenefit": -633000,
        "profitloss": -1744000,
        "netincomeloss": 180938000,
        "earningspersharebasic": 2.17,
        "earningspersharediluted": 2.14,
        "weightedaveragenumberofsharesoutstandingbasic": -84477000,
        "weightedaveragenumberofdilutedsharesoutstanding": -85564000,
        "othercomprehensiveincomelossforeigncurrencytransactionandtranslationadjustmentnetoftax": -31220000,
        "othercomprehensiveincomelossnetinvestmenthedgeeurodenominatednotesgainlossafterreclassificationandtax": 5495000,
        "othercomprehensiveincomeunrealizedholdinggainlossonsecuritiesarisingduringperiodnetoftax": -10000,
        "othercomprehensiveincomelosscashflowhedgegainlossbeforereclassificationaftertax": 13490000,
        "othercomprehensiveincomelossnetinvestmenthedgecrosscurrencyswapsgainlossbeforereclassificationaftertax": 5319000,
        "othercomprehensiveincomelosscashflowhedgegainlossreclassificationaftertax": 6381000,
        "othercomprehensiveincomelosscashflowhedgeandnetinvestmenthedgegainlossafterreclassificationandtax": 12428000,
        "othercomprehensiveincomelossnetoftax": -13189000,
        "comprehensiveincomenetoftaxincludingportionattributabletononcontrollinginterest": 167749000,
        "comprehensiveincomenetoftax": 167749000,
        "othercomprehensiveincomelossnetinvestmenthedgeeurodenominatednotesgainlossafterreclassificationtax": 1713000,
        "othercomprehensiveincomelossavailableforsalesecuritiestax": -3000,
        "othercomprehensiveincomelosscashflowhedgegainlossbeforereclassificationtax": 4634000,
        "othercomprehensiveincomelossnetinvestmenthedgecrosscurrencyswapsgainlossbeforereclassificationtax": 1657000,
        "othercomprehensiveincomelosscashflowhedgegainlossreclassificationtax": 3474000
    },
    {
        "date": "2022-06-29",
        "symbol": "IDXX",
        "period": "Q2",
        "revenuefromcontractwithcustomerexcludingassessedtax": 19095000,
        "costofrevenue": -311000,
        "grossprofit": 514032000,
        "sellingandmarketingexpense": 130257000,
        "generalandadministrativeexpense": 81488000,
        "researchanddevelopmentexpense": 80000000,
        "operatingincomeloss": 1390000,
        "interestexpense": 8317000,
        "interestandotherincome": 334000,
        "incomelossfromcontinuingoperationsbeforeincometaxesextraordinaryitemsnoncontrollinginterest": 171083000,
        "incometaxexpensebenefit": -51000,
        "profitloss": -260000,
        "netincomeloss": 131979000,
        "earningspersharebasic": 1.57,
        "earningspersharediluted": 1.56,
        "weightedaveragenumberofsharesoutstandingbasic": 83922000,
        "weightedaveragenumberofdilutedsharesoutstanding": 84858000,
        "othercomprehensiveincomelossforeigncurrencytransactionandtranslationadjustmentnetoftax": -31081000,
        "othercomprehensiveincomelosspensionandotherpostretirementbenefitplansadjustmentbeforereclassificationadjustmentsnetoftax": 5056000,
        "othercomprehensiveincomelossreclassificationadjustmentfromaocipensionandotherpostretirementbenefitplansnetoftax": 260000,
        "othercomprehensiveincomelossnetinvestmenthedgeeurodenominatednotesgainlossafterreclassificationandtax": 4124000,
        "othercomprehensiveincomeunrealizedholdinggainlossonsecuritiesarisingduringperiodnetoftax": -25000,
        "othercomprehensiveincomelosscashflowhedgegainlossbeforereclassificationaftertax": 11343000,
        "othercomprehensiveincomelossnetinvestmenthedgecrosscurrencyswapsgainlossbeforereclassificationaftertax": 4282000,
        "othercomprehensiveincomelosscashflowhedgegainlossreclassificationaftertax": 4204000,
        "othercomprehensiveincomelosscashflowhedgeandnetinvestmenthedgegainlossafterreclassificationandtax": 11421000,
        "othercomprehensiveincomelossnetoftax": -20357000,
        "comprehensiveincomenetoftaxincludingportionattributabletononcontrollinginterest": 111622000,
        "comprehensiveincomenetoftax": 111622000,
        "othercomprehensiveincomelosspensionandotherpostretirementbenefitplansbeforereclassificationadjustmentstax": -991000,
        "othercomprehensiveincomelossreclassificationadjustmentfromaocipensionandotherpostretirementbenefitplanstax": 51000,
        "othercomprehensiveincomelossnetinvestmenthedgeeurodenominatednotesgainlossafterreclassificationtax": 1286000,
        "othercomprehensiveincomelossavailableforsalesecuritiestax": -7000,
        "othercomprehensiveincomelosscashflowhedgegainlossbeforereclassificationtax": 4298000,
        "othercomprehensiveincomelossnetinvestmenthedgecrosscurrencyswapsgainlossbeforereclassificationtax": 1335000,
        "othercomprehensiveincomelosscashflowhedgegainlossreclassificationtax": 1577000
    },
    {
        "date": "2022-03-30",
        "symbol": "IDXX",
        "period": "Q1",
        "revenuefromcontractwithcustomerexcludingassessedtax": 17742000,
        "costofrevenue": 2236000,
        "grossprofit": 498753000,
        "sellingandmarketingexpense": 132292000,
        "generalandadministrativeexpense": 77949000,
        "researchanddevelopmentexpense": 40168000,
        "operatingincomeloss": 1828000,
        "interestexpense": 6996000,
        "interestandotherincome": 143000,
        "incomelossfromcontinuingoperationsbeforeincometaxesextraordinaryitemsnoncontrollinginterest": 241491000,
        "incometaxexpensebenefit": 610000,
        "profitloss": 1626000,
        "netincomeloss": 193965000,
        "earningspersharebasic": 2.3,
        "earningspersharediluted": 2.27,
        "weightedaveragenumberofsharesoutstandingbasic": 84410000,
        "weightedaveragenumberofdilutedsharesoutstanding": 85564000,
        "othercomprehensiveincomelossforeigncurrencytransactionandtranslationadjustmentnetoftax": 3277000,
        "othercomprehensiveincomelossnetinvestmenthedgeeurodenominatednotesgainlossafterreclassificationandtax": 1409000,
        "othercomprehensiveincomeunrealizedholdinggainlossonsecuritiesarisingduringperiodnetoftax": -17000,
        "othercomprehensiveincomelosscashflowhedgegainlossbeforereclassificationaftertax": 2097000,
        "othercomprehensiveincomelossnetinvestmenthedgecrosscurrencyswapsgainlossbeforereclassificationaftertax": 996000,
        "othercomprehensiveincomelosscashflowhedgegainlossreclassificationaftertax": 1626000,
        "othercomprehensiveincomelosscashflowhedgeandnetinvestmenthedgegainlossafterreclassificationandtax": 1467000,
        "othercomprehensiveincomelossnetoftax": 6136000,
        "comprehensiveincomenetoftaxincludingportionattributabletononcontrollinginterest": 200101000,
        "comprehensiveincomenetoftax": 200101000,
        "othercomprehensiveincomelossnetinvestmenthedgeeurodenominatednotesgainlossafterreclassificationtax": 439000,
        "othercomprehensiveincomelossavailableforsalesecuritiestax": -5000,
        "othercomprehensiveincomelosscashflowhedgegainlossbeforereclassificationtax": 1436000,
        "othercomprehensiveincomelossnetinvestmenthedgecrosscurrencyswapsgainlossbeforereclassificationtax": 311000,
        "othercomprehensiveincomelosscashflowhedgegainlossreclassificationtax": -610000
    },
    {
        "date": "2021-12-30",
        "symbol": "IDXX",
        "period": "Q4",
        "revenuefromcontractwithcustomerexcludingassessedtax": 923175000,
        "grossprofit": 456421000,
        "sellingandmarketingexpense": 128458000,
        "generalandadministrativeexpense": 83466000,
        "researchanddevelopmentexpense": 45306000,
        "operatingincomeloss": 422337000,
        "interestexpense": 7477000,
        "interestandotherincome": 169000,
        "incometaxexpensebenefit": 73214000,
        "profitloss": 339202000,
        "netincomelossattributabletononcontrollinginterest": 0,
        "netincomeloss": 162771000,
        "earningspersharebasic": 1.9199999999999995,
        "earningspersharediluted": 1.8900000000000001,
        "weightedaveragenumberofsharesoutstandingbasic": -125000,
        "weightedaveragenumberofdilutedsharesoutstanding": -140000,
        "othercomprehensiveincomelossforeigncurrencytransactionandtranslationadjustmentnetoftax": -6518000,
        "othercomprehensiveincomelossnetinvestmenthedgeeurodenominatednotesgainlossafterreclassificationandtax": 2169000,
        "othercomprehensiveincomeunrealizedholdinggainlossonsecuritiesarisingduringperiodnetoftax": -7000,
        "othercomprehensiveincomelosscashflowhedgegainlossbeforereclassificationaftertax": 1839000,
        "othercomprehensiveincomelossnetinvestmenthedgecrosscurrencyswapsgainlossbeforereclassificationaftertax": 838000,
        "othercomprehensiveincomelosscashflowhedgegainlossreclassificationaftertax": -252000,
        "othercomprehensiveincomelosscashflowhedgeandnetinvestmenthedgegainlossafterreclassificationandtax": 2929000,
        "othercomprehensiveincomelossnetoftax": -1427000,
        "comprehensiveincomenetoftaxincludingportionattributabletononcontrollinginterest": 161344000,
        "comprehensiveincomenetoftaxattributabletononcontrollinginterest": 0,
        "comprehensiveincomenetoftax": 161344000,
        "othercomprehensiveincomelossnetinvestmenthedgeeurodenominatednotesgainlossafterreclassificationtax": 676000,
        "othercomprehensiveincomelosscashflowhedgegainlossbeforereclassificationtax": 538000,
        "othercomprehensiveincomelossnetinvestmenthedgecrosscurrencyswapsgainlossbeforereclassificationtax": 261000,
        "othercomprehensiveincomelosscashflowhedgegainlossreclassificationtax": -141000
    },
    {
        "date": "2021-09-29",
        "symbol": "IDXX",
        "period": "Q3",
        "revenuefromcontractwithcustomerexcludingassessedtax": 17070000,
        "costofgoodsandservicessold": -1583000,
        "grossprofit": 472921000,
        "sellingandmarketingexpense": 124434000,
        "generalandadministrativeexpense": 82098000,
        "researchanddevelopmentexpense": 40427000,
        "operatingincomeloss": 2816000,
        "interestexpense": 7134000,
        "interestandotherincome": 122000,
        "incometaxexpensebenefit": -330000,
        "profitloss": -1253000,
        "netincomelossattributabletononcontrollinginterest": -57000,
        "netincomeloss": 175235000,
        "earningspersharebasic": 2.06,
        "earningspersharediluted": 2.02,
        "weightedaveragenumberofsharesoutstandingbasic": -85530000,
        "weightedaveragenumberofdilutedsharesoutstanding": -86859000,
        "othercomprehensiveincomelossforeigncurrencytransactionandtranslationadjustmentnetoftax": -12967000,
        "othercomprehensiveincomelossnetinvestmenthedgeeurodenominatednotesgainlossafterreclassificationandtax": 1581000,
        "othercomprehensiveincomeunrealizedholdinggainlossonsecuritiesarisingduringperiodnetoftax": -1000,
        "othercomprehensiveincomelosscashflowhedgegainlossbeforereclassificationaftertax": 4109000,
        "othercomprehensiveincomelossnetinvestmenthedgecrosscurrencyswapsgainlossbeforereclassificationaftertax": 2359000,
        "othercomprehensiveincomelosscashflowhedgegainlossreclassificationaftertax": -1253000,
        "othercomprehensiveincomelosscashflowhedgeandnetinvestmenthedgegainlossafterreclassificationandtax": 7721000,
        "othercomprehensiveincomelossnetoftax": -3666000,
        "comprehensiveincomenetoftaxincludingportionattributabletononcontrollinginterest": 171512000,
        "comprehensiveincomenetoftaxattributabletononcontrollinginterest": -57000,
        "comprehensiveincomenetoftax": 171569000,
        "othercomprehensiveincomelossnetinvestmenthedgeeurodenominatednotesgainlossafterreclassificationtax": 498000,
        "othercomprehensiveincomelossavailableforsalesecuritiestax": 0,
        "othercomprehensiveincomelosscashflowhedgegainlossbeforereclassificationtax": 940000,
        "othercomprehensiveincomelossnetinvestmenthedgecrosscurrencyswapsgainlossbeforereclassificationtax": 744000,
        "othercomprehensiveincomelosscashflowhedgegainlossreclassificationtax": -330000
    },
    {
        "date": "2021-06-29",
        "symbol": "IDXX",
        "period": "Q2",
        "revenuefromcontractwithcustomerexcludingassessedtax": 480715000,
        "costofgoodsandservicessold": 169832000,
        "grossprofit": 489308000,
        "sellingandmarketingexpense": 119032000,
        "generalandadministrativeexpense": 73326000,
        "researchanddevelopmentexpense": 37697000,
        "operatingincomeloss": 259253000,
        "interestexpense": 7613000,
        "interestandotherincome": 91000,
        "incomelossfromcontinuingoperationsbeforeincometaxesminorityinterestandincomelossfromequitymethodinvestments": 251731000,
        "incometaxexpensebenefit": 49125000,
        "profitloss": 202606000,
        "netincomelossattributabletononcontrollinginterest": 24000,
        "netincomeloss": 202582000,
        "earningspersharebasic": 2.37,
        "earningspersharediluted": 2.34,
        "weightedaveragenumberofsharesoutstandingbasic": 85325000,
        "weightedaveragenumberofdilutedsharesoutstanding": 86654000,
        "othercomprehensiveincomelossforeigncurrencytransactionandtranslationadjustmentnetoftax": 12087000,
        "othercomprehensiveincomelossnetinvestmenthedgeeurodenominatednotesgainlossafterreclassificationandtax": -994000,
        "othercomprehensiveincomeunrealizedholdinggainlossonsecuritiesarisingduringperiodnetoftax": 7000,
        "othercomprehensiveincomelosscashflowhedgegainlossbeforereclassificationaftertax": -1224000,
        "othercomprehensiveincomelossnetinvestmenthedgecrosscurrencyswapsgainlossbeforereclassificationaftertax": -1106000,
        "othercomprehensiveincomelosscashflowhedgegainlossreclassificationaftertax": -2375000,
        "othercomprehensiveincomelosscashflowhedgeandnetinvestmenthedgegainlossafterreclassificationandtax": 45000,
        "othercomprehensiveincomelossnetoftax": 11145000,
        "comprehensiveincomenetoftaxincludingportionattributabletononcontrollinginterest": 213751000,
        "comprehensiveincomenetoftaxattributabletononcontrollinginterest": 24000,
        "comprehensiveincomenetoftax": 213727000,
        "othercomprehensiveincomelossnetinvestmenthedgeeurodenominatednotesgainlossafterreclassificationtax": -313000,
        "othercomprehensiveincomelossavailableforsalesecuritiestax": 2000,
        "othercomprehensiveincomelosscashflowhedgegainlossbeforereclassificationtax": -594000,
        "othercomprehensiveincomelossnetinvestmenthedgecrosscurrencyswapsgainlossbeforereclassificationtax": -349000,
        "othercomprehensiveincomelosscashflowhedgegainlossreclassificationtax": -340000
    },
    {
        "date": "2021-03-30",
        "symbol": "IDXX",
        "period": "Q1",
        "revenuefromcontractwithcustomerexcludingassessedtax": 454348000,
        "costofgoodsandservicessold": 147270000,
        "grossprofit": 470782000,
        "sellingandmarketingexpense": 114811000,
        "generalandadministrativeexpense": 70770000,
        "researchanddevelopmentexpense": 37579000,
        "operatingincomeloss": 247622000,
        "interestexpense": 7584000,
        "interestandotherincome": 52000,
        "incomelossfromcontinuingoperationsbeforeincometaxesminorityinterestandincomelossfromequitymethodinvestments": 240090000,
        "incometaxexpensebenefit": 35801000,
        "profitloss": 204289000,
        "netincomelossattributabletononcontrollinginterest": 32000,
        "netincomeloss": 204257000,
        "earningspersharebasic": 2.39,
        "earningspersharediluted": 2.35,
        "weightedaveragenumberofsharesoutstandingbasic": 85530000,
        "weightedaveragenumberofdilutedsharesoutstanding": 86917000,
        "othercomprehensiveincomelossforeigncurrencytransactionandtranslationadjustmentnetoftax": -19333000,
        "othercomprehensiveincomelossnetinvestmenthedgeeurodenominatednotesgainlossafterreclassificationandtax": 3648000,
        "othercomprehensiveincomeunrealizedholdinggainlossonsecuritiesarisingduringperiodnetoftax": 147000,
        "othercomprehensiveincomelosscashflowhedgegainlossbeforereclassificationaftertax": 4415000,
        "othercomprehensiveincomelossnetinvestmenthedgecrosscurrencyswapsgainlossbeforereclassificationaftertax": 3308000,
        "othercomprehensiveincomelosscashflowhedgegainlossreclassificationaftertax": -1894000,
        "othercomprehensiveincomelosscashflowhedgeandnetinvestmenthedgegainlossafterreclassificationandtax": 9617000,
        "othercomprehensiveincomelossnetoftax": -5921000,
        "comprehensiveincomenetoftaxincludingportionattributabletononcontrollinginterest": 198368000,
        "comprehensiveincomenetoftaxattributabletononcontrollinginterest": 32000,
        "comprehensiveincomenetoftax": 198336000,
        "othercomprehensiveincomelossnetinvestmenthedgeeurodenominatednotesgainlossafterreclassificationtax": 1150000,
        "othercomprehensiveincomelossavailableforsalesecuritiestax": 46000,
        "othercomprehensiveincomelosscashflowhedgegainlossbeforereclassificationtax": 1249000,
        "othercomprehensiveincomelossnetinvestmenthedgecrosscurrencyswapsgainlossbeforereclassificationtax": 1043000,
        "othercomprehensiveincomelosscashflowhedgegainlossreclassificationtax": -536000
    },
    {
        "date": "2020-12-30",
        "symbol": "IDXX",
        "period": "Q4",
        "revenuefromcontractwithcustomerexcludingassessedtax": 433695000,
        "grossprofit": 409502000,
        "sellingandmarketingexpense": 115909000,
        "generalandadministrativeexpense": 69721000,
        "researchanddevelopmentexpense": 38777000,
        "operatingincomeloss": 185095000,
        "interestexpense": 7828000,
        "interestandotherincome": 169000,
        "incomelossfromcontinuingoperationsbeforeincometaxesminorityinterestandincomelossfromequitymethodinvestments": 177436000,
        "incometaxexpensebenefit": 2478000,
        "profitloss": 174958000,
        "netincomelossattributabletononcontrollinginterest": 168000,
        "netincomeloss": 174790000,
        "earningspersharebasic": 2.0500000000000003,
        "earningspersharediluted": 2.01,
        "weightedaveragenumberofsharesoutstandingbasic": -170533000,
        "weightedaveragenumberofdilutedsharesoutstanding": -173075000,
        "othercomprehensiveincomelossforeigncurrencytransactionandtranslationadjustmentnetoftax": 23022000,
        "othercomprehensiveincomelossnetinvestmenthedgeeurodenominatednotesgainlossafterreclassificationandtax": -3912000,
        "othercomprehensiveincomeunrealizedholdinggainlossonsecuritiesarisingduringperiodnetoftax": 26000,
        "othercomprehensiveincomelosscashflowhedgegainlossbeforereclassificationaftertax": -7904000,
        "othercomprehensiveincomelossnetinvestmenthedgecrosscurrencyswapsgainlossbeforereclassificationaftertax": -4287000,
        "othercomprehensiveincomelosscashflowhedgegainlossreclassificationaftertax": -1365000,
        "othercomprehensiveincomelosscashflowhedgeandnetinvestmenthedgegainlossafterreclassificationandtax": -10826000,
        "othercomprehensiveincomelossnetoftax": 8310000,
        "comprehensiveincomenetoftaxincludingportionattributabletononcontrollinginterest": 183268000,
        "comprehensiveincomenetoftaxattributabletononcontrollinginterest": 168000,
        "comprehensiveincomenetoftax": 183100000,
        "othercomprehensiveincomelossnetinvestmenthedgeeurodenominatednotesgainlossafterreclassificationtax": -1233000,
        "othercomprehensiveincomelossavailableforsalesecuritiestax": 10000,
        "othercomprehensiveincomelosscashflowhedgegainlossbeforereclassificationtax": -1852000,
        "othercomprehensiveincomelossnetinvestmenthedgecrosscurrencyswapsgainlossbeforereclassificationtax": -1427000,
        "othercomprehensiveincomelosscashflowhedgegainlossreclassificationtax": -368000
    },
    {
        "date": "2020-09-29",
        "symbol": "IDXX",
        "period": "Q3",
        "revenuefromcontractwithcustomerexcludingassessedtax": 422283000,
        "costofgoodsandservicessold": 146804000,
        "grossprofit": 422606000,
        "sellingandmarketingexpense": 108202000,
        "generalandadministrativeexpense": 105031000,
        "researchanddevelopmentexpense": 37517000,
        "operatingincomeloss": 171856000,
        "interestexpense": 8110000,
        "interestandotherincome": 208000,
        "incomelossfromcontinuingoperationsbeforeincometaxesminorityinterestandincomelossfromequitymethodinvestments": 163954000,
        "incometaxexpensebenefit": 17633000,
        "profitloss": 146321000,
        "netincomelossattributabletononcontrollinginterest": 102000,
        "netincomeloss": 146219000,
        "earningspersharebasic": 1.71,
        "earningspersharediluted": 1.69,
        "weightedaveragenumberofsharesoutstandingbasic": 85314000,
        "weightedaveragenumberofdilutedsharesoutstanding": 86690000,
        "othercomprehensiveincomelossforeigncurrencytransactionandtranslationadjustmentnetoftax": 7329000,
        "othercomprehensiveincomelossnetinvestmenthedgeeurodenominatednotesgainlossafterreclassificationandtax": -2824000,
        "othercomprehensiveincomeunrealizedholdinggainlossonsecuritiesarisingduringperiodnetoftax": 166000,
        "othercomprehensiveincomelosscashflowhedgegainlossbeforereclassificationaftertax": -6161000,
        "othercomprehensiveincomelossnetinvestmenthedgecrosscurrencyswapsgainlossbeforereclassificationaftertax": -3941000,
        "othercomprehensiveincomelosscashflowhedgegainlossreclassificationaftertax": -538000,
        "othercomprehensiveincomelosscashflowhedgeandnetinvestmenthedgegainlossafterreclassificationandtax": -9564000,
        "othercomprehensiveincomelossnetoftax": -4893000,
        "comprehensiveincomenetoftaxincludingportionattributabletononcontrollinginterest": 141428000,
        "comprehensiveincomenetoftaxattributabletononcontrollinginterest": 102000,
        "comprehensiveincomenetoftax": 141326000,
        "othercomprehensiveincomelossnetinvestmenthedgeeurodenominatednotesgainlossafterreclassificationtax": -890000,
        "othercomprehensiveincomelossavailableforsalesecuritiestax": 52000,
        "othercomprehensiveincomelosscashflowhedgegainlossbeforereclassificationtax": -1408000,
        "othercomprehensiveincomelossnetinvestmenthedgecrosscurrencyswapsgainlossbeforereclassificationtax": -933000,
        "othercomprehensiveincomelosscashflowhedgegainlossreclassificationtax": -53000
    },
    {
        "date": "2020-06-29",
        "symbol": "IDXX",
        "period": "Q2",
        "revenuefromcontractwithcustomerexcludingassessedtax": 366058000,
        "costofgoodsandservicessold": 124024000,
        "grossprofit": 379342000,
        "sellingandmarketingexpense": 94181000,
        "generalandadministrativeexpense": 60268000,
        "researchanddevelopmentexpense": 31645000,
        "operatingincomeloss": 193248000,
        "interestexpense": 9495000,
        "interestandotherincome": 69000,
        "incomelossfromcontinuingoperationsbeforeincometaxesminorityinterestandincomelossfromequitymethodinvestments": 183822000,
        "incometaxexpensebenefit": 34826000,
        "profitloss": 148996000,
        "netincomelossattributabletononcontrollinginterest": 56000,
        "netincomeloss": 148940000,
        "earningspersharebasic": 1.75,
        "earningspersharediluted": 1.72,
        "weightedaveragenumberofsharesoutstandingbasic": 85134000,
        "weightedaveragenumberofdilutedsharesoutstanding": 86402000,
        "othercomprehensiveincomelossforeigncurrencytransactionandtranslationadjustmentnetoftax": 7006000,
        "othercomprehensiveincomelossnetinvestmenthedgeeurodenominatednotesgainlossafterreclassificationandtax": -1689000,
        "othercomprehensiveincomeunrealizedholdinggainlossonsecuritiesarisingduringperiodnetoftax": -295000,
        "othercomprehensiveincomelosscashflowhedgegainlossbeforereclassificationaftertax": -3888000,
        "othercomprehensiveincomelossnetinvestmenthedgecrosscurrencyswapsgainlossbeforereclassificationaftertax": -1447000,
        "othercomprehensiveincomelosscashflowhedgegainlossreclassificationaftertax": 1473000,
        "othercomprehensiveincomelosscashflowhedgeandnetinvestmenthedgegainlossafterreclassificationandtax": -6808000,
        "othercomprehensiveincomelossnetoftax": -1786000,
        "comprehensiveincomenetoftaxincludingportionattributabletononcontrollinginterest": 147210000,
        "comprehensiveincomenetoftaxattributabletononcontrollinginterest": 56000,
        "comprehensiveincomenetoftax": 147154000,
        "othercomprehensiveincomelossnetinvestmenthedgeeurodenominatednotesgainlossafterreclassificationtax": -532000,
        "othercomprehensiveincomelossavailableforsalesecuritiestax": -93000,
        "othercomprehensiveincomelosscashflowhedgegainlossbeforereclassificationtax": -805000,
        "othercomprehensiveincomelossnetinvestmenthedgecrosscurrencyswapsgainlossbeforereclassificationtax": -283000,
        "othercomprehensiveincomelosscashflowhedgegainlossreclassificationtax": 339000
    },
    {
        "date": "2020-03-30",
        "symbol": "IDXX",
        "period": "Q1",
        "profitloss": 111856000,
        "othercomprehensiveincomelossforeigncurrencytransactionandtranslationadjustmentnetoftax": -22206000,
        "othercomprehensiveincomelossnetinvestmenthedgeeurodenominatednotesgainlossafterreclassificationandtax": 1047000,
        "othercomprehensiveincomeunrealizedholdinggainlossonsecuritiesarisingduringperiodnetoftax": -279000,
        "othercomprehensiveincomelosscashflowhedgegainlossbeforereclassificationaftertax": 9426000,
        "othercomprehensiveincomelossnetinvestmenthedgecrosscurrencyswapsgainlossbeforereclassificationaftertax": 4049000,
        "othercomprehensiveincomelosscashflowhedgegainlossreclassificationaftertax": 1101000,
        "othercomprehensiveincomelosscashflowhedgeandnetinvestmenthedgegainlossafterreclassificationandtax": 12374000,
        "othercomprehensiveincomelossnetoftax": -9064000,
        "comprehensiveincomenetoftaxincludingportionattributabletononcontrollinginterest": 102792000,
        "comprehensiveincomenetoftaxattributabletononcontrollinginterest": 29000,
        "comprehensiveincomenetoftax": 102763000,
        "othercomprehensiveincomelossnetinvestmenthedgeeurodenominatednotesgainlossafterreclassificationtax": 330000,
        "othercomprehensiveincomelossavailableforsalesecuritiestax": -89000,
        "othercomprehensiveincomelosscashflowhedgegainlossbeforereclassificationtax": 2052000,
        "othercomprehensiveincomelossnetinvestmenthedgecrosscurrencyswapsgainlossbeforereclassificationtax": 869000,
        "othercomprehensiveincomelosscashflowhedgegainlossreclassificationtax": 240000,
        "revenuefromcontractwithcustomerexcludingassessedtax": 364773000,
        "costofgoodsandservicessold": 125454000,
        "grossprofit": 359590000,
        "sellingandmarketingexpense": 116143000,
        "generalandadministrativeexpense": 65812000,
        "researchanddevelopmentexpense": 33310000,
        "operatingincomeloss": 144325000,
        "interestexpense": 7692000,
        "interestandotherincome": 140000,
        "incomelossfromcontinuingoperationsbeforeincometaxesminorityinterestandincomelossfromequitymethodinvestments": 136773000,
        "incometaxexpensebenefit": 24917000,
        "netincomelossattributabletononcontrollinginterest": 29000,
        "netincomeloss": 111827000,
        "earningspersharebasic": 1.31,
        "earningspersharediluted": 1.29,
        "weightedaveragenumberofsharesoutstandingbasic": 85427000,
        "weightedaveragenumberofdilutedsharesoutstanding": 86705000
    },
    {
        "date": "2019-12-30",
        "symbol": "IDXX",
        "period": "Q4",
        "profitloss": 90572000,
        "othercomprehensiveincomelossforeigncurrencytransactionandtranslationadjustmentnetoftax": 10641000,
        "othercomprehensiveincomeunrealizedholdinggainlossonsecuritiesarisingduringperiodnetoftax": -28000,
        "othercomprehensiveincomelosscashflowhedgegainlossbeforereclassificationaftertax": -9255000,
        "othercomprehensiveincomelosscashflowhedgegainlossreclassificationaftertax": 2365000,
        "othercomprehensiveincomelossnetoftax": -617000,
        "comprehensiveincomenetoftaxincludingportionattributabletononcontrollinginterest": 89927000,
        "comprehensiveincomenetoftaxattributabletononcontrollinginterest": 48000,
        "comprehensiveincomenetoftax": 89879000,
        "othercomprehensiveincomelossavailableforsalesecuritiestax": -9000,
        "othercomprehensiveincomelosscashflowhedgegainlossbeforereclassificationtax": -1973000,
        "othercomprehensiveincomelosscashflowhedgegainlossreclassificationtax": 3046000,
        "revenuefromcontractwithcustomerexcludingassessedtax": 455508000,
        "grossprofit": 331149000,
        "sellingandmarketingexpense": 105694000,
        "generalandadministrativeexpense": 74664000,
        "researchanddevelopmentexpense": 35160000,
        "operatingincomeloss": 234987000,
        "interestexpense": 7393000,
        "interestandotherincome": 268000,
        "incomelossfromcontinuingoperationsbeforeincometaxesminorityinterestandincomelossfromequitymethodinvestments": 108506000,
        "incometaxexpensebenefit": 40294000,
        "netincomelossattributabletononcontrollinginterest": 48000,
        "netincomeloss": 90496000,
        "earningspersharebasic": 1.06,
        "earningspersharediluted": 1.0499999999999998,
        "weightedaveragenumberofsharesoutstandingbasic": -172502000,
        "weightedaveragenumberofdilutedsharesoutstanding": -175289000
    },
    {
        "date": "2019-09-29",
        "symbol": "IDXX",
        "period": "Q3",
        "profitloss": 108838000,
        "othercomprehensiveincomelossforeigncurrencytransactionandtranslationadjustmentnetoftax": -13912000,
        "translationadjustmentfornetinvestmenthedgeincreasedecreasenetoftax": 3007000,
        "othercomprehensiveincomeunrealizedholdinggainlossonsecuritiesarisingduringperiodnetoftax": -67000,
        "othercomprehensiveincomelosscashflowhedgegainlossbeforereclassificationaftertax": 8473000,
        "othercomprehensiveincomelosscashflowhedgegainlossreclassificationaftertax": 2483000,
        "othercomprehensiveincomelosscashflowhedgegainlossafterreclassificationandtax": 5990000,
        "othercomprehensiveincomelossnetoftax": -4982000,
        "comprehensiveincomenetoftaxincludingportionattributabletononcontrollinginterest": 103856000,
        "comprehensiveincomenetoftaxattributabletononcontrollinginterest": 1000,
        "comprehensiveincomenetoftax": 103855000,
        "derivativesusedinnetinvestmenthedgetaxexpensebenefit": 947000,
        "othercomprehensiveincomelossavailableforsalesecuritiestax": -21000,
        "othercomprehensiveincomelosscashflowhedgegainlossbeforereclassificationtax": 1973000,
        "othercomprehensiveincomelosscashflowhedgegainlossreclassificationtax": -688000,
        "revenuefromcontractwithcustomerexcludingassessedtax": 360000000,
        "costofgoodsandservicessold": 125112000,
        "grossprofit": 344950000,
        "sellingandmarketingexpense": 104551000,
        "generalandadministrativeexpense": 66337000,
        "researchanddevelopmentexpense": 34260000,
        "operatingincomeloss": 139802000,
        "interestexpense": 7090000,
        "interestandotherincome": 86000,
        "incomelossfromcontinuingoperationsbeforeincometaxesminorityinterestandincomelossfromequitymethodinvestments": 132798000,
        "incometaxexpensebenefit": 23960000,
        "netincomelossattributabletononcontrollinginterest": 1000,
        "netincomeloss": 108837000,
        "earningspersharebasic": 1.26,
        "earningspersharediluted": 1.24,
        "weightedaveragenumberofsharesoutstandingbasic": 86198000,
        "weightedaveragenumberofdilutedsharesoutstanding": 87667000
    },
    {
        "date": "2019-06-29",
        "symbol": "IDXX",
        "period": "Q2",
        "profitloss": 125701000,
        "othercomprehensiveincomelossforeigncurrencytransactionandtranslationadjustmentnetoftax": 3104000,
        "translationadjustmentfornetinvestmenthedgeincreasedecreasenetoftax": -980000,
        "othercomprehensiveincomeunrealizedholdinggainlossonsecuritiesarisingduringperiodnetoftax": -45000,
        "othercomprehensiveincomelosscashflowhedgegainlossbeforereclassificationaftertax": -496000,
        "othercomprehensiveincomelosscashflowhedgegainlossreclassificationaftertax": 2151000,
        "othercomprehensiveincomelosscashflowhedgegainlossafterreclassificationandtax": -2647000,
        "othercomprehensiveincomelossnetoftax": -568000,
        "comprehensiveincomenetoftaxincludingportionattributabletononcontrollinginterest": 125133000,
        "comprehensiveincomenetoftaxattributabletononcontrollinginterest": -5000,
        "comprehensiveincomenetoftax": 125138000,
        "derivativesusedinnetinvestmenthedgetaxexpensebenefit": -309000,
        "othercomprehensiveincomelossavailableforsalesecuritiestax": -14000,
        "othercomprehensiveincomelosscashflowhedgegainlossbeforereclassificationtax": -169000,
        "othercomprehensiveincomelosscashflowhedgegainlossreclassificationtax": 358000,
        "revenuefromcontractwithcustomerexcludingassessedtax": 365638000,
        "costofgoodsandservicessold": 127893000,
        "grossprofit": 357853000,
        "sellingandmarketingexpense": 101364000,
        "generalandadministrativeexpense": 59955000,
        "researchanddevelopmentexpense": 32259000,
        "operatingincomeloss": 164275000,
        "interestexpense": 8186000,
        "interestandotherincome": 33000,
        "incomelossfromcontinuingoperationsbeforeincometaxesminorityinterestandincomelossfromequitymethodinvestments": 156122000,
        "incometaxexpensebenefit": 30421000,
        "netincomelossattributabletononcontrollinginterest": -5000,
        "netincomeloss": 125706000,
        "earningspersharebasic": 1.46,
        "earningspersharediluted": 1.43,
        "weightedaveragenumberofsharesoutstandingbasic": 86215000,
        "weightedaveragenumberofdilutedsharesoutstanding": 87615000
    },
    {
        "date": "2019-03-30",
        "symbol": "IDXX",
        "period": "Q1",
        "profitloss": 102681000,
        "othercomprehensiveincomelossforeigncurrencytransactionandtranslationadjustmentnetoftax": -1423000,
        "translationadjustmentfornetinvestmenthedgeincreasedecreasenetoftax": 1500000,
        "othercomprehensiveincomeunrealizedholdinggainlossonsecuritiesarisingduringperiodnetoftax": 407000,
        "othercomprehensiveincomelosscashflowhedgegainlossbeforereclassificationaftertax": 2474000,
        "othercomprehensiveincomelosscashflowhedgegainlossreclassificationaftertax": 1162000,
        "othercomprehensiveincomelosscashflowhedgegainlossafterreclassificationandtax": 1312000,
        "othercomprehensiveincomelossnetoftax": 1776000,
        "comprehensiveincomenetoftaxincludingportionattributabletononcontrollinginterest": 104485000,
        "comprehensiveincomenetoftaxattributabletononcontrollinginterest": 28000,
        "comprehensiveincomenetoftax": 104457000,
        "othercomprehensiveincomelossavailableforsalesecuritiestax": 128000,
        "othercomprehensiveincomelosscashflowhedgegainlossbeforereclassificationtax": 531000,
        "othercomprehensiveincomelosscashflowhedgegainlossreclassificationtax": -249000,
        "revenuefromcontractwithcustomerexcludingassessedtax": 241998000,
        "costofgoodsandservicessold": 127076000,
        "grossprofit": 331597000,
        "sellingandmarketingexpense": 106584000,
        "generalandadministrativeexpense": 60361000,
        "researchanddevelopmentexpense": 31514000,
        "operatingincomeloss": 13782000,
        "interestexpense": 8386000,
        "interestandotherincome": 40000,
        "incomelossfromcontinuingoperationsbeforeincometaxesminorityinterestandincomelossfromequitymethodinvestments": 124792000,
        "incometaxexpensebenefit": -249000,
        "netincomelossattributabletononcontrollinginterest": 28000,
        "netincomeloss": 102681000,
        "earningspersharebasic": 1.19,
        "earningspersharediluted": 1.17,
        "weightedaveragenumberofsharesoutstandingbasic": 86204000,
        "weightedaveragenumberofdilutedsharesoutstanding": 87549000
    },
    {
        "date": "2018-12-30",
        "symbol": "IDXX",
        "period": "Q4",
        "profitloss": 284124000,
        "othercomprehensiveincomelossforeigncurrencytransactionandtranslationadjustmentnetoftax": -3739000,
        "translationadjustmentfornetinvestmenthedgeincreasedecreasenetoftax": 3516000,
        "othercomprehensiveincomeunrealizedholdinggainlossonsecuritiesarisingduringperiodnetoftax": -322000,
        "othercomprehensiveincomelossnetoftax": 396000,
        "comprehensiveincomenetoftaxincludingportionattributabletononcontrollinginterest": 86073000,
        "comprehensiveincomenetoftaxattributabletononcontrollinginterest": 39000,
        "comprehensiveincomenetoftax": 86034000,
        "othercomprehensiveincomelossavailableforsalesecuritiestax": -101000,
        "revenuefromcontractwithcustomerexcludingassessedtax": 47145000,
        "grossprofit": 906606000,
        "sellingandmarketingexpense": 95904000,
        "generalandadministrativeexpense": 58972000,
        "researchanddevelopmentexpense": 30138000,
        "operatingincomeloss": 333421000,
        "interestexpense": 8560000,
        "interestandotherincome": 2352000,
        "incomelossfromcontinuingoperationsbeforeincometaxesminorityinterestandincomelossfromequitymethodinvestments": -116685000,
        "incometaxexpensebenefit": -15894000,
        "netincomelossattributabletononcontrollinginterest": 39000,
        "netincomeloss": 85638000,
        "earningspersharebasic": 0.9999999999999996,
        "earningspersharediluted": 0.97,
        "weightedaveragenumberofsharesoutstandingbasic": -174227000,
        "weightedaveragenumberofdilutedsharesoutstanding": -177523000
    },
    {
        "date": "2018-09-29",
        "symbol": "IDXX",
        "period": "Q3",
        "profitloss": 88822000,
        "othercomprehensiveincomelossforeigncurrencytransactionandtranslationadjustmentnetoftax": -1845000,
        "translationadjustmentfornetinvestmenthedgeincreasedecreasenetoftax": -100000,
        "othercomprehensiveincomeunrealizedholdinggainlossonsecuritiesarisingduringperiodnetoftax": 37000,
        "othercomprehensiveincomelosscashflowhedgegainlossbeforereclassificationaftertax": 1728000,
        "othercomprehensiveincomelosscashflowhedgegainlossreclassificationaftertax": 103000,
        "othercomprehensiveincomelosscashflowhedgegainlossafterreclassificationandtax": 1625000,
        "othercomprehensiveincomelossnetoftax": 372000,
        "comprehensiveincomenetoftaxincludingportionattributabletononcontrollinginterest": 93586000,
        "comprehensiveincomenetoftaxattributabletononcontrollinginterest": -37000,
        "comprehensiveincomenetoftax": 93623000,
        "othercomprehensiveincomelossavailableforsalesecuritiestax": 12000,
        "othercomprehensiveincomelosscashflowhedgegainlossbeforereclassificationtax": 62000,
        "othercomprehensiveincomelosscashflowhedgegainlossreclassificationtax": 153000,
        "revenuefromcontractwithcustomerexcludingassessedtax": 33108000,
        "costofgoodsandservicessold": 119511000,
        "grossprofit": 300248000,
        "sellingandmarketingexpense": 95146000,
        "generalandadministrativeexpense": 63955000,
        "researchanddevelopmentexpense": 29192000,
        "operatingincomeloss": 111523000,
        "interestexpense": 8453000,
        "interestandotherincome": 394000,
        "incomelossfromcontinuingoperationsbeforeincometaxesminorityinterestandincomelossfromequitymethodinvestments": 103464000,
        "incometaxexpensebenefit": 14642000,
        "netincomelossattributabletononcontrollinginterest": -37000,
        "netincomeloss": 93251000,
        "earningspersharebasic": 1.07,
        "earningspersharediluted": 1.05,
        "weightedaveragenumberofsharesoutstandingbasic": 86756000,
        "weightedaveragenumberofdilutedsharesoutstanding": 88453000
    },
    {
        "date": "2018-06-29",
        "symbol": "IDXX",
        "period": "Q2",
        "profitloss": -454000,
        "othercomprehensiveincomelossforeigncurrencytransactionandtranslationadjustmentnetoftax": -21492000,
        "translationadjustmentfornetinvestmenthedgeincreasedecreasenetoftax": 200000,
        "othercomprehensiveincomeunrealizedholdinggainlossonsecuritiesarisingduringperiodnetoftax": 32000,
        "othercomprehensiveincomeunrealizedgainlossonderivativesarisingduringperiodnetoftax": 8174000,
        "othercomprehensiveincomelossreclassificationadjustmentfromaocionderivativesnetoftax": -454000,
        "othercomprehensiveincomelossderivativesqualifyingashedgesnetoftax": 8628000,
        "othercomprehensiveincomelossnetoftax": -8353000,
        "comprehensiveincomenetoftaxincludingportionattributabletononcontrollinginterest": 100327000,
        "comprehensiveincomenetoftaxattributabletononcontrollinginterest": -11000,
        "comprehensiveincomenetoftax": 100338000,
        "othercomprehensiveincomelossavailableforsalesecuritiestax": 9000,
        "othercomprehensiveincomeunrealizedgainlossonderivativesarisingduringperiodtax": 2161000,
        "othercomprehensiveincomelossreclassificationadjustmentfromaocionderivativestax": -379000,
        "revenuefromcontractwithcustomerexcludingassessedtax": 32658000,
        "costofgoodssold": 127270000,
        "costofservices": 121043000,
        "costofrevenue": -833000,
        "grossprofit": 6051000,
        "sellingandmarketingexpense": 96255000,
        "generalandadministrativeexpense": 61080000,
        "researchanddevelopmentexpense": 29510000,
        "operatingincomeloss": 15122000,
        "interestexpense": 8457000,
        "interestandotherincome": -265000,
        "incomelossfromcontinuingoperationsbeforeincometaxesminorityinterestandincomelossfromequitymethodinvestments": 6262000,
        "incometaxexpensebenefit": -379000,
        "netincomelossattributabletononcontrollinginterest": -11000,
        "netincomeloss": 108691000,
        "earningspersharebasic": 1.25,
        "earningspersharediluted": 1.23,
        "weightedaveragenumberofsharesoutstandingbasic": 87004000,
        "weightedaveragenumberofdilutedsharesoutstanding": 88596000
    },
    {
        "date": "2018-03-30",
        "symbol": "IDXX",
        "period": "Q1",
        "revenuefromcontractwithcustomerexcludingassessedtax": 12287000,
        "costofgoodssold": 118246000,
        "costofservices": 116311000,
        "costofrevenue": 6592000,
        "grossprofit": 5695000,
        "sellingandmarketingexpense": 100101000,
        "generalandadministrativeexpense": 60931000,
        "researchanddevelopmentexpense": 29023000,
        "operatingincomeloss": 6266000,
        "interestexpense": 9274000,
        "interestandotherincome": -283000,
        "incomelossfromcontinuingoperationsbeforeincometaxesminorityinterestandincomelossfromequitymethodinvestments": 5983000,
        "incometaxexpensebenefit": 1444000,
        "profitloss": 4539000,
        "netincomelossattributabletononcontrollinginterest": 25000,
        "netincomeloss": 89451000,
        "earningspersharebasic": 1.02,
        "earningspersharediluted": 1.01,
        "weightedaveragenumberofsharesoutstandingbasic": 87331000,
        "weightedaveragenumberofdilutedsharesoutstanding": 88944000,
        "othercomprehensiveincomelossforeigncurrencytransactionandtranslationadjustmentnetoftax": 5165000,
        "translationadjustmentfornetinvestmenthedgeincreasedecreasenetoftax": -2216000,
        "othercomprehensiveincomeunrealizedholdinggainlossonsecuritiesarisingduringperiodnetoftax": 118000,
        "othercomprehensiveincomeunrealizedgainlossonderivativesarisingduringperiodnetoftax": -2388000,
        "othercomprehensiveincomelossreclassificationadjustmentfromaocionderivativesnetoftax": -1585000,
        "othercomprehensiveincomelossderivativesqualifyingashedgesnetoftax": -803000,
        "othercomprehensiveincomelossnetoftax": 2264000,
        "comprehensiveincomenetoftaxincludingportionattributabletononcontrollinginterest": 91740000,
        "comprehensiveincomenetoftaxattributabletononcontrollinginterest": 25000,
        "comprehensiveincomenetoftax": 91715000,
        "othercomprehensiveincomelossavailableforsalesecuritiestax": 40000,
        "othercomprehensiveincomeunrealizedgainlossonderivativesarisingduringperiodtax": -377000,
        "othercomprehensiveincomelossreclassificationadjustmentfromaocionderivativestax": 250000
    },
    {
        "date": "2017-12-30",
        "symbol": "IDXX",
        "period": "Q4",
        "salesrevenuegoodsnet": 309028000,
        "salesrevenueservicesnet": 197093000,
        "salesrevenuenet": 14878000,
        "costofgoodssold": 123244000,
        "costofservices": 110403000,
        "costofrevenue": 233647000,
        "grossprofit": 272474000,
        "sellingandmarketingexpense": 90539000,
        "generalandadministrativeexpense": 55318000,
        "researchanddevelopmentexpense": 28809000,
        "operatingincomeloss": 12195000,
        "interestexpense": 9717000,
        "interestandotherincome": 1595000,
        "incomelossfromcontinuingoperationsbeforeincometaxesminorityinterestandincomelossfromequitymethodinvestments": 89686000,
        "incometaxexpensebenefit": -124000,
        "profitloss": 38165000,
        "netincomelossattributabletononcontrollinginterest": 33000,
        "netincomeloss": 38257000,
        "earningspersharebasic": 0.43999999999999995,
        "earningspersharediluted": 0.42999999999999994,
        "weightedaveragenumberofsharesoutstandingbasic": -175889000,
        "weightedaveragenumberofdilutedsharesoutstanding": -179561000,
        "othercomprehensiveincomelossforeigncurrencytransactionandtranslationadjustmentnetoftax": 857000,
        "translationadjustmentfornetinvestmenthedgeincreasedecreasenetoftax": -1452000,
        "othercomprehensiveincomeunrealizedholdinggainlossonsecuritiesarisingduringperiodnetoftax": -151000,
        "othercomprehensiveincomeunrealizedgainlossonderivativesarisingduringperiodnetoftax": -1860000,
        "othercomprehensiveincomelossreclassificationadjustmentfromaocionderivativesnetoftax": -784000,
        "othercomprehensiveincomelossderivativesqualifyingashedgesnetoftax": -1076000,
        "othercomprehensiveincomelossnetoftax": -1822000,
        "comprehensiveincomenetoftaxincludingportionattributabletononcontrollinginterest": 36468000,
        "comprehensiveincomenetoftaxattributabletononcontrollinginterest": 33000,
        "comprehensiveincomenetoftax": 36435000,
        "othercomprehensiveincomeunrealizedgainlossonderivativesarisingduringperiodtax": -2093000,
        "othercomprehensiveincomelossreclassificationadjustmentfromaocionderivativestax": -230000
    },
    {
        "date": "2017-09-29",
        "symbol": "IDXX",
        "period": "Q3",
        "salesrevenuegoodsnet": 291031000,
        "salesrevenueservicesnet": 200945000,
        "salesrevenuenet": 31030000,
        "costofgoodssold": 109848000,
        "costofservices": 108126000,
        "costofrevenue": 217974000,
        "grossprofit": 274002000,
        "sellingandmarketingexpense": 88818000,
        "generalandadministrativeexpense": 57186000,
        "researchanddevelopmentexpense": 27585000,
        "operatingincomeloss": 14505000,
        "interestexpense": 9764000,
        "interestandotherincome": 1400000,
        "incomelossfromcontinuingoperationsbeforeincometaxesminorityinterestandincomelossfromequitymethodinvestments": 92049000,
        "incometaxexpensebenefit": -333000,
        "profitloss": 70514000,
        "netincomelossattributabletononcontrollinginterest": 3000,
        "netincomeloss": 70511000,
        "earningspersharebasic": 0.81,
        "earningspersharediluted": 0.79,
        "weightedaveragenumberofsharesoutstandingbasic": 87537000,
        "weightedaveragenumberofdilutedsharesoutstanding": 89256000,
        "othercomprehensiveincomelossforeigncurrencytransactionandtranslationadjustmentnetoftax": 8282000,
        "translationadjustmentfornetinvestmenthedgeincreasedecreasenetoftax": -2035000,
        "othercomprehensiveincomeunrealizedholdinggainlossonsecuritiesarisingduringperiodnetoftax": 23000,
        "othercomprehensiveincomeunrealizedgainlossonderivativesarisingduringperiodnetoftax": -3090000,
        "othercomprehensiveincomelossreclassificationadjustmentfromaocionderivativesnetoftax": -560000,
        "othercomprehensiveincomelossderivativesqualifyingashedgesnetoftax": -2530000,
        "othercomprehensiveincomelossnetoftax": 3740000,
        "comprehensiveincomenetoftaxincludingportionattributabletononcontrollinginterest": 74254000,
        "comprehensiveincomenetoftaxattributabletononcontrollinginterest": 3000,
        "comprehensiveincomenetoftax": 74251000,
        "othercomprehensiveincomelossavailableforsalesecuritiestax": 12000,
        "othercomprehensiveincomeunrealizedgainlossonderivativesarisingduringperiodtax": -1836000,
        "othercomprehensiveincomelossreclassificationadjustmentfromaocionderivativestax": 333000
    },
    {
        "date": "2017-06-29",
        "symbol": "IDXX",
        "period": "Q2",
        "salesrevenuegoodsnet": 304091000,
        "salesrevenueservicesnet": 204849000,
        "salesrevenuenet": 29424000,
        "costofgoodssold": 110330000,
        "costofservices": 105895000,
        "costofrevenue": 216225000,
        "grossprofit": 292715000,
        "sellingandmarketingexpense": 87693000,
        "generalandadministrativeexpense": 55460000,
        "researchanddevelopmentexpense": 26998000,
        "operatingincomeloss": 13653000,
        "interestexpense": 9155000,
        "interestandotherincome": 1176000,
        "incomelossfromcontinuingoperationsbeforeincometaxesminorityinterestandincomelossfromequitymethodinvestments": 114585000,
        "incometaxexpensebenefit": 280000,
        "profitloss": 85407000,
        "netincomelossattributabletononcontrollinginterest": 50000,
        "netincomeloss": 85357000,
        "earningspersharebasic": 0.97,
        "earningspersharediluted": 0.95,
        "weightedaveragenumberofsharesoutstandingbasic": 88004000,
        "weightedaveragenumberofdilutedsharesoutstanding": 89878000,
        "othercomprehensiveincomelossforeigncurrencytransactionandtranslationadjustmentnetoftax": 7954000,
        "translationadjustmentfornetinvestmenthedgeincreasedecreasenetoftax": -3767000,
        "othercomprehensiveincomeunrealizedholdinggainlossonsecuritiesarisingduringperiodnetoftax": 125000,
        "othercomprehensiveincomeunrealizedgainlossonderivativesarisingduringperiodnetoftax": -3848000,
        "othercomprehensiveincomelossreclassificationadjustmentfromaocionderivativesnetoftax": 473000,
        "othercomprehensiveincomelossderivativesqualifyingashedgesnetoftax": -4321000,
        "othercomprehensiveincomelossnetoftax": -9000,
        "comprehensiveincomenetoftaxincludingportionattributabletononcontrollinginterest": 85398000,
        "comprehensiveincomenetoftaxattributabletononcontrollinginterest": 50000,
        "comprehensiveincomenetoftax": 85348000,
        "othercomprehensiveincomelossavailableforsalesecuritiestax": 49000,
        "othercomprehensiveincomeunrealizedgainlossonderivativesarisingduringperiodtax": -2287000,
        "othercomprehensiveincomelossreclassificationadjustmentfromaocionderivativestax": -280000
    },
    {
        "date": "2017-03-30",
        "symbol": "IDXX",
        "period": "Q1",
        "salesrevenuegoodsnet": 271965000,
        "salesrevenueservicesnet": 190056000,
        "salesrevenuenet": 25077000,
        "costofgoodssold": 103027000,
        "costofservices": 100803000,
        "costofrevenue": 203830000,
        "grossprofit": 258191000,
        "sellingandmarketingexpense": 87244000,
        "generalandadministrativeexpense": 52914000,
        "researchanddevelopmentexpense": 25790000,
        "operatingincomeloss": 10263000,
        "interestexpense": 8589000,
        "interestandotherincome": 1083000,
        "incomelossfromcontinuingoperationsbeforeincometaxesminorityinterestandincomelossfromequitymethodinvestments": 84737000,
        "incometaxexpensebenefit": 401000,
        "profitloss": 69058000,
        "netincomelossattributabletononcontrollinginterest": 39000,
        "netincomeloss": 69019000,
        "earningspersharebasic": 0.78,
        "earningspersharediluted": 0.77,
        "weightedaveragenumberofsharesoutstandingbasic": 88117000,
        "weightedaveragenumberofdilutedsharesoutstanding": 89994000,
        "othercomprehensiveincomelossforeigncurrencytransactionandtranslationadjustmentnetoftax": 8014000,
        "translationadjustmentfornetinvestmenthedgeincreasedecreasenetoftax": -1093000,
        "othercomprehensiveincomeunrealizedholdinggainlossonsecuritiesarisingduringperiodnetoftax": -39000,
        "othercomprehensiveincomeunrealizedgainlossonderivativesarisingduringperiodnetoftax": -1534000,
        "othercomprehensiveincomelossreclassificationadjustmentfromaocionderivativesnetoftax": 674000,
        "othercomprehensiveincomelossderivativesqualifyingashedgesnetoftax": -2208000,
        "othercomprehensiveincomelossnetoftax": 4674000,
        "comprehensiveincomenetoftaxincludingportionattributabletononcontrollinginterest": 73732000,
        "comprehensiveincomenetoftaxattributabletononcontrollinginterest": 39000,
        "comprehensiveincomenetoftax": 73693000,
        "othercomprehensiveincomelossavailableforsalesecuritiestax": -26000,
        "othercomprehensiveincomeunrealizedgainlossonderivativesarisingduringperiodtax": 912000,
        "othercomprehensiveincomelossreclassificationadjustmentfromaocionderivativestax": 401000
    },
    {
        "date": "2016-09-29",
        "symbol": "IDXX",
        "period": "Q3",
        "salesrevenuegoodsnet": 266321000,
        "salesrevenueservicesnet": 181987000,
        "salesrevenuenet": 27862000,
        "costofgoodssold": 103909000,
        "costofservices": 97669000,
        "costofrevenue": 201578000,
        "grossprofit": 246730000,
        "sellingandmarketingexpense": 79972000,
        "generalandadministrativeexpense": 52627000,
        "researchanddevelopmentexpense": 25672000,
        "operatingincomeloss": 12442000,
        "interestexpense": 7786000,
        "interestandotherincome": 851000,
        "incomelossfromcontinuingoperationsbeforeincometaxesminorityinterestandincomelossfromequitymethodinvestments": 81524000,
        "incometaxexpensebenefit": 197000,
        "profitloss": 56452000,
        "netincomelossattributabletononcontrollinginterest": -3000,
        "netincomeloss": 56455000,
        "earningspersharebasic": 0.6299999999999999,
        "earningspersharediluted": -1.17,
        "weightedaveragenumberofsharesoutstandingbasic": -89867000,
        "weightedaveragenumberofdilutedsharesoutstanding": -90695000,
        "othercomprehensiveincomelossforeigncurrencytransactionandtranslationadjustmentnetoftax": 6135000,
        "translationadjustmentfornetinvestmenthedgeincreasedecreasenetoftax": -5180000,
        "othercomprehensiveincomeunrealizedholdinggainlossonsecuritiesarisingduringperiodnetoftax": 9000,
        "othercomprehensiveincomeunrealizedgainlossonderivativesarisingduringperiodnetoftax": -129000,
        "othercomprehensiveincomelossreclassificationadjustmentfromaocionderivativesnetoftax": 451000,
        "othercomprehensiveincomelossderivativesqualifyingashedgesnetoftax": -580000,
        "othercomprehensiveincomelossnetoftax": 384000,
        "comprehensiveincomenetoftaxincludingportionattributabletononcontrollinginterest": 56836000,
        "comprehensiveincomenetoftaxattributabletononcontrollinginterest": -3000,
        "comprehensiveincomenetoftax": 56839000,
        "othercomprehensiveincomelossavailableforsalesecuritiestax": 19000,
        "othercomprehensiveincomeunrealizedgainlossonderivativesarisingduringperiodtax": -55000,
        "othercomprehensiveincomelossreclassificationadjustmentfromaocionderivativestax": -537000
    },
    {
        "date": "2016-06-29",
        "symbol": "IDXX",
        "period": "Q2",
        "salesrevenuegoodsnet": 284887000,
        "salesrevenueservicesnet": 181682000,
        "salesrevenuenet": 27829000,
        "costofgoodssold": 108910000,
        "costofservices": 97116000,
        "costofrevenue": 206026000,
        "grossprofit": 260543000,
        "sellingandmarketingexpense": 76652000,
        "generalandadministrativeexpense": 54317000,
        "researchanddevelopmentexpense": 25412000,
        "operatingincomeloss": 12743000,
        "interestexpense": 8204000,
        "interestandotherincome": 928000,
        "incomelossfromcontinuingoperationsbeforeincometaxesminorityinterestandincomelossfromequitymethodinvestments": 96886000,
        "incometaxexpensebenefit": -54000,
        "profitloss": 67206000,
        "netincomelossattributabletononcontrollinginterest": 4000,
        "netincomeloss": 67202000,
        "earningspersharebasic": 0.75,
        "earningspersharediluted": 0.74,
        "weightedaveragenumberofsharesoutstandingbasic": 89824000,
        "weightedaveragenumberofdilutedsharesoutstanding": 90817000,
        "othercomprehensiveincomelossforeigncurrencytransactionandtranslationadjustmentnetoftax": -1278000,
        "translationadjustmentfornetinvestmenthedgeincreasedecreasenetoftax": 1307000,
        "othercomprehensiveincomeunrealizedholdinggainlossonsecuritiesarisingduringperiodnetoftax": 120000,
        "othercomprehensiveincomeunrealizedgainlossonderivativesarisingduringperiodnetoftax": 1825000,
        "othercomprehensiveincomelossreclassificationadjustmentfromaocionderivativesnetoftax": -76000,
        "othercomprehensiveincomelossderivativesqualifyingashedgesnetoftax": 1901000,
        "othercomprehensiveincomelossnetoftax": 2050000,
        "comprehensiveincomenetoftaxincludingportionattributabletononcontrollinginterest": 69256000,
        "comprehensiveincomenetoftaxattributabletononcontrollinginterest": 4000,
        "comprehensiveincomenetoftax": 69252000,
        "othercomprehensiveincomelossavailableforsalesecuritiestax": 45000,
        "othercomprehensiveincomeunrealizedgainlossonderivativesarisingduringperiodtax": 804000,
        "othercomprehensiveincomelossreclassificationadjustmentfromaocionderivativestax": 54000
    },
    {
        "date": "2016-03-30",
        "symbol": "IDXX",
        "period": "Q1",
        "salesrevenuegoodsnet": 249065000,
        "salesrevenueservicesnet": 168485000,
        "salesrevenuenet": 23552000,
        "costofgoodssold": 97631000,
        "costofservices": 92382000,
        "costofrevenue": 190013000,
        "grossprofit": 227537000,
        "sellingandmarketingexpense": 79829000,
        "generalandadministrativeexpense": 49295000,
        "researchanddevelopmentexpense": 24620000,
        "operatingincomeloss": 9679000,
        "interestexpense": 8304000,
        "interestandotherincome": 820000,
        "incomelossfromcontinuingoperationsbeforeincometaxesminorityinterestandincomelossfromequitymethodinvestments": 66309000,
        "incometaxexpensebenefit": 170000,
        "profitloss": 46025000,
        "netincomelossattributabletononcontrollinginterest": 6000,
        "netincomeloss": 46019000,
        "earningspersharebasic": 0.51,
        "earningspersharediluted": 0.51,
        "weightedaveragenumberofsharesoutstandingbasic": 89924000,
        "weightedaveragenumberofdilutedsharesoutstanding": 90838000,
        "othercomprehensiveincomelossforeigncurrencytransactionandtranslationadjustmentnetoftax": 6016000,
        "translationadjustmentfornetinvestmenthedgeincreasedecreasenetoftax": 2224000,
        "othercomprehensiveincomeunrealizedholdinggainlossonsecuritiesarisingduringperiodnetoftax": 205000,
        "othercomprehensiveincomeunrealizedgainlossonderivativesarisingduringperiodnetoftax": -3266000,
        "othercomprehensiveincomelossreclassificationadjustmentfromaocionderivativesnetoftax": 429000,
        "othercomprehensiveincomelossderivativesqualifyingashedgesnetoftax": -3695000,
        "othercomprehensiveincomelossnetoftax": 4750000,
        "comprehensiveincomenetoftaxincludingportionattributabletononcontrollinginterest": 50775000,
        "comprehensiveincomenetoftaxattributabletononcontrollinginterest": 6000,
        "comprehensiveincomenetoftax": 50769000,
        "othercomprehensiveincomelossavailableforsalesecuritiestax": 70000,
        "othercomprehensiveincomeunrealizedgainlossonderivativesarisingduringperiodtax": -1443000,
        "othercomprehensiveincomelossreclassificationadjustmentfromaocionderivativestax": 170000
    },
    {
        "date": "2015-09-29",
        "symbol": "IDXX",
        "period": "Q3",
        "salesrevenuegoodsnet": 246750000,
        "salesrevenueservicesnet": 159637000,
        "salesrevenuenet": 25957000,
        "costofgoodssold": 92185000,
        "costofservices": 89928000,
        "costofrevenue": 182113000,
        "grossprofit": 224274000,
        "sellingandmarketingexpense": 73107000,
        "generalandadministrativeexpense": 46198000,
        "researchanddevelopmentexpense": 24862000,
        "impairmentofintangibleassetsfinitelived": 8212000,
        "operatingincomeloss": 12408000,
        "interestexpense": 7750000,
        "interestandotherincome": 684000,
        "incomelossfromcontinuingoperationsbeforeincometaxesminorityinterestandincomelossfromequitymethodinvestments": 64829000,
        "incometaxexpensebenefit": 1374000,
        "profitloss": 44229000,
        "netincomelossattributabletononcontrollinginterest": 6000,
        "netincomeloss": 44223000,
        "earningspersharebasic": 0.48,
        "earningspersharediluted": 0.48,
        "weightedaveragenumberofsharesoutstandingbasic": 91944000,
        "weightedaveragenumberofdilutedsharesoutstanding": 92897000,
        "translationadjustmentfunctionaltoreportingcurrencynetoftaxperiodincreasedecrease": -13859000,
        "translationadjustmentfornetinvestmenthedgeincreasedecreasenetoftax": -396000,
        "othercomprehensiveincomeunrealizedholdinggainlossonsecuritiesarisingduringperiodnetoftax": -88000,
        "othercomprehensiveincomeunrealizedgainlossonderivativesarisingduringperiodnetoftax": 2495000,
        "othercomprehensiveincomelossreclassificationadjustmentfromaocionderivativesnetoftax": 3369000,
        "othercomprehensiveincomelossderivativesqualifyingashedgesnetoftax": -874000,
        "othercomprehensiveincomelossnetoftax": -15217000,
        "comprehensiveincomenetoftaxincludingportionattributabletononcontrollinginterest": 29012000,
        "comprehensiveincomenetoftaxattributabletononcontrollinginterest": 6000,
        "comprehensiveincomenetoftax": 29006000,
        "othercomprehensiveincomelossavailableforsalesecuritiestax": -60000,
        "othercomprehensiveincomeunrealizedgainlossonderivativesarisingduringperiodtax": 1030000,
        "othercomprehensiveincomelossreclassificationadjustmentfromaocionderivativestax": -1374000
    },
    {
        "date": "2015-06-29",
        "symbol": "IDXX",
        "period": "Q2",
        "salesrevenuegoodsnet": 251210000,
        "salesrevenueservicesnet": 162133000,
        "salesrevenuenet": 25051000,
        "costofgoodssold": 91203000,
        "costofservices": 89383000,
        "costofrevenue": 180586000,
        "grossprofit": 232757000,
        "sellingandmarketingexpense": 75217000,
        "generalandadministrativeexpense": 44920000,
        "researchanddevelopmentexpense": 24317000,
        "operatingincomeloss": 11954000,
        "interestexpense": 7259000,
        "interestandotherincome": 559000,
        "incomelossfromcontinuingoperationsbeforeincometaxesminorityinterestandincomelossfromequitymethodinvestments": 81603000,
        "incometaxexpensebenefit": 1451000,
        "profitloss": 56938000,
        "netincomelossattributabletononcontrollinginterest": 26000,
        "netincomeloss": 56912000,
        "earningspersharebasic": 0.61,
        "earningspersharediluted": 0.6,
        "weightedaveragenumberofsharesoutstandingbasic": 93384000,
        "weightedaveragenumberofdilutedsharesoutstanding": 94306000,
        "translationadjustmentfunctionaltoreportingcurrencynetoftaxperiodincreasedecrease": 7298000,
        "translationadjustmentfornetinvestmenthedgeincreasedecreasenetoftax": 737000,
        "othercomprehensiveincomeunrealizedholdinggainlossonsecuritiesarisingduringperiodnetoftax": -26000,
        "othercomprehensiveincomeunrealizedgainlossonderivativesarisingduringperiodnetoftax": -2885000,
        "othercomprehensiveincomelossreclassificationadjustmentfromaocionderivativesnetoftax": 3350000,
        "othercomprehensiveincomelossderivativesqualifyingashedgesnetoftax": -6235000,
        "othercomprehensiveincomelossnetoftax": 1774000,
        "comprehensiveincomenetoftaxincludingportionattributabletononcontrollinginterest": 58712000,
        "comprehensiveincomenetoftaxattributabletononcontrollinginterest": 26000,
        "comprehensiveincomenetoftax": 58686000,
        "othercomprehensiveincomelossavailableforsalesecuritiestax": 12000,
        "othercomprehensiveincomeunrealizedgainlossonderivativesarisingduringperiodtax": -1233000,
        "othercomprehensiveincomelossreclassificationadjustmentfromaocionderivativestax": -1451000
    },
    {
        "date": "2015-03-30",
        "symbol": "IDXX",
        "period": "Q1",
        "salesrevenuegoodsnet": 232104000,
        "salesrevenueservicesnet": 150373000,
        "salesrevenuenet": 21698000,
        "costofgoodssold": 83370000,
        "costofservices": 83563000,
        "costofrevenue": 166933000,
        "grossprofit": 215544000,
        "sellingandmarketingexpense": 75136000,
        "generalandadministrativeexpense": 42599000,
        "researchanddevelopmentexpense": 25006000,
        "operatingincomeloss": 9459000,
        "interestexpense": 6304000,
        "interestandotherincome": 425000,
        "incomelossfromcontinuingoperationsbeforeincometaxesminorityinterestandincomelossfromequitymethodinvestments": 66924000,
        "incometaxexpensebenefit": 1253000,
        "profitloss": 46578000,
        "netincomelossattributabletononcontrollinginterest": -16000,
        "netincomeloss": 46594000,
        "earningspersharebasic": 0.99,
        "earningspersharediluted": 0.98,
        "weightedaveragenumberofsharesoutstandingbasic": 47140000,
        "weightedaveragenumberofdilutedsharesoutstanding": 47761000,
        "translationadjustmentfunctionaltoreportingcurrencynetoftaxperiodincreasedecrease": -20232000,
        "othercomprehensiveincomeunrealizedholdinggainlossonsecuritiesarisingduringperiodnetoftax": 33000,
        "othercomprehensiveincomeunrealizedgainlossonderivativesarisingduringperiodnetoftax": 7185000,
        "othercomprehensiveincomelossreclassificationadjustmentfromaocionderivativesnetoftax": 2964000,
        "othercomprehensiveincomelossderivativesqualifyingashedgesnetoftax": 4221000,
        "othercomprehensiveincomelossnetoftax": -15978000,
        "comprehensiveincomenetoftaxincludingportionattributabletononcontrollinginterest": 30600000,
        "comprehensiveincomenetoftaxattributabletononcontrollinginterest": -16000,
        "comprehensiveincomenetoftax": 30616000,
        "othercomprehensiveincomelossavailableforsalesecuritiestax": 19000,
        "othercomprehensiveincomeunrealizedgainlossonderivativesarisingduringperiodtax": 3082000,
        "othercomprehensiveincomelossreclassificationadjustmentfromaocionderivativestax": 1253000
    },
    {
        "date": "2014-09-29",
        "symbol": "IDXX",
        "period": "Q3",
        "salesrevenuegoodsnet": 233666000,
        "salesrevenueservicesnet": 149857000,
        "salesrevenuenet": 13716000,
        "costofgoodssold": 84784000,
        "costofservices": 85403000,
        "costofrevenue": 170187000,
        "grossprofit": 213336000,
        "sellingandmarketingexpense": 70602000,
        "generalandadministrativeexpense": 45698000,
        "researchanddevelopmentexpense": 24847000,
        "operatingincomeloss": 11367000,
        "interestexpense": 4294000,
        "interestandotherincome": 313000,
        "incomelossfromcontinuingoperationsbeforeincometaxesminorityinterestandincomelossfromequitymethodinvestments": 68208000,
        "incometaxexpensebenefit": 67000,
        "profitloss": 52163000,
        "netincomelossattributabletononcontrollinginterest": 21000,
        "netincomeloss": 52142000,
        "earningspersharebasic": 1.05,
        "earningspersharediluted": 1.03,
        "weightedaveragenumberofsharesoutstandingbasic": 49745000,
        "weightedaveragenumberofdilutedsharesoutstanding": 50400000,
        "translationadjustmentfunctionaltoreportingcurrencynetoftaxperiodincreasedecrease": -19003000,
        "othercomprehensiveincomeunrealizedholdinggainlossonsecuritiesarisingduringperiodnetoftax": -37000,
        "othercomprehensiveincomeunrealizedgainlossonderivativesarisingduringperiodnetoftax": 6204000,
        "othercomprehensiveincomelossreclassificationadjustmentfromaocionderivativesnetoftax": 205000,
        "othercomprehensiveincomelossderivativesqualifyingashedgesnetoftax": 5999000,
        "othercomprehensiveincomelossnetoftax": -13041000,
        "comprehensiveincomenetoftaxincludingportionattributabletononcontrollinginterest": 39122000,
        "comprehensiveincomenetoftaxattributabletononcontrollinginterest": 21000,
        "comprehensiveincomenetoftax": 39101000,
        "othercomprehensiveincomelossavailableforsalesecuritiestax": -23000,
        "othercomprehensiveincomeunrealizedgainlossonderivativesarisingduringperiodtax": 2809000,
        "othercomprehensiveincomelossreclassificationadjustmentfromaocionderivativestax": 67000
    },
    {
        "date": "2014-06-29",
        "symbol": "IDXX",
        "period": "Q2",
        "salesrevenuegoodsnet": 237515000,
        "salesrevenueservicesnet": 152607000,
        "salesrevenuenet": 13512000,
        "costofgoodssold": 86956000,
        "costofservices": 84648000,
        "costofrevenue": 171604000,
        "grossprofit": 218518000,
        "sellingandmarketingexpense": 68020000,
        "generalandadministrativeexpense": 41846000,
        "researchanddevelopmentexpense": 25433000,
        "operatingincomeloss": 10064000,
        "interestexpense": 2965000,
        "interestandotherincome": 488000,
        "incomelossfromcontinuingoperationsbeforeincometaxesminorityinterestandincomelossfromequitymethodinvestments": 80742000,
        "incometaxexpensebenefit": -138000,
        "profitloss": 57244000,
        "netincomelossattributabletononcontrollinginterest": 26000,
        "netincomeloss": 57218000,
        "earningspersharebasic": 1.12,
        "earningspersharediluted": 1.1,
        "weightedaveragenumberofsharesoutstandingbasic": 51125000,
        "weightedaveragenumberofdilutedsharesoutstanding": 51795000,
        "translationadjustmentfunctionaltoreportingcurrencynetoftaxperiodincreasedecrease": 2200000,
        "othercomprehensiveincomeunrealizedholdinggainlossonsecuritiesarisingduringperiodnetoftax": 59000,
        "othercomprehensiveincomeunrealizedgainlossonderivativesarisingduringperiodnetoftax": -1924000,
        "othercomprehensiveincomelossreclassificationadjustmentfromaocionderivativesnetoftax": -251000,
        "othercomprehensiveincomelossderivativesqualifyingashedgesnetoftax": -1673000,
        "othercomprehensiveincomelossnetoftax": 586000,
        "comprehensiveincomenetoftaxincludingportionattributabletononcontrollinginterest": 57830000,
        "comprehensiveincomenetoftaxattributabletononcontrollinginterest": 26000,
        "comprehensiveincomenetoftax": 57804000,
        "othercomprehensiveincomelossavailableforsalesecuritiestax": 36000,
        "othercomprehensiveincomeunrealizedgainlossonderivativesarisingduringperiodtax": -890000,
        "othercomprehensiveincomelossreclassificationadjustmentfromaocionderivativestax": 138000
    },
    {
        "date": "2014-03-30",
        "symbol": "IDXX",
        "period": "Q1",
        "salesrevenuegoodsnet": 219392000,
        "salesrevenueservicesnet": 140811000,
        "salesrevenuenet": 21421000,
        "costofgoodssold": 78042000,
        "costofservices": 80064000,
        "costofrevenue": 158106000,
        "grossprofit": 202097000,
        "sellingandmarketingexpense": 67848000,
        "generalandadministrativeexpense": 41089000,
        "researchanddevelopmentexpense": 23114000,
        "operatingincomeloss": 8116000,
        "interestexpense": 2774000,
        "interestandotherincome": 471000,
        "incomelossfromcontinuingoperationsbeforeincometaxesminorityinterestandincomelossfromequitymethodinvestments": 67743000,
        "incometaxexpensebenefit": 47000,
        "profitloss": 46593000,
        "netincomelossattributabletononcontrollinginterest": 8000,
        "netincomeloss": 46585000,
        "earningspersharebasic": 0.9,
        "earningspersharediluted": 0.89,
        "weightedaveragenumberofsharesoutstandingbasic": 51617000,
        "weightedaveragenumberofdilutedsharesoutstanding": 52338000,
        "translationadjustmentfunctionaltoreportingcurrencynetoftaxperiodincreasedecrease": 1279000,
        "othercomprehensiveincomeunrealizedholdinggainlossonsecuritiesarisingduringperiodnetoftax": -54000,
        "othercomprehensiveincomeunrealizedgainlossonderivativesarisingduringperiodnetoftax": -253000,
        "othercomprehensiveincomelossreclassificationadjustmentfromaocionderivativesnetoftax": 149000,
        "othercomprehensiveincomelossderivativesqualifyingashedgesnetoftax": -402000,
        "othercomprehensiveincomelossnetoftax": 823000,
        "comprehensiveincomenetoftaxincludingportionattributabletononcontrollinginterest": 47416000,
        "comprehensiveincomenetoftaxattributabletononcontrollinginterest": 8000,
        "comprehensiveincomenetoftax": 47408000,
        "othercomprehensiveincomelossavailableforsalesecuritiestax": -32000,
        "othercomprehensiveincomeunrealizedgainlossonderivativesarisingduringperiodtax": -123000,
        "othercomprehensiveincomelossreclassificationadjustmentfromaocionderivativestax": -47000
    },
    {
        "date": "2013-09-29",
        "symbol": "IDXX",
        "period": "Q3",
        "salesrevenuegoodsnet": 206693000,
        "salesrevenueservicesnet": 131604000,
        "salesrevenuenet": 23247000,
        "costofgoodssold": 76521000,
        "costofservices": 75993000,
        "costofrevenue": 152514000,
        "grossprofit": 185783000,
        "sellingandmarketingexpense": 60079000,
        "generalandadministrativeexpense": 38651000,
        "researchanddevelopmentexpense": 21568000,
        "operatingincomeloss": 10414000,
        "interestexpense": 1463000,
        "interestandotherincome": 456000,
        "incomelossfromcontinuingoperationsbeforeincometaxesminorityinterestandincomelossfromequitymethodinvestments": 64478000,
        "incometaxexpensebenefit": 329000,
        "profitloss": 45692000,
        "netincomelossattributabletononcontrollinginterest": 4000,
        "netincomeloss": 45688000,
        "earningspersharebasic": 0.87,
        "earningspersharediluted": 0.86,
        "weightedaveragenumberofsharesoutstandingbasic": 52450000,
        "weightedaveragenumberofdilutedsharesoutstanding": 53242000,
        "translationadjustmentfunctionaltoreportingcurrencynetoftaxperiodincreasedecrease": 9418000,
        "othercomprehensiveincomeunrealizedholdinggainlossonsecuritiesarisingduringperiodnetoftax": 86000,
        "othercomprehensiveincomeunrealizedgainlossonderivativesarisingduringperiodnetoftax": -3601000,
        "othercomprehensiveincomelossreclassificationadjustmentfromaocionderivativesnetoftax": 834000,
        "othercomprehensiveincomelossderivativesqualifyingashedgesnetoftax": -4435000,
        "othercomprehensiveincomelossnetoftax": 5069000,
        "comprehensiveincomenetoftaxincludingportionattributabletononcontrollinginterest": 50761000,
        "comprehensiveincomenetoftaxattributabletononcontrollinginterest": 4000,
        "comprehensiveincomenetoftax": 50757000,
        "othercomprehensiveincomelossavailableforsalesecuritiestax": 51000,
        "othercomprehensiveincomeunrealizedgainlossonderivativesarisingduringperiodtax": -1512000,
        "othercomprehensiveincomelossreclassificationadjustmentfromaocionderivativestax": 329000
    },
    {
        "date": "2013-06-29",
        "symbol": "IDXX",
        "period": "Q2",
        "salesrevenuegoodsnet": 217322000,
        "salesrevenueservicesnet": 135261000,
        "salesrevenuenet": 22384000,
        "costofgoodssold": 79842000,
        "costofservices": 75043000,
        "costofrevenue": 154885000,
        "grossprofit": 197698000,
        "sellingandmarketingexpense": 57896000,
        "generalandadministrativeexpense": 38858000,
        "researchanddevelopmentexpense": 22181000,
        "operatingincomeloss": 9913000,
        "interestexpense": 1179000,
        "interestandotherincome": 444000,
        "incomelossfromcontinuingoperationsbeforeincometaxesminorityinterestandincomelossfromequitymethodinvestments": 78028000,
        "incometaxexpensebenefit": 221000,
        "profitloss": 53999000,
        "netincomelossattributabletononcontrollinginterest": 4000,
        "netincomeloss": 53995000,
        "earningspersharebasic": 1.01,
        "earningspersharediluted": 0.99,
        "weightedaveragenumberofsharesoutstandingbasic": 53670000,
        "weightedaveragenumberofdilutedsharesoutstanding": 54386000,
        "translationadjustmentfunctionaltoreportingcurrencynetoftaxperiodincreasedecrease": -3086000,
        "othercomprehensiveincomeunrealizedholdinggainlossonsecuritiesarisingduringperiodnetoftax": -16000,
        "othercomprehensiveincomeunrealizedgainlossonderivativesarisingduringperiodnetoftax": 2549000,
        "othercomprehensiveincomelossreclassificationadjustmentonderivativesincludedinnetincomenetoftax": -641000,
        "othercomprehensiveincomelossderivativesqualifyingashedgesnetoftax": 1908000,
        "othercomprehensiveincomelossnetoftax": -1194000,
        "comprehensiveincomenetoftaxincludingportionattributabletononcontrollinginterest": 52805000,
        "comprehensiveincomenetoftaxattributabletononcontrollinginterest": 4000,
        "comprehensiveincomenetoftax": 52801000,
        "othercomprehensiveincomelossavailableforsalesecuritiestax": -9000,
        "othercomprehensiveincomeunrealizedgainlossonderivativesarisingduringperiodtax": 1091000,
        "othercomprehensiveincomelossreclassificationadjustmentonderivativesincludedinnetincometax": 221000
    },
    {
        "date": "2013-03-30",
        "symbol": "IDXX",
        "period": "Q1",
        "salesrevenuegoodsnet": 205768000,
        "salesrevenueservicesnet": 126338000,
        "salesrevenuenet": 20666000,
        "costofgoodssold": 74150000,
        "costofservices": 73982000,
        "costofrevenue": 148132000,
        "grossprofit": 183974000,
        "sellingandmarketingexpense": 59397000,
        "generalandadministrativeexpense": 41631000,
        "researchanddevelopmentexpense": 21758000,
        "operatingincomeloss": 8355000,
        "interestexpense": 835000,
        "interestandotherincome": 444000,
        "incomelossfromcontinuingoperationsbeforeincometaxesminorityinterestandincomelossfromequitymethodinvestments": 60797000,
        "incometaxexpensebenefit": -8000,
        "profitloss": 44867000,
        "netincomelossattributabletononcontrollinginterest": 7000,
        "netincomeloss": 44860000,
        "earningspersharebasic": 0.82,
        "earningspersharediluted": 0.81,
        "weightedaveragenumberofsharesoutstandingbasic": 54588000,
        "weightedaveragenumberofdilutedsharesoutstanding": 55490000,
        "translationadjustmentfunctionaltoreportingcurrencynetoftaxperiodincreasedecrease": -8447000,
        "othercomprehensiveincomeunrealizedholdinggainlossonsecuritiesarisingduringperiodnetoftax": 72000,
        "othercomprehensiveincomeunrealizedgainlossonderivativesarisingduringperiodnetoftax": 4118000,
        "othercomprehensiveincomelossreclassificationadjustmentonderivativesincludedinnetincomenetoftax": -10000,
        "othercomprehensiveincomelossderivativesqualifyingashedgesnetoftax": 4108000,
        "othercomprehensiveincomelossnetoftax": -4267000,
        "comprehensiveincomenetoftaxincludingportionattributabletononcontrollinginterest": 40600000,
        "comprehensiveincomenetoftaxattributabletononcontrollinginterest": 7000,
        "comprehensiveincomenetoftax": 40593000,
        "othercomprehensiveincomelossavailableforsalesecuritiestax": 42000,
        "othercomprehensiveincomeunrealizedgainlossonderivativesarisingduringperiodtax": 1699000,
        "othercomprehensiveincomelossreclassificationadjustmentonderivativesincludedinnetincometax": 8000
    },
    {
        "date": "2012-09-29",
        "symbol": "IDXX",
        "period": "Q3",
        "salesrevenuegoodsnet": 196900000,
        "salesrevenueservicesnet": 118575000,
        "salesrevenuenet": 22223000,
        "costofgoodssold": 72738000,
        "costofservices": 72102000,
        "costofrevenue": 144840000,
        "grossprofit": 170635000,
        "sellingandmarketingexpense": 52067000,
        "generalandadministrativeexpense": 35307000,
        "researchanddevelopmentexpense": 20349000,
        "operatingincomeloss": 10128000,
        "interestexpense": 873000,
        "interestandotherincome": 473000,
        "incomelossfromcontinuingoperationsbeforeincometaxesminorityinterestandincomelossfromequitymethodinvestments": 62512000,
        "incometaxexpensebenefit": 19639000,
        "profitloss": 42873000,
        "netincomelossattributabletononcontrollinginterest": 20000,
        "netincomeloss": 42853000,
        "earningspersharebasic": 0.78,
        "earningspersharediluted": 0.76,
        "weightedaveragenumberofsharesoutstandingbasic": 54938000,
        "weightedaveragenumberofdilutedsharesoutstanding": 56088000,
        "translationadjustmentfunctionaltoreportingcurrencynetoftaxperiodincreasedecrease": 9221000,
        "othercomprehensiveincomelossavailableforsalesecuritiesadjustmentnetoftax": 56000,
        "othercomprehensiveincomeunrealizedgainlossonderivativesarisingduringperiodnetoftax": -2684000,
        "othercomprehensiveincomelossreclassificationadjustmentonderivativesincludedinnetincomenetoftax": -872000,
        "othercomprehensiveincomelossderivativesqualifyingashedgesnetoftax": -3556000,
        "othercomprehensiveincomelossnetoftax": 5721000,
        "comprehensiveincomenetoftaxincludingportionattributabletononcontrollinginterest": 48594000,
        "comprehensiveincomenetoftaxattributabletononcontrollinginterest": 20000,
        "comprehensiveincomenetoftax": 48574000,
        "othercomprehensiveincomelossavailableforsalesecuritiestax": 33000,
        "othercomprehensiveincomeunrealizedgainlossonderivativesarisingduringperiodtax": -1294000,
        "othercomprehensiveincomelossreclassificationadjustmentonderivativesincludedinnetincometax": -395000
    },
    {
        "date": "2012-06-29",
        "symbol": "IDXX",
        "period": "Q2",
        "salesrevenuegoodsnet": 212221000,
        "salesrevenueservicesnet": 123428000,
        "salesrevenuenet": 106385000,
        "costofgoodssold": 78470000,
        "costofservices": 72490000,
        "costofrevenue": 150960000,
        "grossprofit": 184689000,
        "sellingandmarketingexpense": 54539000,
        "generalandadministrativeexpense": 34275000,
        "researchanddevelopmentexpense": 20058000,
        "operatingincomeloss": 10196000,
        "interestexpense": 926000,
        "interestandotherincome": 480000,
        "incomelossfromcontinuingoperationsbeforeincometaxesminorityinterestandincomelossfromequitymethodinvestments": 75371000,
        "incometaxexpensebenefit": 24051000,
        "profitloss": 51320000,
        "netincomelossattributabletononcontrollinginterest": 3000,
        "netincomeloss": 51317000,
        "earningspersharebasic": 0.93,
        "earningspersharediluted": 0.91,
        "weightedaveragenumberofsharesoutstandingbasic": 55079000,
        "weightedaveragenumberofdilutedsharesoutstanding": 56211000,
        "translationadjustmentfunctionaltoreportingcurrencynetoftaxperiodincreasedecrease": -10301000,
        "othercomprehensiveincomelossavailableforsalesecuritiesadjustmentnetoftax": -56000,
        "othercomprehensiveincomeunrealizedgainlossonderivativesarisingduringperiodnetoftax": 1261000,
        "othercomprehensiveincomelossreclassificationadjustmentonderivativesincludedinnetincomenetoftax": -1527000,
        "othercomprehensiveincomelossderivativesqualifyingashedgesnetoftax": -266000,
        "othercomprehensiveincomelossnetoftax": -10623000,
        "comprehensiveincomenetoftaxincludingportionattributabletononcontrollinginterest": 40697000,
        "comprehensiveincomenetoftaxattributabletononcontrollinginterest": 3000,
        "comprehensiveincomenetoftax": 40694000,
        "othercomprehensiveincomelossavailableforsalesecuritiestax": -32000,
        "othercomprehensiveincomeunrealizedgainlossonderivativesarisingduringperiodtax": 493000,
        "othercomprehensiveincomelossreclassificationadjustmentonderivativesincludedinnetincometax": 698000
    },
    {
        "date": "2012-03-30",
        "symbol": "IDXX",
        "period": "Q1",
        "salesrevenuegoodsnet": 204167000,
        "salesrevenueservicesnet": 118509000,
        "salesrevenuenet": 101862000,
        "costofgoodssold": 75212000,
        "costofservices": 72690000,
        "costofrevenue": 147902000,
        "grossprofit": 174774000,
        "sellingandmarketingexpense": 57632000,
        "generalandadministrativeexpense": 36178000,
        "researchanddevelopmentexpense": 20557000,
        "operatingincomeloss": 8295000,
        "interestexpense": 1193000,
        "interestincomedepositswithfinancialinstitutions": 436000,
        "incomelossfromcontinuingoperationsbeforeincometaxesminorityinterestandincomelossfromequitymethodinvestments": 59650000,
        "incometaxexpensebenefit": 18916000,
        "profitloss": 40734000,
        "netincomelossattributabletononcontrollinginterest": -9000,
        "netincomeloss": 40743000,
        "earningspersharebasic": 0.74,
        "earningspersharediluted": 0.72,
        "weightedaveragenumberofsharesoutstandingbasic": 55208000,
        "weightedaveragenumberofdilutedsharesoutstanding": 56439000,
        "othercomprehensiveincomeforeigncurrencytransactionandtranslationadjustmentnetoftaxperiodincreasedecrease": 5628000,
        "othercomprehensiveincomeunrealizedholdinggainlossonsecuritiesarisingduringperiodnetoftax": 111000,
        "othercomprehensiveincomeunrealizedgainlossonderivativesarisingduringperiodnetoftax": -906000,
        "othercomprehensiveincomereclassificationadjustmentonderivativesincludedinnetincomenetoftax": 795000,
        "othercomprehensiveincomederivativesqualifyingashedgesnetoftaxperiodincreasedecrease": -1701000,
        "othercomprehensiveincomelossnetoftaxperiodincreasedecrease": 4038000,
        "comprehensiveincomenetoftaxincludingportionattributabletononcontrollinginterest": 44772000,
        "comprehensiveincomenetoftaxattributabletononcontrollinginterest": -9000,
        "comprehensiveincomenetoftax": 44781000,
        "othercomprehensiveincomeavailableforsalesecuritiestax": 65000,
        "othercomprehensiveincomeunrealizedgainlossonderivativesarisingduringperiodtax": 434000,
        "othercomprehensiveincomereclassificationadjustmentonderivativesincludedinnetincometax": 341000
    },
    {
        "date": "2011-09-29",
        "symbol": "IDXX",
        "period": "Q3",
        "salesrevenuegoodsnet": 191334000,
        "salesrevenueservicesnet": 109620000,
        "salesrevenuenet": 94027000,
        "costofgoodssold": 76831000,
        "costofservices": 65456000,
        "costofrevenue": 142287000,
        "grossprofit": 158667000,
        "sellingandmarketingexpense": 50682000,
        "generalandadministrativeexpense": 32483000,
        "researchanddevelopmentexpense": 19406000,
        "operatingincomeloss": 9979000,
        "interestexpense": 928000,
        "interestincomedepositswithfinancialinstitutions": 450000,
        "incomelossfromcontinuingoperationsbeforeincometaxesminorityinterestandincomelossfromequitymethodinvestments": 55618000,
        "incometaxexpensebenefit": 17122000,
        "profitloss": 38496000,
        "netincomelossattributabletononcontrollinginterest": -11000,
        "netincomeloss": 38507000,
        "earningspersharebasic": 0.68,
        "earningspersharediluted": 0.66,
        "weightedaveragenumberofsharesoutstandingbasic": 56699000,
        "weightedaveragenumberofdilutedsharesoutstanding": 58007000
    },
    {
        "date": "2011-06-29",
        "symbol": "IDXX",
        "period": "Q2",
        "salesrevenuegoodsnet": 203502000,
        "salesrevenueservicesnet": 114360000,
        "salesrevenuenet": 99087000,
        "costofgoodssold": 77457000,
        "costofservices": 66372000,
        "costofrevenue": 143829000,
        "grossprofit": 174033000,
        "sellingandmarketingexpense": 50974000,
        "generalandadministrativeexpense": 33140000,
        "researchanddevelopmentexpense": 18621000,
        "operatingincomeloss": 8401000,
        "interestexpense": 782000,
        "interestincomedepositswithfinancialinstitutions": 419000,
        "incomelossfromcontinuingoperationsbeforeincometaxesminorityinterestandincomelossfromequitymethodinvestments": 70935000,
        "incometaxexpensebenefit": 22281000,
        "profitloss": 48654000,
        "netincomelossattributabletononcontrollinginterest": -3000,
        "netincomeloss": 48657000,
        "earningspersharebasic": 0.85,
        "earningspersharediluted": 0.83,
        "weightedaveragenumberofsharesoutstandingbasic": 57276000,
        "weightedaveragenumberofdilutedsharesoutstanding": 58727000
    },
    {
        "date": "2011-03-30",
        "symbol": "IDXX",
        "period": "Q1",
        "salesrevenuegoodsnet": 188385000,
        "salesrevenueservicesnet": 104287000,
        "salesrevenuenet": 292672000,
        "costofgoodssold": 73705000,
        "costofservices": 64042000,
        "costofrevenue": 137747000,
        "grossprofit": 154925000,
        "sellingandmarketingexpense": 50985000,
        "generalandadministrativeexpense": 32596000,
        "researchanddevelopmentexpense": 17812000,
        "operatingincomeloss": 53532000,
        "interestexpense": 728000,
        "interestincomedepositswithfinancialinstitutions": 369000,
        "incomelossfromcontinuingoperationsbeforeincometaxesminorityinterestandincomelossfromequitymethodinvestments": 53173000,
        "incometaxexpensebenefit": 16567000,
        "profitloss": 36606000,
        "netincomelossattributabletononcontrollinginterest": -6000,
        "netincomeloss": 36612000,
        "earningspersharebasic": 0.64,
        "earningspersharediluted": 0.62,
        "weightedaveragenumberofsharesoutstandingbasic": 57457000,
        "weightedaveragenumberofdilutedsharesoutstanding": 59090000
    },
    {
        "date": "2010-09-29",
        "symbol": "IDXX",
        "period": "Q3",
        "salesrevenuegoodsnet": 173297000,
        "salesrevenueservicesnet": 96331000,
        "salesrevenuenet": 269628000,
        "costofgoodssold": 67076000,
        "costofservices": 60345000,
        "costofrevenue": 127421000,
        "grossprofit": 142207000,
        "sellingandmarketingexpense": 44486000,
        "generalandadministrativeexpense": 30704000,
        "researchanddevelopmentexpense": 17203000,
        "operatingincomeloss": 49814000,
        "interestexpense": 687000,
        "interestincomedepositswithfinancialinstitutions": 136000,
        "incomelossfromcontinuingoperationsbeforeincometaxesminorityinterestandincomelossfromequitymethodinvestments": 49263000,
        "incometaxexpensebenefit": 14548000,
        "profitloss": 34715000,
        "netincomelossattributabletononcontrollinginterest": 21000,
        "netincomeloss": 34694000,
        "earningspersharebasic": 0.6,
        "earningspersharediluted": 0.59,
        "weightedaveragenumberofsharesoutstandingbasic": 57620000,
        "weightedaveragenumberofdilutedsharesoutstanding": 59276000
    },
    {
        "date": "2010-06-29",
        "symbol": "IDXX",
        "period": "Q2",
        "salesrevenuegoodsnet": 179813000,
        "salesrevenueservicesnet": 101669000,
        "salesrevenuenet": 281482000,
        "costofgoodssold": 72063000,
        "costofservices": 60135000,
        "costofrevenue": 132198000,
        "grossprofit": 149284000,
        "sellingandmarketingexpense": 44167000,
        "generalandadministrativeexpense": 33076000,
        "researchanddevelopmentexpense": 17206000,
        "operatingincomeloss": 54835000,
        "interestexpense": 689000,
        "interestincomedepositswithfinancialinstitutions": 138000,
        "incomelossfromcontinuingoperationsbeforeincometaxesminorityinterestandincomelossfromequitymethodinvestments": 54284000,
        "incometaxexpensebenefit": 17087000,
        "profitloss": 37197000,
        "netincomelossattributabletononcontrollinginterest": 4000,
        "netincomeloss": 37193000,
        "earningspersharebasic": 0.64,
        "earningspersharediluted": 0.62,
        "weightedaveragenumberofsharesoutstandingbasic": 57747000,
        "weightedaveragenumberofdilutedsharesoutstanding": 59646000
    }
]