[
    {
        "date": "2023-12-30",
        "symbol": "FTV",
        "period": "Q4",
        "revenuefromcontractwithcustomerexcludingassessedtax": 891700000,
        "costofgoodsandservicessold": 269300000,
        "grossprofit": 947500000,
        "sellinggeneralandadministrativeexpense": 537400000,
        "researchanddevelopmentexpense": 99200000,
        "operatingincomeloss": 310900000,
        "interestexpense": 28500000,
        "othernonoperatingincomeexpense": -4900000,
        "incomelossfromcontinuingoperationsbeforeincometaxesextraordinaryitemsnoncontrollinginterest": 277500000,
        "incometaxexpensebenefit": 12299999.999999996,
        "incomelossfromcontinuingoperationsincludingportionattributabletononcontrollinginterest": 265200000,
        "profitloss": 265200000,
        "earningspersharebasic": 0.76,
        "earningspersharediluted": 0.7400000000000004,
        "weightedaveragenumberofsharesoutstandingbasic": 352500000,
        "weightedaveragenumberofdilutedsharesoutstanding": 355600000,
        "othercomprehensiveincomelossforeigncurrencytransactionandtranslationadjustmentnetoftax": 49700000,
        "othercomprehensiveincomelossnetoftax": 32300000,
        "comprehensiveincomenetoftaxincludingportionattributabletononcontrollinginterest": 304900000
    },
    {
        "date": "2023-09-28",
        "symbol": "FTV",
        "period": "Q3",
        "revenuefromcontractwithcustomerexcludingassessedtax": 1258900000,
        "costofgoodsandservicessold": 479000000,
        "grossprofit": 893000000,
        "sellinggeneralandadministrativeexpense": 503500000,
        "researchanddevelopmentexpense": 98400000,
        "operatingincomeloss": 291100000,
        "interestexpense": 29800000,
        "othernonoperatingincomeexpense": -4200000,
        "incomelossfromcontinuingoperationsbeforeincometaxesextraordinaryitemsnoncontrollinginterest": 257100000,
        "incometaxexpensebenefit": 39100000,
        "incomelossfromcontinuingoperationsincludingportionattributabletononcontrollinginterest": 218000000,
        "earningspersharebasic": 0.62,
        "earningspersharediluted": 0.61,
        "weightedaveragenumberofsharesoutstandingbasic": 352100000,
        "weightedaveragenumberofdilutedsharesoutstanding": 356100000,
        "profitloss": 218000000,
        "othercomprehensiveincomelossforeigncurrencytransactionandtranslationadjustmentnetoftax": -46000000,
        "othercomprehensiveincomelosspensionandotherpostretirementbenefitplansadjustmentnetoftax": -100000,
        "othercomprehensiveincomelossnetoftax": -45900000,
        "comprehensiveincomenetoftaxincludingportionattributabletononcontrollinginterest": 172100000
    },
    {
        "date": "2023-06-29",
        "symbol": "FTV",
        "period": "Q2",
        "revenuefromcontractwithcustomerexcludingassessedtax": 1526400000,
        "costofgoodsandservicessold": 621000000,
        "grossprofit": 905400000,
        "sellinggeneralandadministrativeexpense": 514000000,
        "researchanddevelopmentexpense": 100100000,
        "operatingincomeloss": 291300000,
        "interestexpense": 33100000,
        "othernonoperatingincomeexpense": -7800000,
        "incomelossfromcontinuingoperationsbeforeincometaxesextraordinaryitemsnoncontrollinginterest": 250400000,
        "incometaxexpensebenefit": 41400000,
        "incomelossfromcontinuingoperationsincludingportionattributabletononcontrollinginterest": 209000000,
        "earningspersharebasic": 0.59,
        "earningspersharediluted": 0.59,
        "weightedaveragenumberofsharesoutstandingbasic": 353000000,
        "weightedaveragenumberofdilutedsharesoutstanding": 355500000,
        "profitloss": 209000000,
        "othercomprehensiveincomelossforeigncurrencytransactionandtranslationadjustmentnetoftax": -7400000,
        "othercomprehensiveincomelosspensionandotherpostretirementbenefitplansadjustmentnetoftax": 200000,
        "othercomprehensiveincomelossnetoftax": -200000,
        "comprehensiveincomenetoftaxincludingportionattributabletononcontrollinginterest": 201400000
    },
    {
        "date": "2023-03-30",
        "symbol": "FTV",
        "period": "Q1",
        "revenuefromcontractwithcustomerexcludingassessedtax": 1460700000,
        "costofgoodsandservicessold": 612500000,
        "grossprofit": 848200000,
        "sellinggeneralandadministrativeexpense": 507700000,
        "researchanddevelopmentexpense": 100100000,
        "operatingincomeloss": 240400000,
        "interestexpense": 32100000,
        "othernonoperatingincomeexpense": -2500000,
        "incomelossfromcontinuingoperationsbeforeincometaxesextraordinaryitemsnoncontrollinginterest": 205800000,
        "incometaxexpensebenefit": 32200000.000000004,
        "incomelossfromcontinuingoperationsincludingportionattributabletononcontrollinginterest": 173600000,
        "earningspersharebasic": 0.49,
        "earningspersharediluted": 0.49,
        "weightedaveragenumberofsharesoutstandingbasic": 353600000,
        "weightedaveragenumberofdilutedsharesoutstanding": 356500000,
        "profitloss": 173600000,
        "othercomprehensiveincomelossforeigncurrencytransactionandtranslationadjustmentnetoftax": 13400000,
        "othercomprehensiveincomelossnetoftax": 13400000,
        "comprehensiveincomenetoftaxincludingportionattributabletononcontrollinginterest": 187000000
    },
    {
        "date": "2022-12-30",
        "symbol": "FTV",
        "period": "Q4",
        "revenuefromcontractwithcustomerexcludingassessedtax": 3200000,
        "costofgoodsandservicessold": 637400000,
        "grossprofit": 892500000,
        "sellinggeneralandadministrativeexpense": 499800000,
        "researchanddevelopmentexpense": 101200000,
        "operatingincomeloss": -96000000,
        "othernonoperatingincomeexpense": -1800000,
        "incomelossfromcontinuingoperationsbeforeincometaxesextraordinaryitemsnoncontrollinginterest": 257000000,
        "incometaxexpensebenefit": 29800000,
        "incomelossfromcontinuingoperationsincludingportionattributabletononcontrollinginterest": 227200000,
        "profitloss": 227200000,
        "netincomelossavailabletocommonstockholdersbasic": 227200000,
        "incomelossfromcontinuingoperationsperbasicshare": 0.6500000000000001,
        "incomelossfromcontinuingoperationsperdilutedshare": 0.6400000000000001,
        "earningspersharebasic": 0.6500000000000001,
        "earningspersharediluted": 0.6400000000000001,
        "weightedaveragenumberofsharesoutstandingbasic": -357100000,
        "weightedaveragenumberofdilutedsharesoutstanding": -361300000,
        "othercomprehensiveincomelossforeigncurrencytransactionandtranslationadjustmentnetoftax": 91700000,
        "othercomprehensiveincomelosspensionandotherpostretirementbenefitplansadjustmentnetoftax": -36300000,
        "othercomprehensiveincomelossnetoftax": 36300000,
        "comprehensiveincomenetoftaxincludingportionattributabletononcontrollinginterest": 355200000
    },
    {
        "date": "2022-09-29",
        "symbol": "FTV",
        "period": "Q3",
        "revenuefromcontractwithcustomerexcludingassessedtax": 3200000,
        "costofgoodsandservicessold": 610600000,
        "grossprofit": 845400000,
        "sellinggeneralandadministrativeexpense": 491300000,
        "researchanddevelopmentexpense": 101100000,
        "unusualorinfrequentitemorbothexitandwinddowncosts": 1100000,
        "operatingincomeloss": -1100000,
        "interestexpense": 26400000,
        "othernonoperatingincomeexpense": -8000000,
        "incomelossfromcontinuingoperationsbeforeincometaxesextraordinaryitemsnoncontrollinginterest": 217500000,
        "incometaxexpensebenefit": 27600000,
        "incomelossfromcontinuingoperationsincludingportionattributabletononcontrollinginterest": 189900000,
        "profitloss": 189900000,
        "netincomelossavailabletocommonstockholdersbasic": 189900000,
        "incomelossfromcontinuingoperationsperbasicshare": 0.53,
        "incomelossfromcontinuingoperationsperdilutedshare": 0.53,
        "earningspersharebasic": 0.53,
        "earningspersharediluted": 0.53,
        "weightedaveragenumberofsharesoutstandingbasic": 355200000,
        "weightedaveragenumberofdilutedsharesoutstanding": 357900000,
        "othercomprehensiveincomelossforeigncurrencytransactionandtranslationadjustmentnetoftax": -112400000,
        "othercomprehensiveincomelosspensionandotherpostretirementbenefitplansadjustmentnetoftax": -800000,
        "othercomprehensiveincomelossnetoftax": 800000,
        "comprehensiveincomenetoftaxincludingportionattributabletononcontrollinginterest": 78300000
    },
    {
        "date": "2022-06-30",
        "symbol": "FTV",
        "period": "Q2",
        "revenuefromcontractwithcustomerexcludingassessedtax": 3400000,
        "costofgoodsandservicessold": 629800000,
        "grossprofit": 833500000,
        "sellinggeneralandadministrativeexpense": 484900000,
        "researchanddevelopmentexpense": 100100000,
        "operatingincomeloss": 7900000,
        "interestexpense": 0,
        "gainslossesonextinguishmentofdebt": 0,
        "othernonoperatingincomeexpense": -3100000,
        "incomelossfromcontinuingoperationsbeforeincometaxesextraordinaryitemsnoncontrollinginterest": 208200000,
        "incometaxexpensebenefit": 35200000,
        "incomelossfromcontinuingoperationsincludingportionattributabletononcontrollinginterest": 173000000,
        "profitloss": 173000000,
        "netincomelossavailabletocommonstockholdersbasic": 173000000,
        "incomelossfromcontinuingoperationsperbasicshare": 0.4799999999999999,
        "incomelossfromcontinuingoperationsperdilutedshare": 0.48000000000000004,
        "earningspersharebasic": 0.4799999999999999,
        "earningspersharediluted": 0.48000000000000004,
        "weightedaveragenumberofsharesoutstandingbasic": -1000000,
        "weightedaveragenumberofdilutedsharesoutstanding": -4200000,
        "othercomprehensiveincomelossforeigncurrencytransactionandtranslationadjustmentnetoftax": -118600000,
        "othercomprehensiveincomelosspensionandotherpostretirementbenefitplansadjustmentnetoftax": -400000,
        "othercomprehensiveincomelossnetoftax": 400000,
        "comprehensiveincomenetoftaxincludingportionattributabletononcontrollinginterest": 54800000
    },
    {
        "date": "2022-03-31",
        "symbol": "FTV",
        "period": "Q1",
        "revenuefromcontractwithcustomerexcludingassessedtax": 3400000,
        "costofgoodsandservicessold": 584500000,
        "grossprofit": 792000000,
        "sellinggeneralandadministrativeexpense": 480600000,
        "researchanddevelopmentexpense": 99100000,
        "operatingincomeloss": -24100000,
        "interestexpense": 2100000,
        "gainslossesonextinguishmentofdebt": -10500000,
        "othernonoperatingincomeexpense": -2700000,
        "incomelossfromcontinuingoperationsbeforeincometaxesextraordinaryitemsnoncontrollinginterest": 190800000,
        "incometaxexpensebenefit": 25700000,
        "incomelossfromcontinuingoperationsincludingportionattributabletononcontrollinginterest": 165100000,
        "profitloss": 165100000,
        "netincomelossavailabletocommonstockholdersbasic": 165100000,
        "incomelossfromcontinuingoperationsperbasicshare": 0.46,
        "incomelossfromcontinuingoperationsperdilutedshare": 0.45,
        "earningspersharebasic": 0.46,
        "earningspersharediluted": 0.45,
        "weightedaveragenumberofsharesoutstandingbasic": 359300000,
        "weightedaveragenumberofdilutedsharesoutstanding": 368400000,
        "othercomprehensiveincomelossforeigncurrencytransactionandtranslationadjustmentnetoftax": -39400000,
        "othercomprehensiveincomelosspensionandotherpostretirementbenefitplansadjustmentnetoftax": -500000,
        "othercomprehensiveincomelossnetoftax": 500000,
        "comprehensiveincomenetoftaxincludingportionattributabletononcontrollinginterest": 126200000
    },
    {
        "date": "2021-09-30",
        "symbol": "FTV",
        "period": "Q3",
        "revenuefromcontractwithcustomerexcludingassessedtax": 1105600000,
        "costofgoodsandservicessold": 448300000,
        "grossprofit": 744200000,
        "sellinggeneralandadministrativeexpense": 455600000,
        "researchanddevelopmentexpense": 87800000,
        "operatingincomeloss": 200800000,
        "interestexpense": 25100000,
        "gainslossesonextinguishmentofdebt": 0,
        "othernonoperatingincomeexpense": -1600000,
        "incomelossfromcontinuingoperationsbeforeincometaxesextraordinaryitemsnoncontrollinginterest": 174100000,
        "incometaxexpensebenefit": 23000000,
        "incomelossfromcontinuingoperationsincludingportionattributabletononcontrollinginterest": 151100000,
        "incomelossfromdiscontinuedoperationsnetoftax": -300000,
        "profitloss": 150800000,
        "preferredstockdividendsincomestatementimpact": 0,
        "netincomelossavailabletocommonstockholdersbasic": 150800000,
        "incomelossfromcontinuingoperationsperbasicshare": 0.42999999999999994,
        "incomelossfromcontinuingoperationsperdilutedshare": 0.41999999999999993,
        "earningspersharebasic": 0.41999999999999993,
        "earningspersharediluted": 0.41999999999999993,
        "weightedaveragenumberofsharesoutstandingbasic": 6600000,
        "weightedaveragenumberofdilutedsharesoutstanding": 6700000,
        "othercomprehensiveincomelossforeigncurrencytransactionandtranslationadjustmentnetoftax": -35700000,
        "othercomprehensiveincomelosspensionandotherpostretirementbenefitplansadjustmentnetoftax": -900000,
        "othercomprehensiveincomelossnetoftax": -34800000,
        "comprehensiveincomenetoftaxincludingportionattributabletononcontrollinginterest": 116000000
    },
    {
        "date": "2021-07-01",
        "symbol": "FTV",
        "period": "Q2",
        "revenuefromcontractwithcustomerexcludingassessedtax": 2209900000,
        "costofgoodsandservicessold": 361000000,
        "grossprofit": 755500000,
        "sellinggeneralandadministrativeexpense": 456400000,
        "researchanddevelopmentexpense": 87800000,
        "operatingincomeloss": 434200000,
        "interestexpense": 25200000,
        "gainslossesonextinguishmentofdebt": -94400000,
        "equitysecuritiesfvnirealizedgain": 0,
        "othernonoperatingincomeexpense": -4600000,
        "incomelossfromcontinuingoperationsbeforeincometaxesextraordinaryitemsnoncontrollinginterest": 207500000,
        "incometaxexpensebenefit": 25500000,
        "incomelossfromcontinuingoperationsincludingportionattributabletononcontrollinginterest": 182000000,
        "incomelossfromdiscontinuedoperationsnetoftax": -1100000,
        "profitloss": 180900000,
        "preferredstockdividendsincomestatementimpact": 17200000,
        "netincomelossavailabletocommonstockholdersbasic": 163700000,
        "incomelossfromcontinuingoperationsperbasicshare": 0.48,
        "incomelossfromcontinuingoperationsperdilutedshare": 0.48,
        "earningspersharebasic": 0.49,
        "earningspersharediluted": 0.48,
        "weightedaveragenumberofsharesoutstandingbasic": 400000,
        "weightedaveragenumberofdilutedsharesoutstanding": 400000,
        "othercomprehensiveincomelossforeigncurrencytransactionandtranslationadjustmentnetoftax": 16600000,
        "othercomprehensiveincomelosspensionandotherpostretirementbenefitplansadjustmentnetoftax": -900000,
        "othercomprehensiveincomelossnetoftax": -17200000,
        "comprehensiveincomenetoftaxincludingportionattributabletononcontrollinginterest": 198400000
    },
    {
        "date": "2021-04-01",
        "symbol": "FTV",
        "period": "Q1",
        "revenuefromcontractwithcustomerexcludingassessedtax": 3300000,
        "costofgoodsandservicessold": 547300000,
        "grossprofit": 711900000,
        "sellinggeneralandadministrativeexpense": 428100000,
        "researchanddevelopmentexpense": 86200000,
        "operatingincomeloss": -25300000,
        "interestexpense": 27700000,
        "gainslossesonextinguishmentofdebt": -10500000,
        "equitysecuritiesfvnirealizedgain": 57000000,
        "othernonoperatingincomeexpense": -3300000,
        "incomelossfromcontinuingoperationsbeforeincometaxesextraordinaryitemsnoncontrollinginterest": 118700000,
        "incometaxexpensebenefit": 7000000,
        "incomelossfromcontinuingoperationsincludingportionattributabletononcontrollinginterest": 111700000,
        "incomelossfromdiscontinuedoperationsnetoftax": -1500000,
        "profitloss": 110200000,
        "preferredstockdividendsincomestatementimpact": 17300000,
        "netincomelossavailabletocommonstockholdersbasic": 92900000,
        "incomelossfromcontinuingoperationsperbasicshare": 0.28,
        "incomelossfromcontinuingoperationsperdilutedshare": 0.28,
        "earningspersharebasic": 0.27,
        "earningspersharediluted": 0.27,
        "weightedaveragenumberofsharesoutstandingbasic": 338600000,
        "weightedaveragenumberofdilutedsharesoutstanding": 341700000,
        "othercomprehensiveincomelossforeigncurrencytransactionandtranslationadjustmentnetoftax": -34700000,
        "othercomprehensiveincomelosspensionandotherpostretirementbenefitplansadjustmentnetoftax": -1000000,
        "othercomprehensiveincomelossnetoftax": 1000000,
        "comprehensiveincomenetoftaxincludingportionattributabletononcontrollinginterest": 76500000
    },
    {
        "date": "2020-09-24",
        "symbol": "FTV",
        "period": "Q3",
        "revenuefromcontractwithcustomerexcludingassessedtax": 2420100000,
        "costofgoodsandservicessold": 629400000,
        "grossprofit": 983400000,
        "sellinggeneralandadministrativeexpense": 562300000,
        "researchanddevelopmentexpense": 110700000,
        "operatingincomeloss": 453400000,
        "interestexpense": 43900000,
        "othernonoperatingincomeexpense": -1400000,
        "incomelossfromcontinuingoperationsbeforeincometaxesextraordinaryitemsnoncontrollinginterest": 265100000,
        "incometaxexpensebenefit": 39300000,
        "incomelossfromcontinuingoperationsincludingportionattributabletononcontrollinginterest": 225800000,
        "incomelossfromdiscontinuedoperationsnetoftax": 0,
        "profitloss": 225800000,
        "preferredstockdividendsincomestatementimpact": 17300000,
        "netincomelossavailabletocommonstockholdersbasic": 208500000,
        "incomelossfromcontinuingoperationsperbasicshare": 0.6199999999999999,
        "incomelossfromcontinuingoperationsperdilutedshare": 0.6199999999999999,
        "earningspersharebasic": 0.6299999999999999,
        "earningspersharediluted": 0.6199999999999999,
        "weightedaveragenumberofsharesoutstandingbasic": -336800000,
        "weightedaveragenumberofdilutedsharesoutstanding": -339500000,
        "othercomprehensiveincomelossforeigncurrencytransactionandtranslationadjustmentnetoftax": 63900000,
        "othercomprehensiveincomelosspensionandotherpostretirementbenefitplansadjustmentnetoftax": -1000000,
        "othercomprehensiveincomelossnetoftax": -71400000,
        "comprehensiveincomenetoftaxincludingportionattributabletononcontrollinginterest": 290700000
    },
    {
        "date": "2020-06-25",
        "symbol": "FTV",
        "period": "Q2",
        "revenuefromcontractwithcustomerexcludingassessedtax": 1367700000,
        "costofgoodsandservicessold": 634900000,
        "grossprofit": 814300000,
        "sellinggeneralandadministrativeexpense": 516600000,
        "researchanddevelopmentexpense": 106600000,
        "operatingincomeloss": 191100000,
        "interestexpense": 43200000,
        "othernonoperatingincomeexpense": 5300000,
        "incomelossfromcontinuingoperationsbeforeincometaxesextraordinaryitemsnoncontrollinginterest": 153200000,
        "incometaxexpensebenefit": 22900000,
        "incomelossfromcontinuingoperationsincludingportionattributabletononcontrollinginterest": 130300000,
        "incomelossfromdiscontinuedoperationsnetoftax": -300000,
        "profitloss": 130000000,
        "preferredstockdividendsincomestatementimpact": 17200000,
        "netincomelossavailabletocommonstockholdersbasic": 112800000,
        "incomelossfromcontinuingoperationsperbasicshare": 0.34,
        "incomelossfromcontinuingoperationsperdilutedshare": 0.33,
        "earningspersharebasic": 0.33,
        "earningspersharediluted": 0.33,
        "weightedaveragenumberofsharesoutstandingbasic": 337300000,
        "weightedaveragenumberofdilutedsharesoutstanding": 339700000,
        "othercomprehensiveincomelossforeigncurrencytransactionandtranslationadjustmentnetoftax": 36000000,
        "othercomprehensiveincomelosspensionandotherpostretirementbenefitplansadjustmentnetoftax": -1000000,
        "othercomprehensiveincomelossnetoftax": 37000000,
        "comprehensiveincomenetoftaxincludingportionattributabletononcontrollinginterest": 167000000
    },
    {
        "date": "2020-03-26",
        "symbol": "FTV",
        "period": "Q1",
        "revenuefromcontractwithcustomerexcludingassessedtax": 739000000,
        "costofgoodsandservicessold": 837700000,
        "grossprofit": 875800000,
        "sellinggeneralandadministrativeexpense": 557200000,
        "researchanddevelopmentexpense": 113700000,
        "goodwillimpairmentloss": 85300000,
        "operatingincomeloss": -23400000,
        "interestexpense": 43600000,
        "othernonoperatingincomeexpense": -4600000,
        "incomelossfromcontinuingoperationsbeforeincometaxesextraordinaryitemsnoncontrollinginterest": 71400000,
        "incometaxexpensebenefit": 29100000,
        "incomelossfromcontinuingoperationsincludingportionattributabletononcontrollinginterest": 42300000,
        "incomelossfromdiscontinuedoperationsnetoftax": -400000,
        "profitloss": 41900000,
        "preferredstockdividendsincomestatementimpact": 17300000,
        "netincomelossavailabletocommonstockholdersbasic": 24600000,
        "incomelossfromcontinuingoperationsperbasicshare": 0.07,
        "incomelossfromcontinuingoperationsperdilutedshare": 0.07,
        "earningspersharebasic": 0.07,
        "earningspersharediluted": 0.07,
        "weightedaveragenumberofsharesoutstandingbasic": 336800000,
        "weightedaveragenumberofdilutedsharesoutstanding": 340000000,
        "othercomprehensiveincomelossforeigncurrencytransactionandtranslationadjustmentnetoftax": -136300000,
        "othercomprehensiveincomelosspensionandotherpostretirementbenefitplansadjustmentnetoftax": 1000000,
        "othercomprehensiveincomelossnetoftax": -1000000,
        "comprehensiveincomenetoftaxincludingportionattributabletononcontrollinginterest": -95400000
    },
    {
        "date": "2019-12-30",
        "symbol": "FTV",
        "period": "Q4",
        "profitloss": 192800000,
        "othercomprehensiveincomelossforeigncurrencytransactionandtranslationadjustmentnetoftax": 85000000,
        "othercomprehensiveincomelosspensionandotherpostretirementbenefitplansadjustmentnetoftax": 21700000,
        "othercomprehensiveincomelossnetoftax": 80000000,
        "comprehensiveincomenetoftaxincludingportionattributabletononcontrollinginterest": 256100000,
        "revenuefromcontractwithcustomerexcludingassessedtax": 1587800000,
        "costofgoodsandservicessold": 681400000,
        "grossprofit": 1035900000,
        "sellinggeneralandadministrativeexpense": 629500000,
        "researchanddevelopmentexpense": 111200000,
        "operatingincomeloss": 536700000,
        "interestexpense": 47500000,
        "othernonoperatingincomeexpense": -4600000,
        "incomelossfromcontinuingoperationsbeforeincometaxesextraordinaryitemsnoncontrollinginterest": 242700000,
        "incometaxexpensebenefit": 63900000,
        "incomelossfromcontinuingoperationsincludingportionattributabletononcontrollinginterest": 178800000,
        "incomelossfromdiscontinuedoperationsnetoftax": 14000000,
        "preferredstockdividendsincomestatementimpact": 17200000,
        "netincomelossavailabletocommonstockholdersbasic": 175600000,
        "incomelossfromcontinuingoperationsperbasicshare": 0.4699999999999999,
        "incomelossfromcontinuingoperationsperdilutedshare": 0.4699999999999999,
        "earningspersharebasic": 0.52,
        "earningspersharediluted": 0.52,
        "weightedaveragenumberofsharesoutstandingbasic": -671000000,
        "weightedaveragenumberofdilutedsharesoutstanding": -679100000
    },
    {
        "date": "2019-09-26",
        "symbol": "FTV",
        "period": "Q3",
        "profitloss": 207100000,
        "othercomprehensiveincomelossforeigncurrencytransactionandtranslationadjustmentnetoftax": -52500000,
        "othercomprehensiveincomelosspensionandotherpostretirementbenefitplansadjustmentnetoftax": -500000,
        "othercomprehensiveincomelossnetoftax": -52000000,
        "comprehensiveincomenetoftaxincludingportionattributabletononcontrollinginterest": 155100000,
        "revenuefromcontractwithcustomerexcludingassessedtax": 778600000,
        "costofgoodsandservicessold": 781200000,
        "grossprofit": 927700000,
        "sellinggeneralandadministrativeexpense": 566500000,
        "researchanddevelopmentexpense": 119100000,
        "operatingincomeloss": 242100000,
        "gainlossonsaleofbusiness": 41200000,
        "interestexpense": 47000000,
        "othernonoperatingincomeexpense": -1200000,
        "incomelossfromcontinuingoperationsbeforeincometaxesextraordinaryitemsnoncontrollinginterest": 235100000,
        "incometaxexpensebenefit": 27800000,
        "incomelossfromcontinuingoperationsincludingportionattributabletononcontrollinginterest": 207300000,
        "incomelossfromdiscontinuedoperationsnetoftax": -200000,
        "preferredstockdividendsincomestatementimpact": 17300000,
        "netincomelossavailabletocommonstockholdersbasic": 189800000,
        "incomelossfromcontinuingoperationsperbasicshare": 0.57,
        "incomelossfromcontinuingoperationsperdilutedshare": 0.56,
        "earningspersharebasic": 0.56,
        "earningspersharediluted": 0.56,
        "weightedaveragenumberofsharesoutstandingbasic": 336100000,
        "weightedaveragenumberofdilutedsharesoutstanding": 339900000
    },
    {
        "date": "2019-06-27",
        "symbol": "FTV",
        "period": "Q2",
        "profitloss": 174600000,
        "othercomprehensiveincomelossforeigncurrencytransactionandtranslationadjustmentnetoftax": 1300000,
        "othercomprehensiveincomelosspensionandotherpostretirementbenefitplansadjustmentnetoftax": -500000,
        "othercomprehensiveincomelossnetoftax": 1800000,
        "comprehensiveincomenetoftaxincludingportionattributabletononcontrollinginterest": 176400000,
        "revenuefromcontractwithcustomerexcludingassessedtax": 773100000,
        "costofgoodsandservicessold": 808000000,
        "grossprofit": 904000000,
        "sellinggeneralandadministrativeexpense": 537100000,
        "researchanddevelopmentexpense": 117400000,
        "operatingincomeloss": 249500000,
        "interestexpense": 44400000,
        "othernonoperatingincomeexpense": -800000,
        "incomelossfromcontinuingoperationsbeforeincometaxesextraordinaryitemsnoncontrollinginterest": 204300000,
        "incometaxexpensebenefit": 29000000,
        "incomelossfromcontinuingoperationsincludingportionattributabletononcontrollinginterest": 175300000,
        "incomelossfromdiscontinuedoperationsnetoftax": -700000,
        "preferredstockdividendsincomestatementimpact": 17200000,
        "netincomelossavailabletocommonstockholdersbasic": 157400000,
        "incomelossfromcontinuingoperationsperbasicshare": 0.47,
        "incomelossfromcontinuingoperationsperdilutedshare": 0.47,
        "earningspersharebasic": 0.47,
        "earningspersharediluted": 0.46,
        "weightedaveragenumberofsharesoutstandingbasic": 335600000,
        "weightedaveragenumberofdilutedsharesoutstanding": 339700000
    },
    {
        "date": "2019-03-28",
        "symbol": "FTV",
        "period": "Q1",
        "profitloss": 164400000,
        "othercomprehensiveincomelossforeigncurrencytransactionandtranslationadjustmentnetoftax": 16700000,
        "othercomprehensiveincomelosspensionandotherpostretirementbenefitplansadjustmentnetoftax": -500000,
        "othercomprehensiveincomelossnetoftax": 500000,
        "comprehensiveincomenetoftaxincludingportionattributabletononcontrollinginterest": 181600000,
        "revenuefromcontractwithcustomerexcludingassessedtax": 18900000,
        "costofgoodsandservicessold": 780200000,
        "grossprofit": 812700000,
        "sellinggeneralandadministrativeexpense": 486400000,
        "researchanddevelopmentexpense": 109000000,
        "operatingincomeloss": -24200000,
        "interestexpense": 25300000,
        "othernonoperatingincomeexpense": 400000,
        "incomelossfromcontinuingoperationsbeforeincometaxesextraordinaryitemsnoncontrollinginterest": 192400000,
        "incometaxexpensebenefit": 28400000,
        "incomelossfromcontinuingoperationsincludingportionattributabletononcontrollinginterest": 164000000,
        "incomelossfromdiscontinuedoperationsnetoftax": 400000,
        "preferredstockdividendsincomestatementimpact": 17300000,
        "netincomelossavailabletocommonstockholdersbasic": 147100000,
        "incomelossfromcontinuingoperationsperbasicshare": 0.44,
        "incomelossfromcontinuingoperationsperdilutedshare": 0.43,
        "earningspersharebasic": 0.44,
        "earningspersharediluted": 0.43,
        "weightedaveragenumberofsharesoutstandingbasic": 335100000,
        "weightedaveragenumberofdilutedsharesoutstanding": 339500000
    },
    {
        "date": "2018-12-30",
        "symbol": "FTV",
        "period": "Q4",
        "profitloss": 2112300000,
        "othercomprehensiveincomelossforeigncurrencytransactionandtranslationadjustmentnetoftax": -40000000,
        "othercomprehensiveincomelosspensionandotherpostretirementbenefitplansadjustmentnetoftax": -1500000,
        "othercomprehensiveincomelossnetoftax": -37800000,
        "comprehensiveincomenetoftaxincludingportionattributabletononcontrollinginterest": 2073800000,
        "costofgoodsandservicessold": -45600000,
        "grossprofit": 587300000,
        "sellinggeneralandadministrativeexpense": 369000000,
        "researchanddevelopmentexpense": 81900000,
        "operatingincomeloss": 299400000,
        "interestexpense": 22700000,
        "incomelossfromcontinuingoperationsbeforeincometaxesextraordinaryitemsnoncontrollinginterest": 113300000,
        "incometaxexpensebenefit": -3500000,
        "earningspersharebasic": 6.09,
        "earningspersharediluted": 6.000000000000001,
        "weightedaveragenumberofsharesoutstandingbasic": -702200000,
        "weightedaveragenumberofdilutedsharesoutstanding": -714000000
    },
    {
        "date": "2018-09-27",
        "symbol": "FTV",
        "period": "Q3",
        "profitloss": 245300000,
        "othercomprehensiveincomelossforeigncurrencytransactionandtranslationadjustmentnetoftax": -23900000,
        "othercomprehensiveincomelosspensionandotherpostretirementbenefitplansadjustmentnetoftax": -700000,
        "othercomprehensiveincomelossnetoftax": -23200000,
        "comprehensiveincomenetoftaxincludingportionattributabletononcontrollinginterest": 222100000,
        "revenues": 837000000,
        "costofgoodsandservicessold": 915800000,
        "grossprofit": 924300000,
        "sellinggeneralandadministrativeexpense": 490400000,
        "researchanddevelopmentexpense": 112500000,
        "operatingincomeloss": 321400000,
        "interestexpense": 24400000,
        "othernonoperatingexpense": 800000,
        "incomelossfromcontinuingoperationsbeforeincometaxesextraordinaryitemsnoncontrollinginterest": 296200000,
        "incometaxexpensebenefit": 50900000,
        "preferredstockdividendsincomestatementimpact": 17400000,
        "netincomelossfromcontinuingoperationsavailabletocommonshareholdersbasic": 227900000,
        "earningspersharebasic": 0.65,
        "earningspersharediluted": 0.64,
        "weightedaveragenumberofsharesoutstandingbasic": 349900000,
        "weightedaveragenumberofdilutedsharesoutstanding": 355300000
    },
    {
        "date": "2018-06-28",
        "symbol": "FTV",
        "period": "Q2",
        "profitloss": 295000000,
        "othercomprehensiveincomelossforeigncurrencytransactionandtranslationadjustmentnetoftax": -99800000,
        "othercomprehensiveincomelosspensionandotherpostretirementbenefitplansadjustmentnetoftax": -700000,
        "othercomprehensiveincomelossnetoftax": -99800000,
        "comprehensiveincomenetoftaxincludingportionattributabletononcontrollinginterest": 195900000,
        "revenues": 616500000,
        "costofgoodsandservicessold": 917100000,
        "grossprofit": 938900000,
        "sellinggeneralandadministrativeexpense": 445500000,
        "researchanddevelopmentexpense": 111000000,
        "operatingincomeloss": 219400000,
        "interestexpense": 25300000,
        "othernonoperatingexpense": 1100000,
        "incomelossfromcontinuingoperationsbeforeincometaxesextraordinaryitemsnoncontrollinginterest": 356000000,
        "incometaxexpensebenefit": 61000000,
        "preferredstockdividendsincomestatementimpact": 200000,
        "netincomelossfromcontinuingoperationsavailabletocommonshareholdersbasic": 294800000,
        "earningspersharebasic": 0.84,
        "earningspersharediluted": 0.83,
        "weightedaveragenumberofsharesoutstandingbasic": 349200000,
        "weightedaveragenumberofdilutedsharesoutstanding": 355000000
    },
    {
        "date": "2018-03-29",
        "symbol": "FTV",
        "period": "Q1",
        "profitloss": 261200000,
        "othercomprehensiveincomelossforeigncurrencytransactionandtranslationadjustmentnetoftax": 36400000,
        "othercomprehensiveincomelosspensionandotherpostretirementbenefitplansadjustmentnetoftax": -700000,
        "othercomprehensiveincomelossnetoftax": 37100000,
        "comprehensiveincomenetoftaxincludingportionattributabletononcontrollinginterest": 298300000,
        "salesrevenuenet": 1740700000,
        "costofgoodsandservicessold": 869900000,
        "grossprofit": 870800000,
        "sellinggeneralandadministrativeexpense": 423700000,
        "researchanddevelopmentexpense": 108900000,
        "operatingincomeloss": 338200000,
        "interestexpense": 24600000,
        "othernonoperatingexpense": 700000,
        "incomelossfromcontinuingoperationsbeforeincometaxesextraordinaryitemsnoncontrollinginterest": 312900000,
        "incometaxexpensebenefit": 51700000,
        "earningspersharebasic": 0.75,
        "earningspersharediluted": 0.74,
        "weightedaveragenumberofsharesoutstandingbasic": 348600000,
        "weightedaveragenumberofdilutedsharesoutstanding": 354400000
    },
    {
        "date": "2017-12-30",
        "symbol": "FTV",
        "period": "Q4",
        "salesrevenuenet": -980900000,
        "costofgoodsandservicessold": 896700000,
        "grossprofit": 910000000,
        "sellinggeneralandadministrativeexpense": 445500000,
        "researchanddevelopmentexpense": 108700000,
        "operatingincomeloss": 51300000,
        "incomelossfromcontinuingoperationsbeforeincometaxesextraordinaryitemsnoncontrollinginterest": 338000000,
        "incometaxexpensebenefit": 1100000,
        "profitloss": 336900000,
        "earningspersharebasic": 0.9699999999999999,
        "earningspersharediluted": 0.9500000000000001,
        "weightedaveragenumberofsharesoutstandingbasic": -694400000,
        "weightedaveragenumberofdilutedsharesoutstanding": -704000000,
        "othercomprehensiveincomelossforeigncurrencytransactionandtranslationadjustmentnetoftax": 9700000,
        "othercomprehensiveincomelosspensionandotherpostretirementbenefitplansadjustmentnetoftax": 1000000,
        "othercomprehensiveincomelossnetoftax": 8900000,
        "comprehensiveincomenetoftaxincludingportionattributabletononcontrollinginterest": 345600000
    },
    {
        "date": "2017-09-28",
        "symbol": "FTV",
        "period": "Q3",
        "profitloss": 267800000,
        "othercomprehensiveincomelossforeigncurrencytransactionandtranslationadjustmentnetoftax": 38100000,
        "othercomprehensiveincomelosspensionandotherpostretirementbenefitplansadjustmentnetoftax": -900000,
        "othercomprehensiveincomelossnetoftax": 38100000,
        "comprehensiveincomenetoftaxincludingportionattributabletononcontrollinginterest": 306800000,
        "salesrevenuenet": 786800000,
        "costofgoodsandservicessold": 845900000,
        "grossprofit": 839400000,
        "sellinggeneralandadministrativeexpense": 381500000,
        "researchanddevelopmentexpense": 102000000,
        "operatingincomeloss": 178600000,
        "businesscombinationstepacquisitionequityinterestinacquireeremeasurementgain": 15300000,
        "interestexpense": 22900000,
        "incomelossfromcontinuingoperationsbeforeincometaxesextraordinaryitemsnoncontrollinginterest": 348300000,
        "incometaxexpensebenefit": 80500000,
        "earningspersharebasic": 0.77,
        "earningspersharediluted": 0.76,
        "weightedaveragenumberofsharesoutstandingbasic": 347700000,
        "weightedaveragenumberofdilutedsharesoutstanding": 352900000
    },
    {
        "date": "2017-06-29",
        "symbol": "FTV",
        "period": "Q2",
        "profitloss": 240100000,
        "othercomprehensiveincomelossforeigncurrencytransactionandtranslationadjustmentnetoftax": 45200000,
        "othercomprehensiveincomelosspensionandotherpostretirementbenefitplansadjustmentnetoftax": -900000,
        "othercomprehensiveincomelossnetoftax": 45200000,
        "comprehensiveincomenetoftaxincludingportionattributabletononcontrollinginterest": 286200000,
        "salesrevenuenet": 759000000,
        "costofgoodsandservicessold": 823700000,
        "grossprofit": 805100000,
        "sellinggeneralandadministrativeexpense": 357700000,
        "researchanddevelopmentexpense": 99100000,
        "operatingincomeloss": 184900000,
        "interestexpense": 22700000,
        "incomelossfromcontinuingoperationsbeforeincometaxesextraordinaryitemsnoncontrollinginterest": 325600000,
        "incometaxexpensebenefit": 85500000,
        "earningspersharebasic": 0.69,
        "earningspersharediluted": 0.68,
        "weightedaveragenumberofsharesoutstandingbasic": 347200000,
        "weightedaveragenumberofdilutedsharesoutstanding": 352200000
    },
    {
        "date": "2017-03-30",
        "symbol": "FTV",
        "period": "Q1",
        "profitloss": 199700000,
        "othercomprehensiveincomelossforeigncurrencytransactionandtranslationadjustmentnetoftax": 43600000,
        "othercomprehensiveincomelosspensionandotherpostretirementbenefitplansadjustmentnetoftax": -800000,
        "othercomprehensiveincomelossnetoftax": 44400000,
        "comprehensiveincomenetoftaxincludingportionattributabletononcontrollinginterest": 244100000,
        "salesrevenuenet": 1535200000,
        "costofgoodsandservicessold": 791200000,
        "grossprofit": 744000000,
        "sellinggeneralandadministrativeexpense": 352900000,
        "researchanddevelopmentexpense": 96200000,
        "operatingincomeloss": 294900000,
        "interestexpense": 22600000,
        "incomelossfromcontinuingoperationsbeforeincometaxesextraordinaryitemsnoncontrollinginterest": 272300000,
        "incometaxexpensebenefit": 72600000,
        "earningspersharebasic": 0.58,
        "earningspersharediluted": 0.57,
        "weightedaveragenumberofsharesoutstandingbasic": 347000000,
        "weightedaveragenumberofdilutedsharesoutstanding": 351500000
    },
    {
        "date": "2016-09-29",
        "symbol": "FTV",
        "period": "Q3",
        "profitloss": 226900000,
        "othercomprehensiveincomelossforeigncurrencytransactionandtranslationadjustmentnetoftax": -25700000,
        "othercomprehensiveincomelosspensionandotherpostretirementbenefitplansadjustmentnetoftax": -1000000,
        "othercomprehensiveincomelossnetoftax": -24700000,
        "comprehensiveincomenetoftaxincludingportionattributabletononcontrollinginterest": 202200000,
        "salesrevenuenet": 1567400000,
        "costofgoodsandservicessold": 794500000,
        "grossprofit": 772900000,
        "sellinggeneralandadministrativeexpense": 354500000,
        "researchanddevelopmentexpense": 95200000,
        "operatingincomeloss": 323200000,
        "interestexpense": 23400000,
        "incomelossfromcontinuingoperationsbeforeincometaxesextraordinaryitemsnoncontrollinginterest": 299800000,
        "incometaxexpensebenefit": 72900000,
        "earningspersharebasic": 0.66,
        "earningspersharediluted": 0.65,
        "weightedaveragenumberofsharesoutstandingbasic": 346000000,
        "weightedaveragenumberofdilutedsharesoutstanding": 349200000
    },
    {
        "date": "2016-06-30",
        "symbol": "FTV",
        "period": "Q2",
        "profitloss": 238900000,
        "othercomprehensiveincomelossforeigncurrencytransactionandtranslationadjustmentnetoftax": -10600000,
        "othercomprehensiveincomelosspensionandotherpostretirementbenefitplansadjustmentnetoftax": -1100000,
        "othercomprehensiveincomelossnetoftax": -10600000,
        "comprehensiveincomenetoftaxincludingportionattributabletononcontrollinginterest": 229400000,
        "salesrevenuenet": 724200000,
        "costofgoodsandservicessold": 787000000,
        "grossprofit": 768100000,
        "sellinggeneralandadministrativeexpense": 349300000,
        "researchanddevelopmentexpense": 96700000,
        "operatingincomeloss": 162400000,
        "interestexpense": 2700000,
        "incomelossfromcontinuingoperationsbeforeincometaxesextraordinaryitemsnoncontrollinginterest": 319400000,
        "incometaxexpensebenefit": 80500000,
        "earningspersharebasicanddiluted": 0.69,
        "weightedaveragenumberofshareoutstandingbasicanddiluted": 345200000
    }
]