[
    {
        "date": "2024-09-26",
        "symbol": "LDOS",
        "period": "Q3",
        "revenues": 4190000000,
        "costofrevenue": 3428000000,
        "sellinggeneralandadministrativeexpense": 247000000,
        "acquisitionintegrationandrestructuringcosts": 3000000,
        "assetimpairmentchargesexcludinggoodwill": 6000000,
        "incomelossfromequitymethodinvestments": 10000000,
        "operatingincomeloss": 516000000,
        "interestincomeexpensenonoperatingnet": -46000000,
        "incomelossfromcontinuingoperationsbeforeincometaxesextraordinaryitemsnoncontrollinginterest": 470000000,
        "incometaxexpensebenefit": 108000000,
        "profitloss": 362000000,
        "netincomelossattributabletononcontrollinginterest": -2000000,
        "netincomeloss": 364000000,
        "earningspersharebasic": 2.72,
        "earningspersharediluted": 2.68,
        "othercomprehensiveincomelossforeigncurrencytransactionandtranslationadjustmentnetoftax": 37000000,
        "othercomprehensiveincomelosscashflowhedgegainlossafterreclassificationandtax": -5000000,
        "othercomprehensiveincomelosspensionandotherpostretirementbenefitplansadjustmentnetoftax": 1000000,
        "othercomprehensiveincomelossnetoftax": 31000000,
        "comprehensiveincomenetoftaxincludingportionattributabletononcontrollinginterest": 393000000,
        "comprehensiveincomenetoftaxattributabletononcontrollinginterest": -2000000,
        "comprehensiveincomenetoftax": 395000000
    },
    {
        "date": "2024-06-27",
        "symbol": "LDOS",
        "period": "Q2",
        "revenues": 4132000000,
        "costofrevenue": 3427000000,
        "sellinggeneralandadministrativeexpense": 231000000,
        "acquisitionintegrationandrestructuringcosts": 7000000,
        "incomelossfromequitymethodinvestments": 8000000,
        "operatingincomeloss": 475000000,
        "othernonoperatingincomeexpense": 2000000,
        "incomelossfromcontinuingoperationsbeforeincometaxesextraordinaryitemsnoncontrollinginterest": 426000000,
        "incometaxexpensebenefit": 102000000,
        "profitloss": 324000000,
        "netincomelossattributabletononcontrollinginterest": 2000000,
        "netincomeloss": 322000000,
        "earningspersharebasic": 2.4000000000000004,
        "earningspersharediluted": 2.35,
        "othercomprehensiveincomelossforeigncurrencytransactionandtranslationadjustmentnetoftax": 8000000,
        "othercomprehensiveincomelosscashflowhedgegainlossafterreclassificationandtax": -1000000,
        "othercomprehensiveincomelosspensionandotherpostretirementbenefitplansadjustmentnetoftax": 0,
        "othercomprehensiveincomelossnetoftax": 7000000,
        "comprehensiveincomenetoftaxincludingportionattributabletononcontrollinginterest": 331000000,
        "comprehensiveincomenetoftaxattributabletononcontrollinginterest": 2000000,
        "comprehensiveincomenetoftax": 329000000
    },
    {
        "date": "2024-03-28",
        "symbol": "LDOS",
        "period": "Q1",
        "revenues": 3975000000,
        "costofrevenue": 3337000000,
        "sellinggeneralandadministrativeexpense": 226000000,
        "acquisitionintegrationandrestructuringcosts": 4000000,
        "incomelossfromequitymethodinvestments": 7000000,
        "operatingincomeloss": 415000000,
        "interestincomeexpensenet": -49000000,
        "othernonoperatingincomeexpense": 2000000,
        "incomelossfromcontinuingoperationsbeforeincometaxesextraordinaryitemsnoncontrollinginterest": 368000000,
        "incometaxexpensebenefit": 85000000,
        "profitloss": 283000000,
        "netincomelossattributabletononcontrollinginterest": -1000000,
        "netincomeloss": 284000000,
        "earningspersharebasic": 2.09,
        "earningspersharediluted": 2.07,
        "othercomprehensiveincomelossforeigncurrencytransactionandtranslationadjustmentnetoftax": -27000000,
        "othercomprehensiveincomelosscashflowhedgegainlossafterreclassificationandtax": 2000000,
        "othercomprehensiveincomelosspensionandotherpostretirementbenefitplansadjustmentnetoftax": -1000000,
        "othercomprehensiveincomelossnetoftax": -24000000,
        "comprehensiveincomenetoftaxincludingportionattributabletononcontrollinginterest": 259000000,
        "comprehensiveincomenetoftaxattributabletononcontrollinginterest": -1000000,
        "comprehensiveincomenetoftax": 260000000
    },
    {
        "date": "2023-12-28",
        "symbol": "LDOS",
        "period": "Q4",
        "revenues": 3980000000,
        "costofrevenue": 3385000000,
        "sellinggeneralandadministrativeexpense": 233000000,
        "acquisitionintegrationandrestructuringcosts": 10000000,
        "incomelossfromequitymethodinvestments": 9000000,
        "operatingincomeloss": 361000000,
        "interestincomeexpensenet": -49000000,
        "othernonoperatingincomeexpense": -2000000,
        "incomelossfromcontinuingoperationsbeforeincometaxesextraordinaryitemsnoncontrollinginterest": 310000000,
        "incometaxexpensebenefit": 80000000,
        "profitloss": 230000000,
        "netincomelossattributabletononcontrollinginterest": 1000000,
        "netincomeloss": 229000000,
        "earningspersharebasic": 1.6700000000000006,
        "earningspersharediluted": 1.6600000000000001,
        "othercomprehensiveincomelossforeigncurrencytransactionandtranslationadjustmentnetoftax": 53000000,
        "othercomprehensiveincomelossnetoftax": 47000000,
        "comprehensiveincomenetoftaxincludingportionattributabletononcontrollinginterest": 277000000,
        "comprehensiveincomenetoftaxattributabletononcontrollinginterest": 1000000,
        "comprehensiveincomenetoftax": 276000000
    },
    {
        "date": "2023-09-28",
        "symbol": "LDOS",
        "period": "Q3",
        "revenues": 9999000000,
        "costofrevenue": 3334000000,
        "sellinggeneralandadministrativeexpense": 239000000,
        "acquisitionintegrationandrestructuringcosts": 5000000,
        "incomelossfromequitymethodinvestments": 8000000,
        "operatingincomeloss": 319000000,
        "interestincomeexpensenet": -53000000,
        "othernonoperatingincomeexpense": 1000000,
        "incomelossfromcontinuingoperationsbeforeincometaxesextraordinaryitemsnoncontrollinginterest": -388000000,
        "incometaxexpensebenefit": 8000000,
        "profitloss": -396000000,
        "netincomelossattributabletononcontrollinginterest": 3000000,
        "netincomeloss": -399000000,
        "earningspersharebasic": -2.91,
        "earningspersharediluted": -2.8899999999999997,
        "othercomprehensiveincomelossforeigncurrencytransactionandtranslationadjustmentnetoftax": -31000000,
        "othercomprehensiveincomelosscashflowhedgegainlossafterreclassificationandtax": 0,
        "othercomprehensiveincomelossnetoftax": -32000000,
        "comprehensiveincomenetoftaxincludingportionattributabletononcontrollinginterest": -428000000,
        "comprehensiveincomenetoftaxattributabletononcontrollinginterest": 3000000,
        "comprehensiveincomenetoftax": -431000000
    },
    {
        "date": "2023-06-29",
        "symbol": "LDOS",
        "period": "Q2",
        "revenues": 749000000,
        "costofrevenue": 3271000000,
        "sellinggeneralandadministrativeexpense": 237000000,
        "acquisitionintegrationandrestructuringcosts": 6000000,
        "incomelossfromequitymethodinvestments": 7000000,
        "operatingincomeloss": -30000000,
        "interestincomeexpensenet": -56000000,
        "othernonoperatingincomeexpense": -1000000,
        "incomelossfromcontinuingoperationsbeforeincometaxesextraordinaryitemsnoncontrollinginterest": 274000000,
        "incometaxexpensebenefit": 64000000,
        "profitloss": 372000000,
        "netincomelossattributabletononcontrollinginterest": 3000000,
        "netincomeloss": 207000000,
        "earningspersharebasic": 1.51,
        "earningspersharediluted": 1.5,
        "othercomprehensiveincomelossforeigncurrencytransactionandtranslationadjustmentnetoftax": -3000000,
        "othercomprehensiveincomelosscashflowhedgegainlossafterreclassificationandtax": 4000000,
        "othercomprehensiveincomelosspensionandotherpostretirementbenefitplansadjustmentnetoftax": 0,
        "othercomprehensiveincomelossnetoftax": 1000000,
        "comprehensiveincomenetoftaxincludingportionattributabletononcontrollinginterest": 211000000,
        "comprehensiveincomenetoftaxattributabletononcontrollinginterest": 3000000,
        "comprehensiveincomenetoftax": 208000000
    },
    {
        "date": "2023-03-30",
        "symbol": "LDOS",
        "period": "Q1",
        "revenues": 710000000,
        "costofrevenue": 3204000000,
        "sellinggeneralandadministrativeexpense": 233000000,
        "acquisitionintegrationandrestructuringcosts": 3000000,
        "incomelossfromequitymethodinvestments": 6000000,
        "operatingincomeloss": -29000000,
        "interestincomeexpensenet": -54000000,
        "othernonoperatingincomeexpense": -4000000,
        "incomelossfromcontinuingoperationsbeforeincometaxesextraordinaryitemsnoncontrollinginterest": 207000000,
        "incometaxexpensebenefit": 43000000,
        "profitloss": 2000000,
        "netincomelossattributabletononcontrollinginterest": 2000000,
        "netincomeloss": 162000000,
        "earningspersharebasic": 1.18,
        "earningspersharediluted": 1.17,
        "othercomprehensiveincomelossforeigncurrencytransactionandtranslationadjustmentnetoftax": 15000000,
        "othercomprehensiveincomelosscashflowhedgegainlossafterreclassificationandtax": -5000000,
        "othercomprehensiveincomelosspensionandotherpostretirementbenefitplansadjustmentnetoftax": 1000000,
        "othercomprehensiveincomelossnetoftax": 9000000,
        "comprehensiveincomenetoftaxincludingportionattributabletononcontrollinginterest": 173000000,
        "comprehensiveincomenetoftaxattributabletononcontrollinginterest": 2000000,
        "comprehensiveincomenetoftax": 171000000
    },
    {
        "date": "2022-12-29",
        "symbol": "LDOS",
        "period": "Q4",
        "revenues": 691000000,
        "costofrevenue": 3176000000,
        "sellinggeneralandadministrativeexpense": 223000000,
        "acquisitionintegrationandrestructuringcosts": 5000000,
        "incomelossfromequitymethodinvestments": 7000000,
        "operatingincomeloss": -27000000,
        "interestincomeexpensenet": -51000000,
        "othernonoperatingincomeexpense": 4000000,
        "incomelossfromcontinuingoperationsbeforeincometaxesextraordinaryitemsnoncontrollinginterest": 218000000,
        "incometaxexpensebenefit": 38000000,
        "profitloss": -505000000,
        "netincomelossattributabletononcontrollinginterest": 3000000,
        "netincomeloss": 177000000,
        "earningspersharebasic": 1.2899999999999998,
        "earningspersharediluted": 1.2799999999999994,
        "othercomprehensiveincomelossforeigncurrencytransactionandtranslationadjustmentnetoftax": 63000000,
        "othercomprehensiveincomelosscashflowhedgegainlossafterreclassificationandtax": 0,
        "othercomprehensiveincomelosspensionandotherpostretirementbenefitplansadjustmentnetoftax": 1000000,
        "othercomprehensiveincomelossnetoftax": 62000000,
        "comprehensiveincomenetoftaxincludingportionattributabletononcontrollinginterest": 242000000,
        "comprehensiveincomenetoftaxattributabletononcontrollinginterest": 3000000,
        "comprehensiveincomenetoftax": 239000000
    },
    {
        "date": "2022-09-29",
        "symbol": "LDOS",
        "period": "Q3",
        "revenues": 659000000,
        "costofrevenue": 3095000000,
        "sellinggeneralandadministrativeexpense": 231000000,
        "acquisitionintegrationandrestructuringcosts": 4000000,
        "incomelossfromequitymethodinvestments": 4000000,
        "operatingincomeloss": -26000000,
        "interestincomeexpensenet": -50000000,
        "othernonoperatingincomeexpense": -10000000,
        "incomelossfromcontinuingoperationsbeforeincometaxesextraordinaryitemsnoncontrollinginterest": 221000000,
        "incometaxexpensebenefit": 57000000,
        "profitloss": 510000000,
        "netincomelossattributabletononcontrollinginterest": 2000000,
        "netincomeloss": 162000000,
        "earningspersharebasic": 1.2,
        "earningspersharediluted": 1.1900000000000004,
        "othercomprehensiveincomelossforeigncurrencytransactionandtranslationadjustmentnetoftax": -75000000,
        "othercomprehensiveincomelosscashflowhedgegainlossafterreclassificationandtax": 18000000,
        "othercomprehensiveincomelosspensionandotherpostretirementbenefitplansadjustmentnetoftax": -1000000,
        "othercomprehensiveincomelossnetoftax": -56000000,
        "comprehensiveincomenetoftaxincludingportionattributabletononcontrollinginterest": 108000000,
        "comprehensiveincomenetoftaxattributabletononcontrollinginterest": 2000000,
        "comprehensiveincomenetoftax": 106000000
    },
    {
        "date": "2022-06-30",
        "symbol": "LDOS",
        "period": "Q2",
        "revenues": 688000000,
        "costofrevenue": 3059000000,
        "sellinggeneralandadministrativeexpense": 260000000,
        "accountsreceivablecreditlossexpenseandrecoveriesnet": 2000000,
        "acquisitionintegrationandrestructuringcosts": 5000000,
        "assetimpairmentcharges": 3000000,
        "incomelossfromequitymethodinvestments": 3000000,
        "operatingincomeloss": -32000000,
        "interestincomeexpensenet": -50000000,
        "othernonoperatingincomeexpense": 4000000,
        "incomelossfromcontinuingoperationsbeforeincometaxesextraordinaryitemsnoncontrollinginterest": 225000000,
        "incometaxexpensebenefit": 53000000,
        "profitloss": 1000000,
        "netincomelossattributabletononcontrollinginterest": 1000000,
        "netincomeloss": 171000000,
        "earningspersharebasic": 1.25,
        "earningspersharediluted": 1.24,
        "othercomprehensiveincomelossforeigncurrencytransactionandtranslationadjustmentnetoftax": -85000000,
        "othercomprehensiveincomelosscashflowhedgegainlossafterreclassificationandtax": 7000000,
        "othercomprehensiveincomelosspensionandotherpostretirementbenefitplansadjustmentnetoftax": 21000000,
        "othercomprehensiveincomelossnetoftax": -99000000,
        "comprehensiveincomenetoftaxincludingportionattributabletononcontrollinginterest": 73000000,
        "comprehensiveincomenetoftaxattributabletononcontrollinginterest": 1000000,
        "comprehensiveincomenetoftax": 72000000
    },
    {
        "date": "2022-03-31",
        "symbol": "LDOS",
        "period": "Q1",
        "revenues": 650000000,
        "costofrevenue": 2982000000,
        "sellinggeneralandadministrativeexpense": 236000000,
        "acquisitionintegrationandrestructuringcosts": 3000000,
        "incomelossfromequitymethodinvestments": -2000000,
        "operatingincomeloss": -23000000,
        "interestincomeexpensenet": -48000000,
        "othernonoperatingincomeexpense": -1000000,
        "incomelossfromcontinuingoperationsbeforeincometaxesextraordinaryitemsnoncontrollinginterest": 222000000,
        "incometaxexpensebenefit": 45000000,
        "profitloss": 2000000,
        "netincomelossattributabletononcontrollinginterest": 2000000,
        "netincomeloss": 175000000,
        "earningspersharebasic": 1.26,
        "earningspersharediluted": 1.25,
        "othercomprehensiveincomelossforeigncurrencytransactionandtranslationadjustmentnetoftax": 2000000,
        "othercomprehensiveincomelosscashflowhedgegainlossafterreclassificationandtax": 29000000,
        "othercomprehensiveincomelosspensionandotherpostretirementbenefitplansadjustmentnetoftax": -1000000,
        "othercomprehensiveincomelossnetoftax": 32000000,
        "comprehensiveincomenetoftaxincludingportionattributabletononcontrollinginterest": 209000000,
        "comprehensiveincomenetoftaxattributabletononcontrollinginterest": 2000000,
        "comprehensiveincomenetoftax": 207000000
    },
    {
        "date": "2021-12-30",
        "symbol": "LDOS",
        "period": "Q4",
        "revenues": 630000000,
        "costofrevenue": 2983000000,
        "sellinggeneralandadministrativeexpense": 235000000,
        "acquisitionintegrationandrestructuringcosts": 6000000,
        "incomelossfromequitymethodinvestments": 6000000,
        "operatingincomeloss": -34000000,
        "interestincomeexpensenet": -46000000,
        "incomelossfromcontinuingoperationsbeforeincometaxesextraordinaryitemsnoncontrollinginterest": 222000000,
        "incometaxexpensebenefit": 46000000,
        "profitloss": -372000000,
        "netincomeloss": 174000000,
        "earningspersharebasic": 1.2399999999999998,
        "earningspersharediluted": 1.2199999999999998,
        "othercomprehensiveincomelossforeigncurrencytransactionandtranslationadjustmentnetoftax": 4000000,
        "othercomprehensiveincomelosscashflowhedgegainlossafterreclassificationandtax": 11000000,
        "othercomprehensiveincomelossnetoftax": 28000000,
        "comprehensiveincomenetoftax": 202000000
    },
    {
        "date": "2021-09-30",
        "symbol": "LDOS",
        "period": "Q3",
        "revenues": 682000000,
        "costofrevenue": 2942000000,
        "sellinggeneralandadministrativeexpense": 233000000,
        "accountsreceivablecreditlossexpenseandrecoveriesnet": -1000000,
        "acquisitionintegrationandrestructuringcosts": 6000000,
        "assetimpairmentcharges": 3000000,
        "incomelossfromequitymethodinvestments": 5000000,
        "operatingincomeloss": -23000000,
        "interestincomeexpensenet": -47000000,
        "othernonoperatingincomeexpense": 2000000,
        "incomelossfromcontinuingoperationsbeforeincometaxesextraordinaryitemsnoncontrollinginterest": 260000000,
        "incometaxexpensebenefit": 52000000,
        "profitloss": 3000000,
        "netincomelossattributabletononcontrollinginterest": 3000000,
        "netincomeloss": 205000000,
        "earningspersharebasic": 1.45,
        "earningspersharediluted": 1.43,
        "othercomprehensiveincomelossforeigncurrencytransactionandtranslationadjustmentnetoftax": -29000000,
        "othercomprehensiveincomelosscashflowhedgegainlossafterreclassificationandtax": 4000000,
        "othercomprehensiveincomelossnetoftax": -25000000,
        "comprehensiveincomenetoftaxincludingportionattributabletononcontrollinginterest": 183000000,
        "comprehensiveincomenetoftaxattributabletononcontrollinginterest": 3000000,
        "comprehensiveincomenetoftax": 180000000
    },
    {
        "date": "2021-07-01",
        "symbol": "LDOS",
        "period": "Q2",
        "revenues": 645000000,
        "costofrevenue": 2950000000,
        "sellinggeneralandadministrativeexpense": 233000000,
        "acquisitionintegrationandrestructuringcosts": 10000000,
        "incomelossfromequitymethodinvestments": 4000000,
        "operatingincomeloss": -30000000,
        "interestincomeexpensenet": -46000000,
        "othernonoperatingincomeexpense": 0,
        "incomelossfromcontinuingoperationsbeforeincometaxesextraordinaryitemsnoncontrollinginterest": 223000000,
        "incometaxexpensebenefit": 53000000,
        "profitloss": 170000000,
        "netincomeloss": 169000000,
        "earningspersharebasic": 1.21,
        "earningspersharediluted": 1.2000000000000002,
        "othercomprehensiveincomelossforeigncurrencytransactionandtranslationadjustmentnetoftax": 21000000,
        "othercomprehensiveincomelosscashflowhedgegainlossafterreclassificationandtax": 1000000,
        "othercomprehensiveincomelossnetoftax": 22000000,
        "comprehensiveincomenetoftax": 191000000
    },
    {
        "date": "2021-04-01",
        "symbol": "LDOS",
        "period": "Q1",
        "revenues": 591000000,
        "costofrevenue": 2848000000,
        "sellinggeneralandadministrativeexpense": 159000000,
        "acquisitionintegrationandrestructuringcosts": 5000000,
        "incomelossfromequitymethodinvestments": 5000000,
        "operatingincomeloss": -20000000,
        "interestincomeexpensenet": -45000000,
        "othernonoperatingincomeexpense": -1000000,
        "incomelossfromcontinuingoperationsbeforeincometaxesextraordinaryitemsnoncontrollinginterest": 262000000,
        "incometaxexpensebenefit": 57000000,
        "netincomeloss": 205000000,
        "earningspersharebasic": 1.44,
        "earningspersharediluted": 1.42,
        "profitloss": 205000000,
        "othercomprehensiveincomelossforeigncurrencytransactionandtranslationadjustmentnetoftax": -4000000,
        "othercomprehensiveincomelosscashflowhedgegainlossafterreclassificationandtax": 13000000,
        "othercomprehensiveincomelossnetoftax": 9000000,
        "comprehensiveincomenetoftax": 214000000
    },
    {
        "date": "2020-12-31",
        "symbol": "LDOS",
        "period": "Q4",
        "revenues": 513000000,
        "costofrevenue": 2761000000,
        "sellinggeneralandadministrativeexpense": 187000000,
        "acquisitionintegrationandrestructuringcosts": 6000000,
        "incomelossfromequitymethodinvestments": 4000000,
        "operatingincomeloss": -172000000,
        "interestincomeexpensenet": -46000000,
        "incomelossfromcontinuingoperationsbeforeincometaxesextraordinaryitemsnoncontrollinginterest": 245000000,
        "incometaxexpensebenefit": 48000000,
        "profitloss": -431000000,
        "netincomeloss": 197000000,
        "earningspersharebasic": 1.3799999999999994,
        "earningspersharediluted": 1.3700000000000003,
        "othercomprehensiveincomelossforeigncurrencytransactionandtranslationadjustmentnetoftax": 50000000,
        "othercomprehensiveincomelosscashflowhedgegainlossafterreclassificationandtax": 4000000,
        "othercomprehensiveincomelossnetoftax": 52000000
    },
    {
        "date": "2020-10-01",
        "symbol": "LDOS",
        "period": "Q3",
        "revenues": 520000000,
        "costofrevenue": 2774000000,
        "sellinggeneralandadministrativeexpense": 200000000,
        "acquisitionintegrationandrestructuringcosts": 5000000,
        "incomelossfromequitymethodinvestments": -3000000,
        "operatingincomeloss": 133000000,
        "interestincomeexpensenet": -44000000,
        "othernonoperatingincomeexpense": 0,
        "incomelossfromcontinuingoperationsbeforeincometaxesextraordinaryitemsnoncontrollinginterest": 214000000,
        "incometaxexpensebenefit": 51000000,
        "profitloss": 163000000,
        "netincomeloss": 163000000,
        "earningspersharebasic": 1.1500000000000001,
        "earningspersharediluted": 1.1300000000000001,
        "othercomprehensiveincomelossforeigncurrencytransactionandtranslationadjustmentnetoftax": 26000000,
        "othercomprehensiveincomelosscashflowhedgegainlossafterreclassificationandtax": 4000000,
        "othercomprehensiveincomelossnetoftax": 29000000
    },
    {
        "date": "2020-07-02",
        "symbol": "LDOS",
        "period": "Q2",
        "revenues": 399000000,
        "costofrevenue": 2531000000,
        "sellinggeneralandadministrativeexpense": 186000000,
        "acquisitionintegrationandrestructuringcosts": 16000000,
        "incomelossfromequitymethodinvestments": 7000000,
        "operatingincomeloss": 51000000,
        "interestincomeexpensenet": -41000000,
        "othernonoperatingincomeexpense": -16000000,
        "incomelossfromcontinuingoperationsbeforeincometaxesextraordinaryitemsnoncontrollinginterest": 192000000,
        "incometaxexpensebenefit": 38000000,
        "profitloss": 154000000,
        "netincomeloss": 153000000,
        "earningspersharebasic": 1.0799999999999998,
        "earningspersharediluted": 1.06,
        "othercomprehensiveincomelossforeigncurrencytransactionandtranslationadjustmentnetoftax": 61000000,
        "othercomprehensiveincomelosscashflowhedgegainlossafterreclassificationandtax": -3000000,
        "othercomprehensiveincomelosspensionandotherpostretirementbenefitplansadjustmentnetoftax": 0,
        "othercomprehensiveincomelossnetoftax": 58000000
    },
    {
        "date": "2020-04-02",
        "symbol": "LDOS",
        "period": "Q1",
        "revenues": 530000000,
        "costofrevenue": 2494000000,
        "sellinggeneralandadministrativeexpense": 197000000,
        "acquisitionintegrationandrestructuringcosts": 12000000,
        "incomelossfromequitymethodinvestments": 6000000,
        "operatingincomeloss": -35000000,
        "interestincomeexpensenet": -48000000,
        "othernonoperatingincomeexpense": -14000000,
        "incomelossfromcontinuingoperationsbeforeincometaxesextraordinaryitemsnoncontrollinginterest": 130000000,
        "incometaxexpensebenefit": 15000000,
        "netincomeloss": 115000000,
        "earningspersharebasic": 0.81,
        "earningspersharediluted": 0.8,
        "profitloss": 115000000,
        "othercomprehensiveincomelossforeigncurrencytransactionandtranslationadjustmentnetoftax": -74000000,
        "othercomprehensiveincomelosscashflowhedgegainlossafterreclassificationandtax": -42000000,
        "othercomprehensiveincomelosspensionandotherpostretirementbenefitplansadjustmentnetoftax": -1000000,
        "othercomprehensiveincomelossnetoftax": -115000000
    },
    {
        "date": "2020-01-02",
        "symbol": "LDOS",
        "period": "Q4",
        "profitloss": 181000000,
        "othercomprehensiveincomelossforeigncurrencytransactionandtranslationadjustmentnetoftax": 34000000,
        "othercomprehensiveincomelosscashflowhedgegainlossafterreclassificationandtax": 5000000,
        "othercomprehensiveincomelossnetoftax": 38000000,
        "comprehensiveincomenetoftax": 219000000,
        "costofrevenue": 2527000000,
        "sellinggeneralandadministrativeexpense": 171000000,
        "incomelossfromequitymethodinvestments": 2000000,
        "operatingincomeloss": 261000000,
        "interestincomeexpensenet": -34000000,
        "othernonoperatingincomeexpense": 0,
        "incomelossfromcontinuingoperationsbeforeincometaxesextraordinaryitemsnoncontrollinginterest": 227000000,
        "incometaxexpensebenefit": 46000000,
        "netincomeloss": 181000000,
        "earningspersharebasic": 1.2800000000000005,
        "earningspersharediluted": 1.2699999999999996
    },
    {
        "date": "2019-09-26",
        "symbol": "LDOS",
        "period": "Q3",
        "profitloss": 162000000,
        "othercomprehensiveincomelossforeigncurrencytransactionandtranslationadjustmentnetoftax": -24000000,
        "othercomprehensiveincomelosscashflowhedgegainlossafterreclassificationandtax": -11000000,
        "othercomprehensiveincomelossnetoftax": -35000000,
        "comprehensiveincomenetoftax": 126000000,
        "costofrevenue": 2450000000,
        "sellinggeneralandadministrativeexpense": 177000000,
        "restructuringandintegrationcosts": 0,
        "incomelossfromequitymethodinvestments": 6000000,
        "operatingincomeloss": 396000000,
        "interestincomeexpensenet": -28000000,
        "othernonoperatingincomeexpense": -7000000,
        "incomelossfromcontinuingoperationsbeforeincometaxesextraordinaryitemsnoncontrollinginterest": 214000000,
        "incometaxexpensebenefit": 52000000,
        "netincomeloss": 161000000,
        "earningspersharebasic": 1.14,
        "earningspersharediluted": 1.1099999999999999
    },
    {
        "date": "2019-06-27",
        "symbol": "LDOS",
        "period": "Q2",
        "profitloss": 138000000,
        "othercomprehensiveincomelossforeigncurrencytransactionandtranslationadjustmentnetoftax": -12000000,
        "othercomprehensiveincomelosscashflowhedgegainlossafterreclassificationandtax": -26000000,
        "othercomprehensiveincomelossnetoftax": -38000000,
        "comprehensiveincomenetoftaxincludingportionattributabletononcontrollinginterest": 100000000,
        "comprehensiveincomenetoftaxattributabletononcontrollinginterest": 2000000,
        "comprehensiveincomenetoftax": 98000000,
        "revenuefromcontractwithcustomerexcludingassessedtax": 2728000000,
        "costofrevenue": 2348000000,
        "sellinggeneralandadministrativeexpense": 175000000,
        "restructuringandintegrationcosts": 1000000,
        "incomelossfromequitymethodinvestments": 6000000,
        "operatingincomeloss": 210000000,
        "interestincomeexpensenet": -33000000,
        "othernonoperatingincomeexpense": 2000000,
        "incomelossfromcontinuingoperationsbeforeincometaxesextraordinaryitemsnoncontrollinginterest": 179000000,
        "incometaxexpensebenefit": 41000000,
        "netincomelossattributabletononcontrollinginterest": 2000000,
        "netincomeloss": 136000000,
        "earningspersharebasic": 0.94,
        "earningspersharediluted": 0.93
    },
    {
        "date": "2019-03-28",
        "symbol": "LDOS",
        "period": "Q1",
        "profitloss": 189000000,
        "othercomprehensiveincomelossforeigncurrencytransactionandtranslationadjustmentnetoftax": 10000000,
        "othercomprehensiveincomelosscashflowhedgegainlossafterreclassificationandtax": -15000000,
        "othercomprehensiveincomelossnetoftax": -5000000,
        "comprehensiveincomenetoftax": 184000000,
        "revenuefromcontractwithcustomerexcludingassessedtax": 463000000,
        "costofrevenue": 2221000000,
        "sellinggeneralandadministrativeexpense": 166000000,
        "restructuringandintegrationcosts": 2000000,
        "incomelossfromequitymethodinvestments": 4000000,
        "operatingincomeloss": 45000000,
        "interestincomeexpensenet": -38000000,
        "othernonoperatingincomeexpense": 92000000,
        "incomelossfromcontinuingoperationsbeforeincometaxesextraordinaryitemsnoncontrollinginterest": 246000000,
        "incometaxexpensebenefit": 57000000,
        "netincomeloss": 189000000,
        "earningspersharebasic": 1.3,
        "earningspersharediluted": 1.29
    },
    {
        "date": "2018-12-27",
        "symbol": "LDOS",
        "period": "Q4",
        "profitloss": 188000000,
        "othercomprehensiveincomelossforeigncurrencytransactionandtranslationadjustmentnetoftax": -20000000,
        "othercomprehensiveincomelossnetoftax": -43000000,
        "comprehensiveincomenetoftaxincludingportionattributabletononcontrollinginterest": 145000000,
        "comprehensiveincomenetoftax": 145000000,
        "costofrevenue": 2278000000,
        "sellinggeneralandadministrativeexpense": 182000000,
        "incomelossfromequitymethodinvestments": 6000000,
        "operatingincomeloss": 188000000,
        "interestincomeexpensenet": -34000000,
        "incomelossfromcontinuingoperationsbeforeincometaxesextraordinaryitemsnoncontrollinginterest": 150000000,
        "incometaxexpensebenefit": -38000000,
        "netincomeloss": 188000000,
        "earningspersharebasic": 1.2600000000000002,
        "earningspersharediluted": 1.25
    },
    {
        "date": "2018-09-27",
        "symbol": "LDOS",
        "period": "Q3",
        "profitloss": 147000000,
        "othercomprehensiveincomelossforeigncurrencytransactionandtranslationadjustmentnetoftax": -8000000,
        "othercomprehensiveincomelossnetoftax": -10000000,
        "comprehensiveincomenetoftaxincludingportionattributabletononcontrollinginterest": 137000000,
        "comprehensiveincomenetoftax": 137000000,
        "costofrevenue": 2175000000,
        "sellinggeneralandadministrativeexpense": 195000000,
        "incomelossfromequitymethodinvestments": 4000000,
        "operatingincomeloss": 201000000,
        "interestincomeexpensenet": -35000000,
        "incomelossfromcontinuingoperationsbeforeincometaxesextraordinaryitemsnoncontrollinginterest": 170000000,
        "incometaxexpensebenefit": 23000000,
        "netincomeloss": 147000000,
        "earningspersharebasic": 0.9699999999999996,
        "earningspersharediluted": 0.9499999999999998,
        "commonstockdividendspersharedeclared": 0.3199999999999999
    },
    {
        "date": "2018-06-28",
        "symbol": "LDOS",
        "period": "Q2",
        "profitloss": 144000000,
        "othercomprehensiveincomelossforeigncurrencytransactionandtranslationadjustmentnetoftax": -37000000,
        "othercomprehensiveincomelossnetoftax": -33000000,
        "comprehensiveincomenetoftaxincludingportionattributabletononcontrollinginterest": 112000000,
        "comprehensiveincomenetoftax": 111000000,
        "costofrevenue": 2152000000,
        "sellinggeneralandadministrativeexpense": 174000000,
        "assetimpairmentcharges": 0,
        "incomelossfromequitymethodinvestments": 4000000,
        "operatingincomeloss": 200000000,
        "interestincomeexpensenet": -35000000,
        "incomelossfromcontinuingoperationsbeforeincometaxesextraordinaryitemsnoncontrollinginterest": 165000000,
        "incometaxexpensebenefit": 20000000,
        "netincomeloss": 144000000,
        "earningspersharebasic": 0.9500000000000001,
        "earningspersharediluted": 0.9400000000000001,
        "commonstockdividendspersharedeclared": 0.32
    },
    {
        "date": "2018-03-29",
        "symbol": "LDOS",
        "period": "Q1",
        "profitloss": 102000000,
        "othercomprehensiveincomelossforeigncurrencytransactionandtranslationadjustmentnetoftax": 4000000,
        "othercomprehensiveincomelossderivativesqualifyingashedgesnetoftax": 10000000,
        "othercomprehensiveincomelossnetoftax": 14000000,
        "comprehensiveincomenetoftaxincludingportionattributabletononcontrollinginterest": 116000000,
        "comprehensiveincomenetoftax": 116000000,
        "revenues": 2438000000,
        "costofrevenue": 2083000000,
        "sellinggeneralandadministrativeexpense": 178000000,
        "acquisitionandintegrationcosts": 11000000,
        "assetimpairmentcharges": 7000000,
        "restructuringcharges": 6000000,
        "incomelossfromequitymethodinvestments": 4000000,
        "operatingincomeloss": 157000000,
        "interestincomeexpensenet": -34000000,
        "incomelossfromcontinuingoperationsbeforeincometaxesextraordinaryitemsnoncontrollinginterest": 125000000,
        "incometaxexpensebenefit": 23000000,
        "netincomeloss": 102000000,
        "earningspersharebasic": 0.67,
        "earningspersharediluted": 0.66,
        "commonstockdividendspersharedeclared": 0.32
    },
    {
        "date": "2017-12-28",
        "symbol": "LDOS",
        "period": "Q4",
        "profitloss": 115000000,
        "othercomprehensiveincomelossforeigncurrencytransactionandtranslationadjustmentnetoftax": -10000000,
        "comprehensiveincomenetoftaxincludingportionattributabletononcontrollinginterest": 115000000,
        "comprehensiveincomenetoftax": 116000000,
        "revenues": 441000000,
        "costofrevenue": 2231000000,
        "sellinggeneralandadministrativeexpense": 124000000,
        "acquisitionandintegrationcosts": 46000000,
        "operatingincomeloss": 44000000,
        "interestincomeother": 3000000,
        "interestexpense": 38000000,
        "incomelossfromcontinuingoperationsbeforeincometaxesextraordinaryitemsnoncontrollinginterest": 34000000,
        "incometaxexpensebenefit": -79000000,
        "netincomeloss": 114000000,
        "earningspersharebasic": 0.7400000000000002,
        "earningspersharediluted": 0.73
    },
    {
        "date": "2017-09-28",
        "symbol": "LDOS",
        "period": "Q3",
        "profitloss": 79000000,
        "othercomprehensiveincomelossforeigncurrencytransactionandtranslationadjustmentnetoftax": 21000000,
        "comprehensiveincomenetoftaxincludingportionattributabletononcontrollinginterest": 102000000,
        "comprehensiveincomenetoftax": 105000000,
        "revenues": 464000000,
        "costofrevenue": 2189000000,
        "sellinggeneralandadministrativeexpense": 141000000,
        "acquisitionandintegrationcosts": 21000000,
        "restructuringcharges": 6000000,
        "operatingincomeloss": 63000000,
        "interestincomeother": 1000000,
        "interestexpense": 36000000,
        "othernonoperatingincomeexpense": 0,
        "incomelossfromcontinuingoperationsbeforeincometaxesextraordinaryitemsnoncontrollinginterest": 116000000,
        "incometaxexpensebenefit": 37000000,
        "netincomeloss": 82000000,
        "earningspersharebasic": 0.54,
        "earningspersharediluted": 0.5399999999999998,
        "commonstockdividendspersharedeclared": 0.3199999999999999
    },
    {
        "date": "2017-06-29",
        "symbol": "LDOS",
        "period": "Q2",
        "profitloss": 98000000,
        "othercomprehensiveincomelossforeigncurrencytransactionandtranslationadjustmentnetoftax": 2000000,
        "othercomprehensiveincomelossreclassificationadjustmentfromaocionderivativesnetoftax": 2000000,
        "othercomprehensiveincomelossnetoftax": 0,
        "comprehensiveincomenetoftaxincludingportionattributabletononcontrollinginterest": 98000000,
        "othercomprehensiveincomelossnetoftaxportionattributabletononcontrollinginterest": 0,
        "comprehensiveincomenetoftax": 98000000,
        "revenues": 454000000,
        "costofrevenue": 2233000000,
        "sellinggeneralandadministrativeexpense": 143000000,
        "acquisitionandintegrationcosts": 16000000,
        "restructuringcharges": 6000000,
        "operatingincomeloss": 74000000,
        "interestincomeother": 2000000,
        "interestexpense": 36000000,
        "othernonoperatingincomeexpense": 3000000,
        "incomelossfromcontinuingoperationsbeforeincometaxesextraordinaryitemsnoncontrollinginterest": 135000000,
        "incometaxexpensebenefit": 37000000,
        "netincomelossattributabletononcontrollinginterest": 0,
        "netincomeloss": 98000000,
        "earningspersharebasic": 0.6499999999999999,
        "earningspersharediluted": 0.6400000000000001,
        "commonstockdividendspersharedeclared": 0.32
    },
    {
        "date": "2017-03-30",
        "symbol": "LDOS",
        "period": "Q1",
        "profitloss": 74000000,
        "othercomprehensiveincomelossforeigncurrencytransactionandtranslationadjustmentnetoftax": 11000000,
        "othercomprehensiveincomelossreclassificationadjustmentfromaocionderivativesnetoftax": -1000000,
        "othercomprehensiveincomelossnetoftax": 12000000,
        "comprehensiveincomenetoftaxincludingportionattributabletononcontrollinginterest": 86000000,
        "othercomprehensiveincomelossnetoftaxportionattributabletononcontrollinginterest": 2000000,
        "comprehensiveincomenetoftax": 84000000,
        "revenues": 443000000,
        "costofrevenue": 2270000000,
        "sellinggeneralandadministrativeexpense": 144000000,
        "acquisitionandintegrationcosts": 19000000,
        "restructuringcharges": 13000000,
        "incomelossfromequitymethodinvestments": 7000000,
        "operatingincomeloss": 47000000,
        "interestincomeother": 2000000,
        "interestexpense": 38000000,
        "othernonoperatingincomeexpense": 3000000,
        "incomelossfromcontinuingoperationsbeforeincometaxesextraordinaryitemsnoncontrollinginterest": 108000000,
        "incometaxexpensebenefit": 34000000,
        "netincomelossattributabletononcontrollinginterest": 2000000,
        "netincomeloss": 72000000,
        "earningspersharebasic": 0.48,
        "earningspersharediluted": 0.47,
        "commonstockdividendspersharedeclared": 0.32
    },
    {
        "date": "2016-12-29",
        "symbol": "LDOS",
        "period": "Q4",
        "othercomprehensiveincomelossforeigncurrencytransactionandtranslationadjustmentnetoftax": -13000000,
        "othercomprehensiveincomelossnetoftax": 2000000,
        "comprehensiveincomenetoftaxincludingportionattributabletononcontrollinginterest": 62000000,
        "revenues": 0,
        "costofrevenue": 2266000000,
        "sellinggeneralandadministrativeexpense": 131000000,
        "acquisitionandintegrationcosts": 22000000,
        "operatingincomeloss": -50000000,
        "incometaxexpensebenefit": 45000000,
        "netincomeloss": 59000000,
        "incomelossfromcontinuingoperationsperbasicshare": 0.21000000000000008,
        "earningspersharebasic": 0.21000000000000008,
        "incomelossfromcontinuingoperationsperdilutedshare": 0.22000000000000008,
        "earningspersharediluted": 0.22000000000000008
    },
    {
        "date": "2016-09-29",
        "symbol": "LDOS",
        "period": "Q3",
        "othercomprehensiveincomelossforeigncurrencytransactionandtranslationadjustmentbeforetax": 2000000,
        "othercomprehensiveincomelossforeigncurrencytranslationadjustmenttax": 0,
        "othercomprehensiveincomelossforeigncurrencytransactionandtranslationadjustmentnetoftax": 2000000,
        "othercomprehensiveincomelossnetoftax": -2000000,
        "comprehensiveincomenetoftaxincludingportionattributabletononcontrollinginterest": 91000000,
        "revenues": -2228000000,
        "costofrevenue": 1630000000,
        "sellinggeneralandadministrativeexpense": 86000000,
        "acquisitionandintegrationcosts": 44000000,
        "operatingincomeloss": -165000000,
        "incometaxexpensebenefit": -23000000,
        "netincomeloss": 92000000,
        "incomelossfromcontinuingoperationsperbasicshare": 0.9400000000000001,
        "earningspersharebasic": 0.9400000000000001,
        "incomelossfromcontinuingoperationsperdilutedshare": 0.9199999999999998,
        "earningspersharediluted": 0.9199999999999998,
        "weightedaveragenumberofsharesoutstandingbasic": -60000000,
        "weightedaveragenumberofdilutedsharesoutstanding": -61000000,
        "commonstockdividendspersharedeclared": 13.959999999999999
    },
    {
        "date": "2016-06-30",
        "symbol": "LDOS",
        "period": "Q2",
        "netincomeloss": 43000000,
        "othercomprehensiveincomelossforeigncurrencytransactionandtranslationadjustmentbeforetax": 4000000,
        "othercomprehensiveincomelossforeigncurrencytranslationadjustmenttax": 2000000,
        "othercomprehensiveincomelossforeigncurrencytransactionandtranslationadjustmentnetoftax": 2000000,
        "othercomprehensiveincomelosspensionandotherpostretirementbenefitplansadjustmentbeforetax": -1000000,
        "othercomprehensiveincomelosspensionandotherpostretirementbenefitplanstax": -1000000,
        "othercomprehensiveincomelossnetoftax": 2000000,
        "comprehensiveincomenetoftaxincludingportionattributabletononcontrollinginterest": 45000000,
        "revenues": 915000000,
        "costofrevenue": 1141000000,
        "sellinggeneralandadministrativeexpense": 57000000,
        "acquisitionandintegrationcosts": 15000000,
        "operatingincomeloss": -25000000,
        "interestincomeexpensenonoperatingnet": -10000000,
        "othernonoperatingincomeexpense": -2000000,
        "incomelossfromcontinuingoperationsbeforeincometaxesminorityinterestandincomelossfromequitymethodinvestments": 63000000,
        "incometaxexpensebenefit": 20000000,
        "incomelossfromcontinuingoperations": 43000000,
        "incomelossfromcontinuingoperationsperbasicshare": 0.56,
        "earningspersharebasic": 0.56,
        "incomelossfromcontinuingoperationsperdilutedshare": 0.55,
        "earningspersharediluted": 0.55,
        "weightedaveragenumberofsharesoutstandingbasic": 73000000,
        "weightedaveragenumberofdilutedsharesoutstanding": 74000000,
        "commonstockdividendspersharedeclared": 0.32
    },
    {
        "date": "2016-03-31",
        "symbol": "LDOS",
        "period": "Q1",
        "netincomeloss": 50000000,
        "othercomprehensiveincomelossforeigncurrencytransactionandtranslationadjustmentbeforetax": 3000000,
        "othercomprehensiveincomelossforeigncurrencytranslationadjustmenttax": 1000000,
        "othercomprehensiveincomelossforeigncurrencytransactionandtranslationadjustmentnetoftax": 2000000,
        "othercomprehensiveincomelossnetoftax": 2000000,
        "comprehensiveincomenetoftaxincludingportionattributabletononcontrollinginterest": 52000000,
        "revenues": 1312000000,
        "costofrevenue": 1154000000,
        "sellinggeneralandadministrativeexpense": 60000000,
        "acquisitionandintegrationcosts": 9000000,
        "operatingincomeloss": 89000000,
        "interestincomeexpensenonoperatingnet": -9000000,
        "incomelossfromcontinuingoperationsbeforeincometaxesminorityinterestandincomelossfromequitymethodinvestments": 80000000,
        "incometaxexpensebenefit": 30000000,
        "incomelossfromcontinuingoperations": 50000000,
        "incomelossfromcontinuingoperationsperbasicshare": 0.68,
        "earningspersharebasic": 0.68,
        "incomelossfromcontinuingoperationsperdilutedshare": 0.66,
        "earningspersharediluted": 0.66,
        "weightedaveragenumberofsharesoutstandingbasic": 72000000,
        "weightedaveragenumberofdilutedsharesoutstanding": 74000000,
        "commonstockdividendspersharedeclared": 0.32
    },
    {
        "date": "2015-10-01",
        "symbol": "LDOS",
        "period": "Q3",
        "netincomeloss": 51000000,
        "othercomprehensiveincomelossnetoftax": 0,
        "comprehensiveincomenetoftaxincludingportionattributabletononcontrollinginterest": 51000000,
        "revenues": 6000000,
        "costofrevenue": 1138000000,
        "sellinggeneralandadministrativeexpense": 56000000,
        "assetimpairmentcharges": 4000000,
        "operatingincomeloss": 3000000,
        "interestincomeexpensenonoperatingnet": -11000000,
        "othernonoperatingincomeexpense": 0,
        "incomelossfromcontinuingoperationsbeforeincometaxesminorityinterestandincomelossfromequitymethodinvestments": 83000000,
        "incometaxexpensebenefit": 32000000,
        "incomelossfromcontinuingoperations": 51000000,
        "incomelossfromcontinuingoperationsperbasicshare": 0.6699999999999999,
        "incomelossfromdiscontinuedoperationsnetoftaxperbasicshare": 0,
        "earningspersharebasic": 0.6699999999999999,
        "incomelossfromcontinuingoperationsperdilutedshare": 0.6699999999999999,
        "earningspersharediluted": 0.6799999999999999,
        "commonstockdividendspersharedeclared": 0.3199999999999999
    },
    {
        "date": "2015-07-02",
        "symbol": "LDOS",
        "period": "Q2",
        "netincomeloss": 39000000,
        "othercomprehensiveincomelossforeigncurrencytransactionandtranslationadjustmentbeforetax": 0,
        "othercomprehensiveincomelossforeigncurrencytranslationadjustmenttax": 0,
        "othercomprehensiveincomelossforeigncurrencytransactionandtranslationadjustmentnetoftax": 0,
        "othercomprehensiveincomelossnetoftax": 1000000,
        "comprehensiveincomenetoftaxincludingportionattributabletononcontrollinginterest": 40000000,
        "revenues": -1000000,
        "costofrevenue": 1113000000,
        "sellinggeneralandadministrativeexpense": 51000000,
        "assetimpairmentcharges": 29000000,
        "operatingincomeloss": -3000000,
        "interestincomeexpensenonoperatingnet": -10000000,
        "othernonoperatingincomeexpense": 2000000,
        "incomelossfromcontinuingoperationsbeforeincometaxesminorityinterestandincomelossfromequitymethodinvestments": 56000000,
        "incometaxexpensebenefit": 17000000,
        "incomelossfromcontinuingoperations": 39000000,
        "discontinuedoperationtaxeffectofdiscontinuedoperation": 0,
        "incomelossfromdiscontinuedoperationsnetoftax": 0,
        "incomelossfromcontinuingoperationsperbasicshare": 0.49999999999999994,
        "incomelossfromdiscontinuedoperationsnetoftaxperbasicshare": 0.010000000000000009,
        "earningspersharebasic": 0.51,
        "incomelossfromcontinuingoperationsperdilutedshare": 0.49000000000000005,
        "incomelossfromdiscontinuedoperationsnetoftaxperdilutedshare": 0,
        "earningspersharediluted": 0.49,
        "weightedaveragenumberofsharesoutstandingbasic": 0,
        "weightedaveragenumberofdilutedsharesoutstanding": 0,
        "commonstockdividendspersharedeclared": 0.32
    },
    {
        "date": "2015-04-02",
        "symbol": "LDOS",
        "period": "Q1",
        "netincomeloss": 43000000,
        "othercomprehensiveincomelossforeigncurrencytransactionandtranslationadjustmentbeforetax": -2000000,
        "othercomprehensiveincomelossforeigncurrencytranslationadjustmenttax": -1000000,
        "othercomprehensiveincomelossforeigncurrencytransactionandtranslationadjustmentnetoftax": -1000000,
        "othercomprehensiveincomelosspensionandotherpostretirementbenefitplansadjustmentnetoftax": 1000000,
        "othercomprehensiveincomelossnetoftax": -2000000,
        "comprehensiveincomenetoftaxincludingportionattributabletononcontrollinginterest": 41000000,
        "revenues": -1000000,
        "costofrevenue": 1093000000,
        "sellinggeneralandadministrativeexpense": 75000000,
        "assetimpairmentcharges": 40000000,
        "operatingincomeloss": -17000000,
        "interestincomeexpensenonoperatingnet": -11000000,
        "othernonoperatingincomeexpense": -1000000,
        "incomelossfromcontinuingoperationsbeforeincometaxesminorityinterestandincomelossfromequitymethodinvestments": 26000000,
        "incometaxexpensebenefit": 1000000,
        "incomelossfromcontinuingoperations": 25000000,
        "discontinuedoperationtaxeffectofdiscontinuedoperation": -18000000,
        "incomelossfromdiscontinuedoperationsnetoftax": 18000000,
        "incomelossfromcontinuingoperationsperbasicshare": 0.32,
        "incomelossfromdiscontinuedoperationsnetoftaxperbasicshare": 0.24,
        "earningspersharebasic": 0.56,
        "incomelossfromcontinuingoperationsperdilutedshare": 0.31,
        "incomelossfromdiscontinuedoperationsnetoftaxperdilutedshare": 0.24,
        "earningspersharediluted": 0.55,
        "weightedaveragenumberofsharesoutstandingbasic": 73000000,
        "weightedaveragenumberofdilutedsharesoutstanding": 75000000,
        "commonstockdividendspersharedeclared": 0.32
    },
    {
        "date": "2014-10-30",
        "symbol": "LDOS",
        "period": "Q3",
        "netincomeloss": 36000000,
        "comprehensiveincomenetoftaxincludingportionattributabletononcontrollinginterest": 36000000,
        "costofrevenue": 1115000000,
        "sellinggeneralandadministrativeexpense": 69000000,
        "operatingincomeloss": 436000000,
        "interestincomeother": 3000000,
        "interestexpense": 18000000,
        "othernonoperatingincomeexpense": 0,
        "incomelossfromcontinuingoperationsbeforeincometaxesminorityinterestandincomelossfromequitymethodinvestments": 57000000,
        "incometaxexpensebenefit": 17000000,
        "incomelossfromcontinuingoperations": 40000000,
        "discontinuedoperationincomelossfromdiscontinuedoperationbeforeincometax": -1000000,
        "discontinuedoperationtaxeffectofdiscontinuedoperation": 3000000,
        "incomelossfromdiscontinuedoperationsnetoftax": -4000000,
        "incomelossfromcontinuingoperationsperbasicshare": 0.49999999999999967,
        "incomelossfromdiscontinuedoperationsnetoftaxperbasicshare": -0.04000000000000001,
        "earningspersharebasic": 0.4600000000000004,
        "incomelossfromcontinuingoperationsperdilutedshare": 0.4999999999999999,
        "incomelossfromdiscontinuedoperationsnetoftaxperdilutedshare": -0.04000000000000001,
        "earningspersharediluted": 0.45999999999999974,
        "commonstockdividendspersharedeclared": 0.3199999999999999
    },
    {
        "date": "2014-07-31",
        "symbol": "LDOS",
        "period": "Q2",
        "netincomeloss": -436000000,
        "comprehensiveincomenetoftaxincludingportionattributabletononcontrollinginterest": -436000000,
        "revenues": 0,
        "costofrevenue": 1113000000,
        "sellinggeneralandadministrativeexpense": 87000000,
        "restructuringchargesincludingseparationcosts": 0,
        "operatingincomeloss": -484000000,
        "interestincomeother": 4000000,
        "interestexpense": 20000000,
        "othernonoperatingincomeexpense": -1000000,
        "incomelossfromcontinuingoperationsbeforeincometaxesminorityinterestandincomelossfromequitymethodinvestments": -429000000,
        "incometaxexpensebenefit": 9000000,
        "incomelossfromcontinuingoperations": -438000000,
        "discontinuedoperationincomelossfromdiscontinuedoperationbeforeincometax": 4000000,
        "discontinuedoperationtaxeffectofdiscontinuedoperation": 2000000,
        "incomelossfromdiscontinuedoperationsnetoftax": 2000000,
        "incomelossfromcontinuingoperationsperbasicshare": -5.85,
        "incomelossfromdiscontinuedoperationsnetoftaxperbasicshare": 0.01999999999999999,
        "earningspersharebasic": -5.83,
        "incomelossfromcontinuingoperationsperdilutedshare": -5.84,
        "incomelossfromdiscontinuedoperationsnetoftaxperdilutedshare": 0.01999999999999999,
        "earningspersharediluted": -5.819999999999999,
        "commonstockdividendspersharedeclared": 0.32
    },
    {
        "date": "2014-05-01",
        "symbol": "LDOS",
        "period": "Q1",
        "netincomeloss": 38000000,
        "comprehensiveincomenetoftaxincludingportionattributabletononcontrollinginterest": 38000000,
        "revenues": -4000000,
        "costofrevenue": 1147000000,
        "sellinggeneralandadministrativeexpense": 83000000,
        "restructuringchargesincludingseparationcosts": 1000000,
        "operatingincomeloss": 25000000,
        "interestincomeother": 2000000,
        "interestexpense": 20000000,
        "othernonoperatingincomeexpense": 2000000,
        "incomelossfromcontinuingoperationsbeforeincometaxesminorityinterestandincomelossfromequitymethodinvestments": 73000000,
        "incometaxexpensebenefit": 26000000,
        "incomelossfromcontinuingoperations": 47000000,
        "discontinuedoperationincomelossfromdiscontinuedoperationbeforeincometax": -15000000,
        "discontinuedoperationtaxeffectofdiscontinuedoperation": -6000000,
        "incomelossfromdiscontinuedoperationsnetoftax": -9000000,
        "incomelossfromcontinuingoperationsperbasicshare": 0.6,
        "incomelossfromdiscontinuedoperationsnetoftaxperbasicshare": -0.12,
        "earningspersharebasic": 0.48,
        "incomelossfromcontinuingoperationsperdilutedshare": 0.59,
        "incomelossfromdiscontinuedoperationsnetoftaxperdilutedshare": -0.12,
        "earningspersharediluted": 0.47,
        "commonstockdividendspersharedeclared": 0.32
    },
    {
        "date": "2014-01-30",
        "symbol": "LDOS",
        "period": "Q4",
        "netincomeloss": 46000000,
        "comprehensiveincomenetoftaxincludingportionattributabletononcontrollinginterest": 42000000,
        "revenues": 241000000,
        "costofrevenue": -812000000,
        "operatingincomeloss": -96000000,
        "interestexpense": 23000000,
        "incomelossfromcontinuingoperationsbeforeincometaxesminorityinterestandincomelossfromequitymethodinvestments": -77000000,
        "incometaxexpensebenefit": -46000000,
        "earningspersharebasic": 1.62,
        "earningspersharediluted": 1.62
    },
    {
        "date": "2013-10-31",
        "symbol": "LDOS",
        "period": "Q3",
        "netincomeloss": -3000000,
        "comprehensiveincomenetoftaxincludingportionattributabletononcontrollinginterest": -3000000,
        "revenues": 1014000000,
        "costofrevenue": 1224000000,
        "sellinggeneralandadministrativeexpense": 116000000,
        "provisionfordoubtfulaccounts": 42000000,
        "impairmentofintangibleassetsfinitelived": 19000000,
        "restructuringchargesincludingseparationcosts": 25000000,
        "operatingincomeloss": -40000000,
        "interestincomeother": 5000000,
        "interestexpense": 21000000,
        "othernonoperatingincomeexpense": 2000000,
        "incomelossfromcontinuingoperationsbeforeincometaxesminorityinterestandincomelossfromequitymethodinvestments": -21000000,
        "incometaxexpensebenefit": -12000000,
        "incomelossfromcontinuingoperations": -9000000,
        "discontinuedoperationincomelossfromdiscontinuedoperationbeforeincometax": 21000000,
        "discontinuedoperationtaxeffectofdiscontinuedoperation": 15000000,
        "incomelossfromdiscontinuedoperationsnetoftax": 6000000,
        "incomelossfromcontinuingoperationsperbasicshare": -0.11,
        "incomelossfromdiscontinuedoperationsnetoftaxperbasicshare": 0.07,
        "earningspersharebasic": -0.04,
        "incomelossfromcontinuingoperationsperdilutedshare": -0.11,
        "incomelossfromdiscontinuedoperationsnetoftaxperdilutedshare": 0.07,
        "earningspersharediluted": -0.04,
        "commonstockdividendspersharedeclared": 0.32
    },
    {
        "date": "2013-08-01",
        "symbol": "LDOS",
        "period": "Q2",
        "revenues": -1000000,
        "costofrevenue": 2216000000,
        "restructuringcharges": 35000000,
        "operatingincomeloss": 81000000,
        "interestexpense": 19000000,
        "othernonoperatingincomeexpense": 0,
        "incomelossfromcontinuingoperationsbeforeincometaxesminorityinterestandincomelossfromequitymethodinvestments": 63000000,
        "incometaxexpensebenefit": 18000000,
        "netincomeloss": 42000000,
        "earningspersharebasic": 0.12999999999999998,
        "earningspersharediluted": 0.12999999999999998,
        "commonstockdividendspersharedeclared": 0.11999999999999988,
        "comprehensiveincomenetoftaxincludingportionattributabletononcontrollinginterest": 42000000
    },
    {
        "date": "2013-05-02",
        "symbol": "LDOS",
        "period": "Q1",
        "revenues": 481000000,
        "costofrevenue": 2378000000,
        "operatingexpenses": 154000000,
        "restructuringcharges": 33000000,
        "operatingincomeloss": 76000000,
        "investmentincomeinterest": 4000000,
        "interestexpense": 20000000,
        "othernonoperatingincomeexpense": 1000000,
        "incomelossfromcontinuingoperationsbeforeincometaxesminorityinterestandincomelossfromequitymethodinvestments": 127000000,
        "incometaxexpensebenefit": 46000000,
        "netincomeloss": 81000000,
        "earningspersharebasic": 0.23,
        "earningspersharediluted": 0.23,
        "commonstockdividendspersharedeclared": 1.12,
        "comprehensiveincomenetoftaxincludingportionattributabletononcontrollinginterest": 81000000
    },
    {
        "date": "2013-01-30",
        "symbol": "LDOS",
        "period": "Q4",
        "costofrevenue": 2380000000,
        "operatingexpenses": 163000000,
        "operatingincomeloss": 61000000,
        "investmentincomeinterest": 4000000,
        "interestexpense": 20000000,
        "othernonoperatingincomeexpense": 0,
        "incomelossfromcontinuingoperationsbeforeincometaxesminorityinterestandincomelossfromequitymethodinvestments": 129000000,
        "incometaxexpensebenefit": -58000000,
        "incomelossfromcontinuingoperations": 187000000,
        "netincomeloss": 186000000,
        "incomelossfromcontinuingoperationsperbasicshare": 0.5500000000000002,
        "earningspersharebasic": 0.5399999999999999,
        "incomelossfromcontinuingoperationsperdilutedshare": 0.5500000000000002,
        "earningspersharediluted": 0.5399999999999999,
        "commonstockdividendspersharecashpaid": 0.12,
        "comprehensiveincomenetoftaxincludingportionattributabletononcontrollinginterest": 186000000
    },
    {
        "date": "2012-10-30",
        "symbol": "LDOS",
        "period": "Q3",
        "revenues": 0,
        "costofrevenue": 2477000000,
        "operatingexpenses": 150000000,
        "operatingincomeloss": 68000000,
        "investmentincomeinterest": 2000000,
        "interestexpense": 20000000,
        "othernonoperatingincomeexpense": 2000000,
        "incomelossfromcontinuingoperationsbeforeincometaxesminorityinterestandincomelossfromequitymethodinvestments": 174000000,
        "incometaxexpensebenefit": 64000000,
        "incomelossfromcontinuingoperations": 110000000,
        "netincomeloss": 112000000,
        "incomelossfromcontinuingoperationsperbasicshare": 0.31999999999999995,
        "earningspersharebasic": 0.32999999999999996,
        "incomelossfromcontinuingoperationsperdilutedshare": 0.31999999999999995,
        "earningspersharediluted": 0.32999999999999996,
        "commonstockdividendspersharecashpaid": 0.12,
        "comprehensiveincomenetoftaxincludingportionattributabletononcontrollinginterest": 112000000
    },
    {
        "date": "2012-07-30",
        "symbol": "LDOS",
        "period": "Q2",
        "revenues": -2302000000,
        "costofrevenue": 2504000000,
        "operatingexpenses": 153000000,
        "operatingincomeloss": -73000000,
        "investmentincomeinterest": 2000000,
        "interestexpense": 24000000,
        "othernonoperatingincomeexpense": 4000000,
        "incomelossfromcontinuingoperationsbeforeincometaxesminorityinterestandincomelossfromequitymethodinvestments": 173000000,
        "incometaxexpensebenefit": 63000000,
        "incomelossfromcontinuingoperations": 110000000,
        "netincomeloss": 110000000,
        "incomelossfromcontinuingoperationsperbasicshare": 0.32000000000000006,
        "earningspersharebasic": 0.32000000000000006,
        "incomelossfromcontinuingoperationsperdilutedshare": 0.32000000000000006,
        "earningspersharediluted": 0.32000000000000006,
        "commonstockdividendspersharecashpaid": 0.12,
        "comprehensiveincomenetoftaxincludingportionattributabletononcontrollinginterest": 110000000
    },
    {
        "date": "2012-04-29",
        "symbol": "LDOS",
        "period": "Q1",
        "revenues": 2782000000,
        "costofrevenue": 2448000000,
        "operatingexpenses": 126000000,
        "operatingincomeloss": 208000000,
        "investmentincomeinterest": 2000000,
        "interestexpense": 29000000,
        "othernonoperatingincomeexpense": 2000000,
        "incomelossfromcontinuingoperationsbeforeincometaxesminorityinterestandincomelossfromequitymethodinvestments": 183000000,
        "incometaxexpensebenefit": 66000000,
        "incomelossfromcontinuingoperations": 117000000,
        "netincomeloss": 117000000,
        "incomelossfromcontinuingoperationsperbasicshare": 0.35,
        "earningspersharebasic": 0.35,
        "incomelossfromcontinuingoperationsperdilutedshare": 0.35,
        "earningspersharediluted": 0.35,
        "commonstockdividendspersharecashpaid": 0.12,
        "othercomprehensiveincomeforeigncurrencytransactionandtranslationadjustmentbeforetaxperiodincreasedecrease": -1000000,
        "othercomprehensiveincomeforeigncurrencytranslationadjustmenttax": 1000000,
        "othercomprehensiveincomedefinedbenefitplansadjustmentbeforetaxperiodincreasedecrease": 16000000,
        "othercomprehensiveincomedefinedbenefitplanstax": -6000000,
        "othercomprehensiveincomedefinedbenefitplansadjustmentnetoftaxperiodincreasedecrease": 10000000,
        "othercomprehensiveincomelossnetoftaxperiodincreasedecrease": 10000000,
        "comprehensiveincomenetoftaxincludingportionattributabletononcontrollinginterest": 127000000
    },
    {
        "date": "2012-01-30",
        "symbol": "LDOS",
        "period": "Q4",
        "costofrevenue": 2496000000,
        "operatingexpenses": 107000000,
        "operatingincomeloss": -111000000,
        "interestexpense": 29000000,
        "othernonoperatingincomeexpense": 2000000,
        "incomelossfromcontinuingoperationsbeforeincometaxesminorityinterestandincomelossfromequitymethodinvestments": -136000000,
        "incometaxexpensebenefit": 24000000,
        "incomelossfromcontinuingoperations": -160000000,
        "discontinuedoperationincomelossfromdiscontinuedoperationbeforeincometax": -1000000,
        "incomelossfromdiscontinuedoperationsnetoftax": -1000000,
        "netincomeloss": -161000000,
        "incomelossfromcontinuingoperationsperbasicshare": -0.44999999999999996,
        "incomelossfromdiscontinuedoperationsnetoftaxperbasicshare": 8.673617379884035e-18,
        "earningspersharebasic": -0.45,
        "incomelossfromcontinuingoperationsperdilutedshare": -0.44999999999999996,
        "earningspersharediluted": -0.45
    },
    {
        "date": "2011-10-30",
        "symbol": "LDOS",
        "period": "Q3",
        "costofrevenue": 2495000000,
        "operatingexpenses": 333000000,
        "operatingincomeloss": 263000000,
        "interestexpense": 34000000,
        "othernonoperatingincomeexpense": -2000000,
        "incomelossfromcontinuingoperationsbeforeincometaxesminorityinterestandincomelossfromequitymethodinvestments": -51000000,
        "incometaxexpensebenefit": 42000000,
        "incomelossfromcontinuingoperations": -93000000,
        "discontinuedoperationincomelossfromdiscontinuedoperationbeforeincometax": 1000000,
        "incomelossfromdiscontinuedoperationsnetoftax": 1000000,
        "netincomeloss": -92000000,
        "incomelossfromcontinuingoperationsperbasicshare": -0.25000000000000006,
        "incomelossfromdiscontinuedoperationsnetoftaxperbasicshare": 0.010000000000000018,
        "earningspersharebasic": -0.24,
        "incomelossfromcontinuingoperationsperdilutedshare": -0.25000000000000006,
        "earningspersharediluted": -0.24,
        "stockholdersequity": 1563000000,
        "sharesissued": 4658000000,
        "stockissuedduringperiodvaluenewissues": 7000000,
        "stockrepurchasedandretiredduringperiodvalue": 22000000,
        "stockrepurchasedandretiredduringperiodshares": -2000000,
        "adjustmentstoadditionalpaidincapitaltaxeffectfromsharebasedcompensation": -3000000,
        "adjustmentstoadditionalpaidincapitalsharebasedcompensationrequisiteserviceperiodrecognitionvalue": 21000000
    },
    {
        "date": "2011-07-30",
        "symbol": "LDOS",
        "period": "Q2",
        "revenues": 0,
        "costofrevenue": 2258000000,
        "operatingexpenses": 129000000,
        "operatingincomeloss": 75000000,
        "investmentincomeinterest": 0,
        "interestexpense": 28000000,
        "othernonoperatingincomeexpense": 1000000,
        "incomelossfromcontinuingoperationsbeforeincometaxesminorityinterestandincomelossfromequitymethodinvestments": 182000000,
        "incometaxexpensebenefit": 70000000,
        "incomelossfromcontinuingoperations": 112000000,
        "discontinuedoperationincomelossfromdiscontinuedoperationbeforeincometax": 115000000,
        "discontinuedoperationtaxeffectofdiscontinuedoperation": 0,
        "incomelossfromdiscontinuedoperationsnetoftax": 66000000,
        "netincomeloss": 178000000,
        "incomelossfromcontinuingoperationsperbasicshare": 0.32000000000000006,
        "incomelossfromdiscontinuedoperationsnetoftaxperbasicshare": 0.18,
        "earningspersharebasic": 0.5,
        "incomelossfromcontinuingoperationsperdilutedshare": 0.32000000000000006,
        "earningspersharediluted": 0.51,
        "stockholdersequity": 68000000,
        "sharesissued": -11000000,
        "stockissuedduringperiodvaluenewissues": 7000000,
        "stockissuedduringperiodsharesnewissues": 0,
        "stockrepurchasedandretiredduringperiodvalue": 110000000,
        "stockrepurchasedandretiredduringperiodshares": -11000000,
        "adjustmentstoadditionalpaidincapitaltaxeffectfromsharebasedcompensation": -1000000,
        "adjustmentstoadditionalpaidincapitalsharebasedcompensationrequisiteserviceperiodrecognitionvalue": 19000000
    },
    {
        "date": "2011-04-29",
        "symbol": "LDOS",
        "period": "Q1",
        "revenues": -2000000,
        "costofrevenue": 2357000000,
        "operatingexpenses": 101000000,
        "operatingincomeloss": 84000000,
        "investmentincomeinterest": 1000000,
        "interestexpense": 28000000,
        "othernonoperatingincomeexpense": 4000000,
        "incomelossfromcontinuingoperationsbeforeincometaxesminorityinterestandincomelossfromequitymethodinvestments": 207000000,
        "incometaxexpensebenefit": 77000000,
        "incomelossfromcontinuingoperations": 130000000,
        "discontinuedoperationincomelossfromdiscontinuedoperationbeforeincometax": 2000000,
        "discontinuedoperationtaxeffectofdiscontinuedoperation": 1000000,
        "incomelossfromdiscontinuedoperationsnetoftax": 1000000,
        "netincomeloss": 131000000,
        "incomelossfromcontinuingoperationsperbasicshare": 0.36,
        "incomelossfromdiscontinuedoperationsnetoftaxperbasicshare": 0.01,
        "earningspersharebasic": 0.37,
        "incomelossfromcontinuingoperationsperdilutedshare": 0.36,
        "earningspersharediluted": 0.36,
        "stockholdersequity": 369000000,
        "sharesissued": 353000000,
        "stockissuedduringperiodvaluenewissues": 24000000,
        "stockissuedduringperiodsharesnewissues": 7000000,
        "stockrepurchasedandretiredduringperiodvalue": 170000000,
        "stockrepurchasedandretiredduringperiodshares": -16000000,
        "adjustmentstoadditionalpaidincapitaltaxeffectfromsharebasedcompensation": -11000000,
        "adjustmentstoadditionalpaidincapitalsharebasedcompensationrequisiteserviceperiodrecognitionvalue": 25000000
    },
    {
        "date": "2010-07-30",
        "symbol": "LDOS",
        "period": "Q2",
        "revenues": 2794000000,
        "costofrevenue": 2388000000,
        "operatingexpenses": 133000000,
        "operatingincomeloss": 273000000,
        "investmentincomeinterest": 1000000,
        "interestexpense": 19000000,
        "othernonoperatingincomeexpense": -2000000,
        "incomelossfromcontinuingoperationsbeforeincometaxesminorityinterestandincomelossfromequitymethodinvestments": 253000000,
        "incometaxexpensebenefit": 95000000,
        "incomelossfromcontinuingoperations": 158000000,
        "discontinuedoperationincomelossfromdiscontinuedoperationbeforeincometax": 53000000,
        "discontinuedoperationtaxeffectofdiscontinuedoperation": 22000000,
        "incomelossfromdiscontinuedoperationsnetoftax": 31000000,
        "netincomeloss": 189000000,
        "incomelossfromcontinuingoperationsperbasicshare": 0.42,
        "incomelossfromdiscontinuedoperationsnetoftaxperbasicshare": 0.08,
        "earningspersharebasic": 0.5,
        "incomelossfromcontinuingoperationsperdilutedshare": 0.42,
        "incomelossfromdiscontinuedoperationsnetoftaxperdilutedshare": 0.08,
        "earningspersharediluted": 0.5
    }
]