[
    {
        "date": "2024-03-30",
        "symbol": "TOST",
        "period": "Q1",
        "revenuefromcontractwithcustomerexcludingassessedtax": 151000000,
        "costofgoodsandservicessold": 50000000,
        "costofgoodsandservicessoldamortization": 1000000,
        "costofrevenue": 826000000,
        "grossprofit": 249000000,
        "sellingandmarketingexpense": 107000000,
        "researchanddevelopmentexpense": 83000000,
        "generalandadministrativeexpense": 74000000,
        "restructuringcosts": 41000000,
        "operatingexpenses": 305000000,
        "operatingincomeloss": -56000000,
        "interestincomeexpensenet": 10000000,
        "fairvalueadjustmentofwarrants": 36000000,
        "incomelossfromcontinuingoperationsbeforeincometaxesextraordinaryitemsnoncontrollinginterest": -82000000,
        "incometaxexpensebenefit": 1000000,
        "netincomeloss": -83000000,
        "earningspersharebasic": -0.15,
        "earningspersharediluted": -0.15,
        "weightedaveragenumberofsharesoutstandingbasic": 547000000,
        "weightedaveragenumberofdilutedsharesoutstanding": 547000000,
        "othercomprehensiveincomeunrealizedholdinggainlossonsecuritiesarisingduringperiodnetoftax": -1000000,
        "othercomprehensiveincomelossnetoftaxportionattributabletoparent": -1000000,
        "comprehensiveincomenetoftax": -84000000
    },
    {
        "date": "2023-12-30",
        "symbol": "TOST",
        "period": "Q4",
        "revenuefromcontractwithcustomerexcludingassessedtax": 142000000,
        "costofgoodsandservicessold": 48000000,
        "costofgoodsandservicessoldamortization": 1000000,
        "costofrevenue": 810000000,
        "grossprofit": 226000000,
        "sellingandmarketingexpense": 102000000,
        "researchanddevelopmentexpense": 94000000,
        "generalandadministrativeexpense": 86000000,
        "operatingexpenses": 282000000,
        "operatingincomeloss": -56000000,
        "interestincomeexpensenet": 10000000,
        "fairvalueadjustmentofwarrants": -8000000,
        "incomelossfromcontinuingoperationsbeforeincometaxesextraordinaryitemsnoncontrollinginterest": -35000000,
        "netincomeloss": -36000000,
        "earningspersharebasic": -0.060000000000000026,
        "earningspersharediluted": -0.06999999999999992,
        "weightedaveragenumberofsharesoutstandingbasic": 532000000,
        "weightedaveragenumberofdilutedsharesoutstanding": 533000000,
        "comprehensiveincomenetoftax": -34000000
    },
    {
        "date": "2023-09-29",
        "symbol": "TOST",
        "period": "Q3",
        "revenuefromcontractwithcustomerexcludingassessedtax": -1439000000,
        "costofgoodsandservicessold": 58000000,
        "costofgoodsandservicessoldamortization": 2000000,
        "costofrevenue": 806000000,
        "grossprofit": 226000000,
        "sellingandmarketingexpense": 100000000,
        "researchanddevelopmentexpense": 87000000,
        "generalandadministrativeexpense": 98000000,
        "operatingexpenses": 285000000,
        "operatingincomeloss": -59000000,
        "interestincomeexpensenet": 10000000,
        "fairvalueadjustmentofwarrants": -18000000,
        "incomelossfromcontinuingoperationsbeforeincometaxesextraordinaryitemsnoncontrollinginterest": -31000000,
        "netincomeloss": -31000000,
        "earningspersharebasic": -0.060000000000000026,
        "earningspersharediluted": -0.05000000000000002,
        "weightedaveragenumberofsharesoutstandingbasic": -523789835,
        "weightedaveragenumberofdilutedsharesoutstanding": -524566482,
        "comprehensiveincomenetoftax": -31000000
    },
    {
        "date": "2023-06-29",
        "symbol": "TOST",
        "period": "Q2",
        "revenuefromcontractwithcustomerexcludingassessedtax": 978000000,
        "costofgoodsandservicessold": 32000000,
        "costofgoodsandservicessoldamortization": 1000000,
        "costofrevenue": 770000000,
        "grossprofit": 208000000,
        "sellingandmarketingexpense": 100000000,
        "researchanddevelopmentexpense": 92000000,
        "generalandadministrativeexpense": 96000000,
        "operatingexpenses": 288000000,
        "operatingincomeloss": -80000000,
        "interestincomeexpensenet": 9000000,
        "fairvalueadjustmentofwarrants": 26000000,
        "incomelossfromcontinuingoperationsbeforeincometaxesextraordinaryitemsnoncontrollinginterest": -97000000,
        "incometaxexpensebenefit": 1000000,
        "netincomeloss": -98000000,
        "earningspersharebasic": -0.19,
        "earningspersharediluted": -0.19,
        "weightedaveragenumberofsharesoutstandingbasic": 529226266,
        "weightedaveragenumberofdilutedsharesoutstanding": 529226266,
        "othercomprehensiveincomeunrealizedholdinggainlossonsecuritiesarisingduringperiodnetoftax": -2000000,
        "othercomprehensiveincomelossnetoftaxportionattributabletoparent": -2000000,
        "comprehensiveincomenetoftax": -100000000
    },
    {
        "date": "2023-03-30",
        "symbol": "TOST",
        "period": "Q1",
        "revenuefromcontractwithcustomerexcludingassessedtax": 819000000,
        "costofgoodsandservicessold": 28000000,
        "costofgoodsandservicessoldamortization": 1000000,
        "costofrevenue": 645000000,
        "grossprofit": 174000000,
        "sellingandmarketingexpense": 99000000,
        "researchanddevelopmentexpense": 85000000,
        "generalandadministrativeexpense": 82000000,
        "operatingexpenses": 266000000,
        "operatingincomeloss": -92000000,
        "interestincomeexpensenet": 8000000,
        "fairvalueadjustmentofwarrants": -3000000,
        "incomelossfromcontinuingoperationsbeforeincometaxesextraordinaryitemsnoncontrollinginterest": -81000000,
        "netincomeloss": -81000000,
        "earningspersharebasic": -0.15,
        "earningspersharediluted": -0.16,
        "weightedaveragenumberofsharesoutstandingbasic": 524099376,
        "weightedaveragenumberofdilutedsharesoutstanding": 524876023,
        "othercomprehensiveincomeunrealizedholdinggainlossonsecuritiesarisingduringperiodnetoftax": 2000000,
        "othercomprehensiveincomelossnetoftaxportionattributabletoparent": 2000000,
        "comprehensiveincomenetoftax": -79000000
    },
    {
        "date": "2022-12-30",
        "symbol": "TOST",
        "period": "Q4",
        "revenuefromcontractwithcustomerexcludingassessedtax": 768000000,
        "costofgoodsandservicessold": 25000000,
        "costofgoodsandservicessoldamortization": 1000000,
        "costofrevenue": 610000000,
        "grossprofit": 158000000,
        "sellingandmarketingexpense": 87000000,
        "researchanddevelopmentexpense": 79000000,
        "generalandadministrativeexpense": 91000000,
        "operatingexpenses": 257000000,
        "operatingincomeloss": -99000000,
        "fairvalueadjustmentofwarrants": 7000000,
        "incomelossfromcontinuingoperationsbeforeincometaxesextraordinaryitemsnoncontrollinginterest": -98000000,
        "netincomeloss": -100000000,
        "earningspersharebasic": -0.2,
        "earningspersharediluted": -0.17999999999999994,
        "weightedaveragenumberofsharesoutstandingbasic": 2247049,
        "weightedaveragenumberofdilutedsharesoutstanding": 2242754,
        "othercomprehensiveincomeunrealizedholdinggainlossonsecuritiesarisingduringperiodnetoftax": 1000000,
        "othercomprehensiveincomelossnetoftaxportionattributabletoparent": 2000000,
        "comprehensiveincomenetoftax": -98000000
    },
    {
        "date": "2022-09-29",
        "symbol": "TOST",
        "period": "Q3",
        "revenuefromcontractwithcustomerexcludingassessedtax": 753000000,
        "costofgoodsandservicessold": 25000000,
        "costofgoodsandservicessoldamortization": 2000000,
        "costofrevenue": 602000000,
        "grossprofit": 151000000,
        "sellingandmarketingexpense": 84000000,
        "researchanddevelopmentexpense": 74000000,
        "generalandadministrativeexpense": 78000000,
        "operatingexpenses": 236000000,
        "operatingincomeloss": -85000000,
        "fairvalueadjustmentofwarrants": 21000000,
        "incomelossfromcontinuingoperationsbeforeincometaxesextraordinaryitemsnoncontrollinginterest": -102000000,
        "netincomeloss": -98000000,
        "earningspersharebasic": -0.19000000000000006,
        "earningspersharediluted": -0.15000000000000002,
        "weightedaveragenumberofsharesoutstandingbasic": 2087680,
        "weightedaveragenumberofdilutedsharesoutstanding": 1823857,
        "othercomprehensiveincomeunrealizedholdinggainlossonsecuritiesarisingduringperiodnetoftax": 1000000,
        "othercomprehensiveincomelossnetoftaxportionattributabletoparent": 1000000,
        "comprehensiveincomenetoftax": -97000000
    },
    {
        "date": "2022-06-29",
        "symbol": "TOST",
        "period": "Q2",
        "revenuefromcontractwithcustomerexcludingassessedtax": 675000000,
        "costofgoodsandservicessold": 25000000,
        "costofgoodsandservicessoldamortization": 1000000,
        "costofrevenue": 562000000,
        "grossprofit": 113000000,
        "sellingandmarketingexpense": 77000000,
        "researchanddevelopmentexpense": 67000000,
        "generalandadministrativeexpense": 68000000,
        "operatingexpenses": 212000000,
        "operatingincomeloss": -99000000,
        "fairvalueadjustmentofwarrants": -44000000,
        "othernonoperatingincomeexpense": 0,
        "incomelossfromcontinuingoperationsbeforeincometaxesextraordinaryitemsnoncontrollinginterest": -54000000,
        "netincomeloss": -54000000,
        "earningspersharebasic": -0.09999999999999999,
        "earningspersharediluted": -0.19,
        "weightedaveragenumberofsharesoutstandingbasic": 2042062,
        "weightedaveragenumberofdilutedsharesoutstanding": 1139249,
        "othercomprehensiveincomeunrealizedholdinggainlossonsecuritiesarisingduringperiodnetoftax": -1000000,
        "othercomprehensiveincomelossnetoftaxportionattributabletoparent": -2000000,
        "comprehensiveincomenetoftax": -56000000
    },
    {
        "date": "2022-03-30",
        "symbol": "TOST",
        "period": "Q1",
        "revenuefromcontractwithcustomerexcludingassessedtax": 535000000,
        "costofgoodsandservicessold": 21000000,
        "costofgoodsandservicessoldamortization": 1000000,
        "costofrevenue": 446000000,
        "grossprofit": 89000000,
        "sellingandmarketingexpense": 71000000,
        "researchanddevelopmentexpense": 62000000,
        "generalandadministrativeexpense": 57000000,
        "operatingexpenses": 190000000,
        "operatingincomeloss": -101000000,
        "fairvalueadjustmentofwarrants": -79000000,
        "othernonoperatingincomeexpense": -1000000,
        "incomelossfromcontinuingoperationsbeforeincometaxesextraordinaryitemsnoncontrollinginterest": -23000000,
        "netincomeloss": -23000000,
        "earningspersharebasic": -0.05,
        "earningspersharediluted": -0.2,
        "weightedaveragenumberofsharesoutstandingbasic": 505378195,
        "weightedaveragenumberofdilutedsharesoutstanding": 507037246,
        "othercomprehensiveincomeunrealizedholdinggainlossonsecuritiesarisingduringperiodnetoftax": -2000000,
        "othercomprehensiveincomelossnetoftaxportionattributabletoparent": -2000000,
        "comprehensiveincomenetoftax": -25000000
    }
]