[
    {
        "date": "2024-09-29",
        "symbol": "ABT",
        "period": "Q3",
        "revenuefromcontractwithcustomerexcludingassessedtax": 10635000000,
        "costofgoodsandservicessold": 4698000000,
        "amortizationofintangibleassets": 470000000,
        "researchanddevelopmentexpense": 713000000,
        "sellinggeneralandadministrativeexpense": 2895000000,
        "costsandexpenses": 8776000000,
        "operatingincomeloss": 4811000000,
        "investmentincomeinterest": 91000000,
        "othernonoperatingincomeexpense": 121000000,
        "incomelossfromcontinuingoperationsbeforeincometaxesextraordinaryitemsnoncontrollinginterest": 1940000000,
        "incometaxexpensebenefit": 294000000,
        "netincomeloss": 1646000000,
        "earningspersharebasic": 0.9400000000000002,
        "earningspersharediluted": 0.94,
        "weightedaveragenumberofsharesoutstandingbasic": 1740869000,
        "incrementalcommonsharesattributabletosharebasedpaymentarrangements": -216000,
        "weightedaveragenumberofdilutedsharesoutstanding": 1749434000,
        "othercomprehensiveincomeforeigncurrencytransactionandtranslationadjustmentnetoftaxportionattributabletoparent": 497000000,
        "othercomprehensiveincomedefinedbenefitplansadjustmentnetoftaxportionattributabletoparent": -14000000,
        "othercomprehensiveincomelosscashflowhedgegainlossafterreclassificationandtaxparent": -180000000,
        "othercomprehensiveincomelossnetoftaxportionattributabletoparent": 231000000,
        "comprehensiveincomenetoftax": 1977000000,
        "accumulatedothercomprehensiveincomelossforeigncurrencytranslationadjustmentnetoftax": 497000000,
        "accumulatedothercomprehensiveincomelossdefinedbenefitpensionandotherpostretirementplansnetoftax": -14000000,
        "aocilosscashflowhedgecumulativegainlossaftertax": -180000000,
        "accumulatedothercomprehensiveincomelossnetoftax": 331000000,
        "othercomprehensiveincomelosscashflowhedgegainlossafterreclassificationtax": -63000000
    },
    {
        "date": "2024-06-29",
        "symbol": "ABT",
        "period": "Q2",
        "revenuefromcontractwithcustomerexcludingassessedtax": 10377000000,
        "costofgoodsandservicessold": 4603000000,
        "amortizationofintangibleassets": 471000000,
        "researchanddevelopmentexpense": 698000000,
        "sellinggeneralandadministrativeexpense": 2936000000,
        "costsandexpenses": 8708000000,
        "operatingincomeloss": 1669000000,
        "investmentincomeinterest": 82000000,
        "othernonoperatingincomeexpense": -10000000,
        "incomelossfromcontinuingoperationsbeforeincometaxesextraordinaryitemsnoncontrollinginterest": 1607000000,
        "incometaxexpensebenefit": 305000000,
        "netincomeloss": 1302000000,
        "earningspersharebasic": 0.75,
        "earningspersharediluted": 0.74,
        "weightedaveragenumberofsharesoutstandingbasic": 1741595000,
        "incrementalcommonsharesattributabletosharebasedpaymentarrangements": -668000,
        "weightedaveragenumberofdilutedsharesoutstanding": 1750376000,
        "antidilutivesecuritiesexcludedfromcomputationofearningspershareamount": 0,
        "othercomprehensiveincomeforeigncurrencytransactionandtranslationadjustmentnetoftaxportionattributabletoparent": -36000000,
        "othercomprehensiveincomedefinedbenefitplansadjustmentnetoftaxportionattributabletoparent": -7000000,
        "othercomprehensiveincomelosscashflowhedgegainlossafterreclassificationandtaxparent": 60000000,
        "othercomprehensiveincomelossnetoftaxportionattributabletoparent": 31000000,
        "comprehensiveincomenetoftax": 1333000000,
        "accumulatedothercomprehensiveincomelossforeigncurrencytranslationadjustmentnetoftax": -36000000,
        "accumulatedothercomprehensiveincomelossdefinedbenefitpensionandotherpostretirementplansnetoftax": -7000000,
        "aocilosscashflowhedgecumulativegainlossaftertax": 60000000,
        "accumulatedothercomprehensiveincomelossnetoftax": 31000000,
        "othercomprehensiveincomelosspensionandotherpostretirementbenefitplanstax": 0,
        "othercomprehensiveincomelosscashflowhedgegainlossafterreclassificationtax": 27000000
    },
    {
        "date": "2024-03-30",
        "symbol": "ABT",
        "period": "Q1",
        "revenuefromcontractwithcustomerexcludingassessedtax": 9964000000,
        "costofgoodsandservicessold": 4463000000,
        "amortizationofintangibleassets": 472000000,
        "researchanddevelopmentexpense": 684000000,
        "sellinggeneralandadministrativeexpense": 2959000000,
        "costsandexpenses": 8578000000,
        "operatingincomeloss": 1386000000,
        "interestexpense": 141000000,
        "investmentincomeinterest": 80000000,
        "othernonoperatingincomeexpense": 111000000,
        "incomelossfromcontinuingoperationsbeforeincometaxesextraordinaryitemsnoncontrollinginterest": 1436000000,
        "incometaxexpensebenefit": 211000000,
        "netincomeloss": 1225000000,
        "earningspersharebasic": 0.7,
        "earningspersharediluted": 0.7,
        "weightedaveragenumberofsharesoutstandingbasic": 1740203000,
        "incrementalcommonsharesattributabletosharebasedpaymentarrangements": 9449000,
        "weightedaveragenumberofdilutedsharesoutstanding": 1749652000,
        "antidilutivesecuritiesexcludedfromcomputationofearningspershareamount": 6892000,
        "othercomprehensiveincomeforeigncurrencytransactionandtranslationadjustmentnetoftaxportionattributabletoparent": -386000000,
        "othercomprehensiveincomedefinedbenefitplansadjustmentnetoftaxportionattributabletoparent": -4000000,
        "othercomprehensiveincomelosscashflowhedgegainlossafterreclassificationandtaxparent": 55000000,
        "othercomprehensiveincomelossnetoftaxportionattributabletoparent": -327000000,
        "comprehensiveincomenetoftax": 898000000,
        "accumulatedothercomprehensiveincomelossforeigncurrencytranslationadjustmentnetoftax": -6890000000,
        "accumulatedothercomprehensiveincomelossdefinedbenefitpensionandotherpostretirementplansnetoftax": 1372000000,
        "aocilosscashflowhedgecumulativegainlossaftertax": 96000000,
        "accumulatedothercomprehensiveincomelossnetoftax": -8166000000,
        "othercomprehensiveincomelosspensionandotherpostretirementbenefitplanstax": 1000000,
        "othercomprehensiveincomelosscashflowhedgegainlossafterreclassificationtax": 30000000
    },
    {
        "date": "2023-12-30",
        "symbol": "ABT",
        "period": "Q4",
        "revenuefromcontractwithcustomerexcludingassessedtax": 10241000000,
        "costofgoodsandservicessold": 4556000000,
        "amortizationofintangibleassets": 481000000,
        "researchanddevelopmentexpense": 700000000,
        "sellinggeneralandadministrativeexpense": 2724000000,
        "costsandexpenses": 8461000000,
        "operatingincomeloss": 1780000000,
        "interestexpense": 159000000,
        "investmentincomeinterest": 89000000,
        "foreigncurrencytransactiongainlossbeforetax": -24000000,
        "othernonoperatingincomeexpense": 109000000,
        "incomelossfromcontinuingoperationsbeforeincometaxesextraordinaryitemsnoncontrollinginterest": 1795000000,
        "incometaxexpensebenefit": 201000000,
        "netincomeloss": 1594000000,
        "earningspersharebasic": 0.9199999999999999,
        "earningspersharediluted": 0.9099999999999995,
        "weightedaveragenumberofsharesoutstandingbasic": 1740000000,
        "incrementalcommonsharesattributabletosharebasedpaymentarrangements": -819000,
        "weightedaveragenumberofdilutedsharesoutstanding": 1749000000,
        "othercomprehensiveincomeforeigncurrencytransactionandtranslationadjustmentnetoftaxportionattributabletoparent": 622000000,
        "othercomprehensiveincomedefinedbenefitplansadjustmentnetoftaxportionattributabletoparent": -130000000,
        "othercomprehensiveincomelosscashflowhedgegainlossafterreclassificationandtaxparent": -111000000,
        "othercomprehensiveincomelossnetoftaxportionattributabletoparent": 641000000,
        "comprehensiveincomenetoftax": 2235000000,
        "accumulatedothercomprehensiveincomelossforeigncurrencytranslationadjustmentnetoftax": 622000000,
        "accumulatedothercomprehensiveincomelossdefinedbenefitpensionandotherpostretirementplansnetoftax": -130000000,
        "aocilosscashflowhedgecumulativegainlossaftertax": -111000000,
        "accumulatedothercomprehensiveincomelossnetoftax": 641000000,
        "othercomprehensiveincomelosscashflowhedgegainlossafterreclassificationtax": -42000000
    },
    {
        "date": "2023-09-29",
        "symbol": "ABT",
        "period": "Q3",
        "revenuefromcontractwithcustomerexcludingassessedtax": 10143000000,
        "costofgoodsandservicessold": 4605000000,
        "amortizationofintangibleassets": 496000000,
        "researchanddevelopmentexpense": 672000000,
        "sellinggeneralandadministrativeexpense": 2723000000,
        "costsandexpenses": 8496000000,
        "operatingincomeloss": 1647000000,
        "interestexpense": 166000000,
        "investmentincomeinterest": 97000000,
        "foreigncurrencytransactiongainlossbeforetax": 10000000,
        "othernonoperatingincomeexpense": 83000000,
        "incomelossfromcontinuingoperationsbeforeincometaxesextraordinaryitemsnoncontrollinginterest": 1671000000,
        "incometaxexpensebenefit": 235000000,
        "netincomeloss": 1436000000,
        "earningspersharebasic": 0.8199999999999998,
        "earningspersharediluted": 0.8200000000000001,
        "weightedaveragenumberofsharesoutstandingbasic": -796000,
        "incrementalcommonsharesattributabletosharebasedpaymentarrangements": -114000,
        "weightedaveragenumberofdilutedsharesoutstanding": -910000,
        "antidilutivesecuritiesexcludedfromcomputationofearningspershareamount": 0,
        "othercomprehensiveincomeforeigncurrencytransactionandtranslationadjustmentnetoftaxportionattributabletoparent": -480000000,
        "othercomprehensiveincomedefinedbenefitplansadjustmentnetoftaxportionattributabletoparent": 9000000,
        "othercomprehensiveincomelosscashflowhedgegainlossafterreclassificationandtaxparent": 80000000,
        "othercomprehensiveincomelossnetoftaxportionattributabletoparent": -409000000,
        "comprehensiveincomenetoftax": 1027000000,
        "accumulatedothercomprehensiveincomelossforeigncurrencytranslationadjustmentnetoftax": -480000000,
        "accumulatedothercomprehensiveincomelossdefinedbenefitpensionandotherpostretirementplansnetoftax": 9000000,
        "aocilosscashflowhedgecumulativegainlossaftertax": 80000000,
        "accumulatedothercomprehensiveincomelossnetoftax": -409000000,
        "othercomprehensiveincomelosscashflowhedgegainlossafterreclassificationtax": 30000000
    },
    {
        "date": "2023-06-29",
        "symbol": "ABT",
        "period": "Q2",
        "revenuefromcontractwithcustomerexcludingassessedtax": 9981000000,
        "costofgoodsandservicessold": 4483000000,
        "amortizationofintangibleassets": 498000000,
        "researchanddevelopmentexpense": 715000000,
        "sellinggeneralandadministrativeexpense": 2740000000,
        "costsandexpenses": 8436000000,
        "operatingincomeloss": 642000000,
        "interestexpense": 159000000,
        "investmentincomeinterest": 98000000,
        "foreigncurrencytransactiongainlossbeforetax": -21000000,
        "othernonoperatingincomeexpense": 176000000,
        "incomelossfromcontinuingoperationsbeforeincometaxesextraordinaryitemsnoncontrollinginterest": 1636000000,
        "incometaxexpensebenefit": 261000000,
        "netincomeloss": 1375000000,
        "earningspersharebasic": 0.79,
        "earningspersharediluted": 0.78,
        "weightedaveragenumberofsharesoutstandingbasic": -687000,
        "incrementalcommonsharesattributabletosharebasedpaymentarrangements": -44000,
        "weightedaveragenumberofdilutedsharesoutstanding": -731000,
        "antidilutivesecuritiesexcludedfromcomputationofearningspershareamount": -1858000,
        "othercomprehensiveincomeforeigncurrencytransactionandtranslationadjustmentnetoftaxportionattributabletoparent": -52000000,
        "othercomprehensiveincomedefinedbenefitplansadjustmentnetoftaxportionattributabletoparent": 6000000,
        "othercomprehensiveincomelosscashflowhedgegainlossafterreclassificationandtaxparent": 26000000,
        "othercomprehensiveincomelossnetoftaxportionattributabletoparent": 109000000,
        "comprehensiveincomenetoftax": 1343000000,
        "accumulatedothercomprehensiveincomelossforeigncurrencytranslationadjustmentnetoftax": -52000000,
        "accumulatedothercomprehensiveincomelossdefinedbenefitpensionandotherpostretirementplansnetoftax": 6000000,
        "aocilosscashflowhedgecumulativegainlossaftertax": 26000000,
        "accumulatedothercomprehensiveincomelossnetoftax": -32000000,
        "othercomprehensiveincomelosscashflowhedgegainlossafterreclassificationtax": 4000000
    },
    {
        "date": "2023-03-30",
        "symbol": "ABT",
        "period": "Q1",
        "revenuefromcontractwithcustomerexcludingassessedtax": 9744000000,
        "costofgoodsandservicessold": 4331000000,
        "amortizationofintangibleassets": 491000000,
        "researchanddevelopmentexpense": 654000000,
        "sellinggeneralandadministrativeexpense": 2762000000,
        "costsandexpenses": 8238000000,
        "operatingincomeloss": 2409000000,
        "interestexpense": 153000000,
        "investmentincomeinterest": 101000000,
        "foreigncurrencytransactiongainlossbeforetax": -6000000,
        "othernonoperatingincomeexpense": 111000000,
        "incomelossfromcontinuingoperationsbeforeincometaxesextraordinaryitemsnoncontrollinginterest": 1562000000,
        "incometaxexpensebenefit": 244000000,
        "netincomeloss": 1318000000,
        "earningspersharebasic": 0.75,
        "earningspersharediluted": 0.75,
        "weightedaveragenumberofsharesoutstandingbasic": 1741738000,
        "incrementalcommonsharesattributabletosharebasedpaymentarrangements": 9977000,
        "weightedaveragenumberofdilutedsharesoutstanding": 1751715000,
        "antidilutivesecuritiesexcludedfromcomputationofearningspershareamount": 7332000,
        "othercomprehensiveincomeforeigncurrencytransactionandtranslationadjustmentnetoftaxportionattributabletoparent": 139000000,
        "othercomprehensiveincomedefinedbenefitplansadjustmentnetoftaxportionattributabletoparent": -2000000,
        "othercomprehensiveincomelosscashflowhedgegainlossafterreclassificationandtaxparent": -129000000,
        "othercomprehensiveincomelossnetoftaxportionattributabletoparent": -129000000,
        "comprehensiveincomenetoftax": 1330000000,
        "accumulatedothercomprehensiveincomelossforeigncurrencytranslationadjustmentnetoftax": -6594000000,
        "accumulatedothercomprehensiveincomelossdefinedbenefitpensionandotherpostretirementplansnetoftax": 1491000000,
        "aocilosscashflowhedgecumulativegainlossaftertax": 46000000,
        "accumulatedothercomprehensiveincomelossnetoftax": -8039000000,
        "othercomprehensiveincomelosscashflowhedgegainlossafterreclassificationtax": -58000000
    },
    {
        "date": "2014-06-29",
        "symbol": "ABT",
        "period": "Q2",
        "salesrevenuenet": 5551000000,
        "costofgoodssold": 2506000000,
        "amortizationofintangibleassetsexcludingdiscontinuedoperations": 161000000,
        "researchanddevelopmentexpenseexcludingacquiredinprocesscost": 335000000,
        "sellinggeneralandadministrativeexpense": 1788000000,
        "costsandexpenses": 4790000000,
        "operatingincomeloss": 1149000000,
        "interestexpense": 39000000,
        "investmentincomeinterest": 19000000,
        "foreigncurrencytransactiongainlossbeforetax": -1000000,
        "othernonoperatingincomeexpense": -3000000,
        "incomelossfromcontinuingoperationsbeforeincometaxesextraordinaryitemsnoncontrollinginterest": 737000000,
        "incometaxexpensebenefit": 277000000,
        "incomelossfromcontinuingoperationsincludingportionattributabletononcontrollinginterest": 460000000,
        "incomelossfromdiscontinuedoperationsnetoftaxattributabletoreportingentity": 6000000,
        "netincomeloss": 466000000,
        "incomelossfromcontinuingoperationsperbasicshare": 0.30000000000000004,
        "incomelossfromdiscontinuedoperationsnetoftaxperbasicshare": 0.009999999999999998,
        "earningspersharebasic": 0.31000000000000005,
        "incomelossfromcontinuingoperationsperdilutedshare": 0.30000000000000004,
        "incomelossfromdiscontinuedoperationsnetoftaxperdilutedshare": 0.009999999999999998,
        "earningspersharediluted": 0.31000000000000005,
        "commonstockdividendspersharedeclared": 0.22,
        "weightedaveragenumberofsharesoutstandingbasic": -11142000,
        "incrementalcommonsharesattributabletosharebasedpaymentarrangements": -4276000,
        "weightedaveragenumberofdilutedsharesoutstanding": -15418000,
        "antidilutivesecuritiesexcludedfromcomputationofearningspershareamount": -3877000,
        "othercomprehensiveincomelossforeigncurrencytransactionandtranslationadjustmentnetoftax": -19000000,
        "othercomprehensiveincomelosspensionandotherpostretirementbenefitplansadjustmentnetoftax": -12000000,
        "othercomprehensiveincomelossnetoftax": -18000000,
        "comprehensiveincomenetoftaxincludingportionattributabletononcontrollinginterestfromcontinuingoperations": 442000000,
        "comprehensiveincomenetoftaxincludingportionattributabletononcontrollinginterestfromdiscontinuedoperations": 6000000,
        "comprehensiveincomenetoftaxincludingportionattributabletononcontrollinginterest": 448000000,
        "accumulatedothercomprehensiveincomelossforeigncurrencytranslationadjustmentnetoftax": -19000000,
        "accumulatedothercomprehensiveincomelossdefinedbenefitpensionandotherpostretirementplansnetoftax": 12000000,
        "accumulatedothercomprehensiveincomelossavailableforsalesecuritiesadjustmentnetoftax": -4000000,
        "accumulatedothercomprehensiveincomelosscumulativechangesinnetgainlossfromcashflowhedgeseffectnetoftax": -7000000,
        "othercomprehensiveincomelosspensionandotherpostretirementbenefitplanstax": 7000000
    },
    {
        "date": "2014-03-30",
        "symbol": "ABT",
        "period": "Q1",
        "salesrevenuenet": 5244000000,
        "costofgoodssold": 2470000000,
        "amortizationofintangibleassetsexcludingdiscontinuedoperations": 174000000,
        "researchanddevelopmentexpenseexcludingacquiredinprocesscost": 387000000,
        "sellinggeneralandadministrativeexpense": 1762000000,
        "costsandexpenses": 4793000000,
        "operatingincomeloss": 63000000,
        "interestexpense": 39000000,
        "investmentincomeinterest": 16000000,
        "foreigncurrencytransactiongainlossbeforetax": -2000000,
        "othernonoperatingincomeexpense": -3000000,
        "incomelossfromcontinuingoperationsbeforeincometaxesextraordinaryitemsnoncontrollinginterest": 423000000,
        "incometaxexpensebenefit": 84000000,
        "incomelossfromcontinuingoperationsincludingportionattributabletononcontrollinginterest": 339000000,
        "incomelossfromdiscontinuedoperationsnetoftaxattributabletoreportingentity": 36000000,
        "netincomeloss": 375000000,
        "incomelossfromcontinuingoperationsperbasicshare": 0.22,
        "incomelossfromdiscontinuedoperationsnetoftaxperbasicshare": 0.02,
        "earningspersharebasic": 0.24,
        "incomelossfromcontinuingoperationsperdilutedshare": 0.22,
        "incomelossfromdiscontinuedoperationsnetoftaxperdilutedshare": 0.02,
        "earningspersharediluted": 0.24,
        "commonstockdividendspersharedeclared": 0.22,
        "weightedaveragenumberofsharesoutstandingbasic": 1532810000,
        "incrementalcommonsharesattributabletosharebasedpaymentarrangements": 14881000,
        "weightedaveragenumberofdilutedsharesoutstanding": 1547691000,
        "antidilutivesecuritiesexcludedfromcomputationofearningspershareamount": 4421000,
        "othercomprehensiveincomelossforeigncurrencytransactionandtranslationadjustmentnetoftax": 62000000,
        "othercomprehensiveincomelosspensionandotherpostretirementbenefitplansadjustmentnetoftax": -16000000,
        "othercomprehensiveincomelossnetoftax": 78000000,
        "comprehensiveincomenetoftaxincludingportionattributabletononcontrollinginterestfromcontinuingoperations": 417000000,
        "comprehensiveincomenetoftaxincludingportionattributabletononcontrollinginterestfromdiscontinuedoperations": 36000000,
        "comprehensiveincomenetoftaxincludingportionattributabletononcontrollinginterest": 453000000,
        "accumulatedothercomprehensiveincomelossforeigncurrencytranslationadjustmentnetoftax": -656000000,
        "accumulatedothercomprehensiveincomelossdefinedbenefitpensionandotherpostretirementplansnetoftax": -1296000000,
        "accumulatedothercomprehensiveincomelossavailableforsalesecuritiesadjustmentnetoftax": 13000000,
        "accumulatedothercomprehensiveincomelosscumulativechangesinnetgainlossfromcashflowhedgeseffectnetoftax": 5000000,
        "othercomprehensiveincomelosspensionandotherpostretirementbenefitplanstax": 8000000
    },
    {
        "date": "2013-09-29",
        "symbol": "ABT",
        "period": "Q3",
        "othercomprehensiveincomelosspensionandotherpostretirementbenefitplanstax": 8905000,
        "othercomprehensiveincomeunrealizedholdinggainlossonsecuritiesarisingduringperiodtax": -4341000,
        "othercomprehensiveincomelossderivativesqualifyingashedgestax": -2666000,
        "salesrevenuenet": 5369139000,
        "costofgoodssold": 2450477000,
        "amortizationofintangibleassetsexcludingdiscontinuedoperations": 196753000,
        "researchanddevelopmentexpenseexcludingacquiredinprocesscost": 356877000,
        "sellinggeneralandadministrativeexpense": 1734693000,
        "costsandexpenses": 4738800000,
        "operatingincomeloss": 630339000,
        "interestexpense": 39799000,
        "investmentincomeinterest": 16044000,
        "foreigncurrencytransactiongainlossbeforetax": -4600000,
        "othernonoperatingincomeexpense": 26410000,
        "incomelossfromcontinuingoperationsbeforeincometaxesextraordinaryitemsnoncontrollinginterest": 628394000,
        "incometaxexpensebenefit": -144468000,
        "incomelossfromcontinuingoperationsincludingportionattributabletononcontrollinginterest": 772862000,
        "netincomelossavailabletocommonstockholdersbasic": 965733000,
        "incomelossfromcontinuingoperationsperbasicshare": 0.4899999999999999,
        "earningspersharebasic": 0.61,
        "incomelossfromcontinuingoperationsperdilutedshare": 0.4899999999999998,
        "earningspersharediluted": 0.6099999999999999,
        "commonstockdividendspersharedeclared": 0.13999999999999996,
        "weightedaveragenumberofsharesoutstandingbasic": -4525000,
        "incrementalcommonsharesattributabletosharebasedpaymentarrangements": -612000,
        "weightedaveragenumberofdilutedsharesoutstanding": -5137000,
        "antidilutivesecuritiesexcludedfromcomputationofearningspershareamount": 0,
        "othercomprehensiveincomelossforeigncurrencytransactionandtranslationadjustmentnetoftax": 269602000,
        "othercomprehensiveincomelosspensionandotherpostretirementbenefitplansadjustmentnetoftax": -18498000,
        "othercomprehensiveincomelossavailableforsalesecuritiesadjustmentnetoftax": -7521000,
        "othercomprehensiveincomelossderivativesqualifyingashedgesnetoftax": -10664000,
        "othercomprehensiveincomelossnetoftax": 269915000,
        "comprehensiveincomenetoftaxincludingportionattributabletononcontrollinginterestfromcontinuingoperations": 1042777000,
        "comprehensiveincomenetoftaxincludingportionattributabletononcontrollinginterest": 1235648000,
        "accumulatedothercomprehensiveincomelossforeigncurrencytranslationadjustmentnetoftax": 269602000,
        "accumulatedothercomprehensiveincomelossdefinedbenefitpensionandotherpostretirementplansnetoftax": 18498000,
        "accumulatedothercomprehensiveincomelossavailableforsalesecuritiesadjustmentnetoftax": -7521000,
        "accumulatedothercomprehensiveincomelosscumulativechangesinnetgainlossfromcashflowhedgeseffectnetoftax": -10664000
    },
    {
        "date": "2013-06-29",
        "symbol": "ABT",
        "period": "Q2",
        "othercomprehensiveincomelosspensionandotherpostretirementbenefitplanstax": -15235000,
        "othercomprehensiveincomeunrealizedholdinggainlossonsecuritiesarisingduringperiodtax": 1408000,
        "othercomprehensiveincomelossderivativesqualifyingashedgestax": -642000,
        "salesrevenuenet": 5446025000,
        "costofgoodssold": 2544825000,
        "amortizationofintangibleassetsexcludingdiscontinuedoperations": 197314000,
        "researchanddevelopmentexpenseexcludingacquiredinprocesscost": 362557000,
        "sellinggeneralandadministrativeexpense": 1714275000,
        "costsandexpenses": 4818549000,
        "operatingincomeloss": 1154264000,
        "interestexpense": 40526000,
        "investmentincomeinterest": 16901000,
        "foreigncurrencytransactiongainlossbeforetax": -10748000,
        "othernonoperatingincomeexpense": 7646000,
        "incomelossfromcontinuingoperationsbeforeincometaxesextraordinaryitemsnoncontrollinginterest": 600749000,
        "incometaxexpensebenefit": 124694000,
        "incomelossfromcontinuingoperationsincludingportionattributabletononcontrollinginterest": 476055000,
        "netincomelossavailabletocommonstockholdersbasic": 476055000,
        "incomelossfromcontinuingoperationsperbasicshare": 0.30000000000000004,
        "earningspersharebasic": 0.30000000000000004,
        "incomelossfromcontinuingoperationsperdilutedshare": 0.3,
        "earningspersharediluted": 0.3,
        "commonstockdividendspersharedeclared": 0.14,
        "weightedaveragenumberofsharesoutstandingbasic": -3836000,
        "incrementalcommonsharesattributabletosharebasedpaymentarrangements": -562000,
        "weightedaveragenumberofdilutedsharesoutstanding": -4398000,
        "antidilutivesecuritiesexcludedfromcomputationofearningspershareamount": -4503000,
        "othercomprehensiveincomelossforeigncurrencytransactionandtranslationadjustmentnetoftax": -209578000,
        "othercomprehensiveincomelosspensionandotherpostretirementbenefitplansadjustmentnetoftax": 122042000,
        "othercomprehensiveincomelossavailableforsalesecuritiesadjustmentnetoftax": 2439000,
        "othercomprehensiveincomelossderivativesqualifyingashedgesnetoftax": -2571000,
        "othercomprehensiveincomelossnetoftax": -331752000,
        "comprehensiveincomenetoftaxincludingportionattributabletononcontrollinginterestfromcontinuingoperations": 144303000,
        "comprehensiveincomenetoftaxincludingportionattributabletononcontrollinginterest": 144303000,
        "accumulatedothercomprehensiveincomelossforeigncurrencytranslationadjustmentnetoftax": -1414538000,
        "accumulatedothercomprehensiveincomelossdefinedbenefitpensionandotherpostretirementplansnetoftax": -4844684000,
        "accumulatedothercomprehensiveincomelossavailableforsalesecuritiesadjustmentnetoftax": 65507000,
        "accumulatedothercomprehensiveincomelosscumulativechangesinnetgainlossfromcashflowhedgeseffectnetoftax": 72617000
    },
    {
        "date": "2013-03-30",
        "symbol": "ABT",
        "period": "Q1",
        "othercomprehensiveincomelosspensionandotherpostretirementbenefitplanstax": -25914000,
        "othercomprehensiveincomeunrealizedholdinggainlossonsecuritiesarisingduringperiodtax": 458000,
        "othercomprehensiveincomelossderivativesqualifyingashedgestax": -5231000,
        "salesrevenuenet": 5377895000,
        "costofgoodssold": 2431803000,
        "amortizationofintangibleassetsexcludingdiscontinuedoperations": 199000000,
        "researchanddevelopmentexpenseexcludingacquiredinprocesscost": 346323000,
        "sellinggeneralandadministrativeexpense": 1785559000,
        "costsandexpenses": 4763107000,
        "operatingincomeloss": 88000000,
        "interestexpense": 40757000,
        "investmentincomeinterest": 15050000,
        "foreigncurrencytransactiongainlossbeforetax": -28865000,
        "othernonoperatingincomeexpense": -5665000,
        "incomelossfromcontinuingoperationsbeforeincometaxesextraordinaryitemsnoncontrollinginterest": 554551000,
        "incometaxexpensebenefit": 9890000,
        "incomelossfromcontinuingoperationsincludingportionattributabletononcontrollinginterest": 544661000,
        "netincomelossavailabletocommonstockholdersbasic": 544661000,
        "incomelossfromcontinuingoperationsperbasicshare": 0.35,
        "earningspersharebasic": 0.35,
        "incomelossfromcontinuingoperationsperdilutedshare": 0.34,
        "earningspersharediluted": 0.34,
        "commonstockdividendspersharedeclared": 0.14,
        "weightedaveragenumberofsharesoutstandingbasic": 1568730000,
        "incrementalcommonsharesattributabletosharebasedpaymentarrangements": 17288000,
        "weightedaveragenumberofdilutedsharesoutstanding": 1586018000,
        "antidilutivesecuritiesexcludedfromcomputationofearningspershareamount": 5518000,
        "othercomprehensiveincomelossforeigncurrencytransactionandtranslationadjustmentnetoftax": -390891000,
        "othercomprehensiveincomelosspensionandotherpostretirementbenefitplansadjustmentnetoftax": 41265000,
        "othercomprehensiveincomelossavailableforsalesecuritiesadjustmentnetoftax": 794000,
        "othercomprehensiveincomelossderivativesqualifyingashedgesnetoftax": -20922000,
        "othercomprehensiveincomelossnetoftax": -452284000,
        "comprehensiveincomenetoftaxincludingportionattributabletononcontrollinginterestfromcontinuingoperations": 92377000,
        "comprehensiveincomenetoftaxincludingportionattributabletononcontrollinginterest": 92377000,
        "accumulatedothercomprehensiveincomelossforeigncurrencytranslationadjustmentnetoftax": 527480000,
        "accumulatedothercomprehensiveincomelossdefinedbenefitpensionandotherpostretirementplansnetoftax": 2436321000,
        "accumulatedothercomprehensiveincomelossavailableforsalesecuritiesadjustmentnetoftax": -31534000,
        "accumulatedothercomprehensiveincomelosscumulativechangesinnetgainlossfromcashflowhedgeseffectnetoftax": -37594000
    },
    {
        "date": "2012-09-29",
        "symbol": "ABT",
        "period": "Q3",
        "salesrevenuenet": 693000000,
        "costofgoodssold": 3698082000,
        "researchanddevelopmentexpenseexcludingacquiredinprocesscost": 1164187000,
        "researchanddevelopmentassetacquiredotherthanthroughbusinesscombinationwrittenoff": 0,
        "sellinggeneralandadministrativeexpense": 2921923000,
        "costsandexpenses": 7784192000,
        "operatingincomeloss": 56000000,
        "interestexpense": 152034000,
        "investmentincomeinterest": 18255000,
        "foreigncurrencytransactiongainlossbeforetax": 6259000,
        "othernonoperatingincomeexpense": 10852000,
        "incomelossfromcontinuingoperationsbeforeincometaxesextraordinaryitemsnoncontrollinginterest": 1872381000,
        "incometaxexpensebenefit": -70422000,
        "netincomelossavailabletocommonstockholdersbasic": 1942803000,
        "earningspersharebasic": 1.2199999999999998,
        "earningspersharediluted": 1.21,
        "commonstockdividendspersharedeclared": 0.51,
        "weightedaveragenumberofsharesoutstandingbasic": 1785000,
        "incrementalcommonsharesattributabletosharebasedpaymentarrangements": 504000,
        "weightedaveragenumberofdilutedsharesoutstanding": 2289000,
        "antidilutivesecuritiesexcludedfromcomputationofearningspershareamount": 0,
        "othercomprehensiveincomeforeigncurrencytransactionandtranslationadjustmentnetoftaxperiodincreasedecrease": 820569000,
        "othercomprehensiveincomedefinedbenefitplansadjustmentnetoftaxperiodincreasedecrease": 32685000,
        "othercomprehensiveincomeavailableforsalesecuritiesadjustmentnetoftaxperiodincreasedecrease": -17353000,
        "othercomprehensiveincomederivativesqualifyingashedgesnetoftaxperiodincreasedecrease": -48285000,
        "othercomprehensiveincomelossnetoftaxperiodincreasedecrease": 787616000,
        "comprehensiveincomenetoftaxincludingportionattributabletononcontrollinginterest": 2730419000,
        "accumulatedothercomprehensiveincomelossforeigncurrencytranslationadjustmentnetoftax": -820569000,
        "accumulatedothercomprehensiveincomelossdefinedbenefitpensionandotherpostretirementplansnetoftax": -32685000,
        "accumulatedothercomprehensiveincomelossavailableforsalesecuritiesadjustmentnetoftax": 17353000,
        "accumulatedothercomprehensiveincomelosscumulativechangesinnetgainlossfromcashflowhedgeseffectnetoftax": 48285000,
        "othercomprehensiveincomedefinedbenefitplanstax": 18865000,
        "othercomprehensiveincomeunrealizedholdinggainlossonsecuritiesarisingduringperiodtax": -10023000,
        "othercomprehensiveincomederivativesqualifyingashedgestaxeffectperiodincreasedecrease": -12071000
    },
    {
        "date": "2012-06-29",
        "symbol": "ABT",
        "period": "Q2",
        "salesrevenuenet": 753000000,
        "costofgoodssold": 3637305000,
        "researchanddevelopmentexpenseexcludingacquiredinprocesscost": 1010882000,
        "researchanddevelopmentassetacquiredotherthanthroughbusinesscombinationwrittenoff": -140000000,
        "sellinggeneralandadministrativeexpense": 2944492000,
        "costsandexpenses": 7702679000,
        "operatingincomeloss": 101000000,
        "interestexpense": 127191000,
        "investmentincomeinterest": 20461000,
        "foreigncurrencytransactiongainlossbeforetax": 14154000,
        "othernonoperatingincomeexpense": -8528000,
        "incomelossfromcontinuingoperationsbeforeincometaxesextraordinaryitemsnoncontrollinginterest": 2003317000,
        "incometaxexpensebenefit": 278705000,
        "netincomelossavailabletocommonstockholdersbasic": 1724612000,
        "earningspersharebasic": 1.08,
        "earningspersharediluted": 1.07,
        "commonstockdividendspersharedeclared": 0.51,
        "weightedaveragenumberofsharesoutstandingbasic": -1240000,
        "incrementalcommonsharesattributabletosharebasedpaymentarrangements": 407000,
        "weightedaveragenumberofdilutedsharesoutstanding": -833000,
        "antidilutivesecuritiesexcludedfromcomputationofearningspershareamount": -1900000,
        "othercomprehensiveincomeforeigncurrencytransactionandtranslationadjustmentnetoftaxperiodincreasedecrease": -1654254000,
        "othercomprehensiveincomedefinedbenefitplansadjustmentnetoftaxperiodincreasedecrease": 39817000,
        "othercomprehensiveincomeavailableforsalesecuritiesadjustmentnetoftaxperiodincreasedecrease": 10597000,
        "othercomprehensiveincomederivativesqualifyingashedgesnetoftaxperiodincreasedecrease": 1428000,
        "othercomprehensiveincomelossnetoftaxperiodincreasedecrease": -1602412000,
        "comprehensiveincomenetoftaxincludingportionattributabletononcontrollinginterest": 122200000,
        "accumulatedothercomprehensiveincomelossforeigncurrencytranslationadjustmentnetoftax": 1654254000,
        "accumulatedothercomprehensiveincomelossdefinedbenefitpensionandotherpostretirementplansnetoftax": -39817000,
        "accumulatedothercomprehensiveincomelossavailableforsalesecuritiesadjustmentnetoftax": -10597000,
        "accumulatedothercomprehensiveincomelosscumulativechangesinnetgainlossfromcashflowhedgeseffectnetoftax": -1428000,
        "othercomprehensiveincomedefinedbenefitplanstax": 22939000,
        "othercomprehensiveincomeunrealizedholdinggainlossonsecuritiesarisingduringperiodtax": 6123000,
        "othercomprehensiveincomederivativesqualifyingashedgestaxeffectperiodincreasedecrease": -15433000
    },
    {
        "date": "2012-03-30",
        "symbol": "ABT",
        "period": "Q1",
        "othercomprehensiveincomedefinedbenefitplanstax": 22966000,
        "othercomprehensiveincomeunrealizedholdinggainlossonsecuritiesarisingduringperiodtax": -113000,
        "othercomprehensiveincomederivativesqualifyingashedgestaxeffectperiodincreasedecrease": 5137000,
        "salesrevenuenet": 717000000,
        "costofgoodssold": 3724921000,
        "researchanddevelopmentexpenseexcludingacquiredinprocesscost": 1005682000,
        "researchanddevelopmentassetacquiredotherthanthroughbusinesscombinationwrittenoff": 400000000,
        "sellinggeneralandadministrativeexpense": 3000308000,
        "costsandexpenses": 7880911000,
        "operatingincomeloss": 130000000,
        "interestexpense": 126866000,
        "investmentincomeinterest": 17437000,
        "foreigncurrencytransactiongainlossbeforetax": -24762000,
        "othernonoperatingincomeexpense": 71498000,
        "incomelossfromcontinuingoperationsbeforeincometaxesextraordinaryitemsnoncontrollinginterest": 1513029000,
        "incometaxexpensebenefit": 270905000,
        "netincomelossavailabletocommonstockholdersbasic": 1242124000,
        "earningspersharebasic": 0.79,
        "earningspersharediluted": 0.78,
        "commonstockdividendspersharedeclared": 0.51,
        "weightedaveragenumberofsharesoutstandingbasic": 1573921000,
        "incrementalcommonsharesattributabletosharebasedpaymentarrangements": 15589000,
        "weightedaveragenumberofdilutedsharesoutstanding": 1589510000,
        "antidilutivesecuritiesexcludedfromcomputationofearningspershareamount": 3066000,
        "othercomprehensiveincomeforeigncurrencytransactionandtranslationadjustmentnetoftaxperiodincreasedecrease": 659017000,
        "othercomprehensiveincomedefinedbenefitplansadjustmentnetoftaxperiodincreasedecrease": 39855000,
        "othercomprehensiveincomeavailableforsalesecuritiesadjustmentnetoftaxperiodincreasedecrease": -196000,
        "othercomprehensiveincomederivativesqualifyingashedgesnetoftaxperiodincreasedecrease": -42610000,
        "othercomprehensiveincomelossnetoftaxperiodincreasedecrease": 656066000,
        "comprehensiveincomenetoftaxincludingportionattributabletononcontrollinginterest": 1898190000,
        "accumulatedothercomprehensiveincomelossforeigncurrencytranslationadjustmentnetoftax": -586490000,
        "accumulatedothercomprehensiveincomelossdefinedbenefitpensionandotherpostretirementplansnetoftax": 2690764000,
        "accumulatedothercomprehensiveincomelossavailableforsalesecuritiesadjustmentnetoftax": -38233000,
        "accumulatedothercomprehensiveincomelosscumulativechangesinnetgainlossfromcashflowhedgeseffectnetoftax": -124922000
    },
    {
        "date": "2011-09-29",
        "symbol": "ABT",
        "period": "Q3",
        "salesrevenuenet": -8705291000,
        "costofgoodssold": 3973250000,
        "researchanddevelopmentexpenseexcludingacquiredinprocesscost": 1009627000,
        "sellinggeneralandadministrativeexpense": 4238910000,
        "costsandexpenses": 9221787000,
        "operatingincomeloss": 594878000,
        "interestexpense": 124339000,
        "investmentincomeinterest": 20816000,
        "foreigncurrencytransactiongainlossbeforetax": 5018000,
        "othernonoperatingincomeexpense": 5222000,
        "incomelossfromcontinuingoperationsbeforeincometaxesandminorityinterest": -1805556000,
        "incometaxexpensebenefit": 198414000,
        "earningspersharebasic": 0.18999999999999995,
        "earningspersharediluted": 0.19999999999999996,
        "commonstockdividendspersharedeclared": 0.48,
        "weightedaveragenumberofsharesoutstandingbasic": -1553142000,
        "incrementalcommonsharesattributabletosharebasedpaymentarrangements": -7503000,
        "weightedaveragenumberofdilutedsharesoutstanding": -1560645000,
        "antidilutivesecuritiesexcludedfromcomputationofearningspershareamount": -63202000
    },
    {
        "date": "2011-06-29",
        "symbol": "ABT",
        "period": "Q2",
        "salesrevenuenet": 9616291000,
        "costofgoodssold": 3870472000,
        "researchanddevelopmentexpenseexcludingacquiredinprocesscost": 1037780000,
        "researchanddevelopmentassetacquiredotherthanthroughbusinesscombinationwrittenoff": 85000000,
        "sellinggeneralandadministrativeexpense": 2762086000,
        "costsandexpenses": 7842838000,
        "operatingincomeloss": 1773453000,
        "interestexpense": 134129000,
        "investmentincomeinterest": 18868000,
        "foreigncurrencytransactiongainlossbeforetax": 10796000,
        "othernonoperatingincomeexpense": 5568000,
        "incomelossfromcontinuingoperationsbeforeincometaxesandminorityinterest": 1674556000,
        "incometaxexpensebenefit": -268226000,
        "profitloss": 1942782000,
        "earningspersharebasic": 1.24,
        "earningspersharediluted": 1.23,
        "commonstockdividendspersharedeclared": 0.48,
        "weightedaveragenumberofsharesoutstandingbasic": 1556869000,
        "incrementalcommonsharesattributabletosharebasedpaymentarrangements": 9234000,
        "weightedaveragenumberofdilutedsharesoutstanding": 1566103000,
        "antidilutivesecuritiesexcludedfromcomputationofearningspershareamount": 60653000
    },
    {
        "date": "2011-03-30",
        "symbol": "ABT",
        "period": "Q1",
        "salesrevenuenet": 1295000000,
        "costofgoodssold": 3858983000,
        "researchanddevelopmentexpenseexcludingacquiredinprocesscost": 930400000,
        "researchanddevelopmentinprocess": 100000000,
        "sellinggeneralandadministrativeexpense": 2850318000,
        "costsandexpenses": 7739701000,
        "operatingincomeloss": 1301149000,
        "interestexpense": 145587000,
        "investmentincomeinterest": 21716000,
        "foreigncurrencytransactiongainlossbeforetax": 32366000,
        "othernonoperatingincomeexpense": -140858000,
        "incomelossfromcontinuingoperationsbeforeincometaxesandminorityinterest": 304000000,
        "incometaxexpensebenefit": 204968000,
        "profitloss": 863818000,
        "earningspersharebasic": 0.56,
        "earningspersharediluted": 0.55,
        "commonstockdividendspersharedeclared": 0.48,
        "weightedaveragenumberofsharesoutstandingbasic": 1551755000,
        "incrementalcommonsharesattributabletosharebasedpaymentarrangements": 6886000,
        "weightedaveragenumberofdilutedsharesoutstanding": 1558641000,
        "antidilutivesecuritiesexcludedfromcomputationofearningspershareamount": 63202000
    },
    {
        "date": "2010-09-29",
        "symbol": "ABT",
        "period": "Q3",
        "salesrevenuenet": 9389519000,
        "costofgoodssold": 3741116000,
        "researchanddevelopmentexpenseexcludingacquiredinprocesscost": 1078927000,
        "sellinggeneralandadministrativeexpense": 2673277000,
        "costsandexpenses": 7493320000,
        "operatingincomeloss": 1181185000,
        "interestexpense": 149102000,
        "investmentincomeinterest": 15590000,
        "foreigncurrencytransactiongainlossbeforetax": 20956000,
        "othernonoperatingincomeexpense": -4519000,
        "incomelossfromcontinuingoperationsbeforeincometaxesandminorityinterest": 357797000,
        "incometaxexpensebenefit": 173450000,
        "profitloss": 890660000,
        "earningspersharebasic": 0.58,
        "earningspersharediluted": 0.57,
        "commonstockdividendspersharedeclared": 0.4400000000000001,
        "weightedaveragenumberofsharesoutstandingbasic": -1546083000,
        "incrementalcommonsharesattributabletosharebasedpaymentarrangements": -11037000,
        "weightedaveragenumberofdilutedsharesoutstanding": -1557120000,
        "antidilutivesecuritiesexcludedfromcomputationofearningspershareamount": -66601000
    },
    {
        "date": "2010-06-29",
        "symbol": "ABT",
        "period": "Q2",
        "salesrevenuenet": 8111000000,
        "costofgoodssold": 3543932000,
        "researchanddevelopmentexpenseexcludingacquiredinprocesscost": 857698000,
        "researchanddevelopmentinprocess": 75000000,
        "sellinggeneralandadministrativeexpense": 2743418000,
        "costsandexpenses": 7220048000,
        "operatingincomeloss": 1605966000,
        "interestexpense": 134488000,
        "investmentincomeinterest": 38172000,
        "foreigncurrencytransactiongainlossbeforetax": 40883000,
        "othernonoperatingincomeexpense": 8154000,
        "incomelossfromcontinuingoperationsbeforeincometaxesandminorityinterest": 2265000000,
        "incometaxexpensebenefit": 267037000,
        "profitloss": 1291650000,
        "earningspersharebasic": 0.83,
        "earningspersharediluted": 0.83,
        "commonstockdividendspersharedeclared": 0.44,
        "weightedaveragenumberofsharesoutstandingbasic": 1544415000,
        "incrementalcommonsharesattributabletosharebasedpaymentarrangements": 7367000,
        "weightedaveragenumberofdilutedsharesoutstanding": 1551782000,
        "antidilutivesecuritiesexcludedfromcomputationofearningspershareamount": 66601000
    },
    {
        "date": "2010-03-30",
        "symbol": "ABT",
        "period": "Q1",
        "salesrevenuenet": 7698354000,
        "costofgoodssold": 3335104000,
        "researchanddevelopmentexpenseexcludingacquiredinprocesscost": 730367000,
        "sellinggeneralandadministrativeexpense": 2162400000,
        "costsandexpenses": 6227871000,
        "operatingincomeloss": 1470483000,
        "interestexpense": 118201000,
        "investmentincomeinterest": 29531000,
        "foreigncurrencytransactiongainlossbeforetax": -70019000,
        "othernonoperatingincomeexpense": 10413000,
        "incomelossfromcontinuingoperationsbeforeincometaxesandminorityinterest": 1322207000,
        "incometaxexpensebenefit": 319192000,
        "profitloss": 1003015000,
        "earningspersharebasic": 0.65,
        "earningspersharediluted": 0.64,
        "commonstockdividendspersharedeclared": 0.44,
        "weightedaveragenumberofsharesoutstandingbasic": 1547815000,
        "incrementalcommonsharesattributabletosharebasedpaymentarrangements": 13508000,
        "weightedaveragenumberofdilutedsharesoutstanding": 1561323000,
        "antidilutivesecuritiesexcludedfromcomputationofearningspershareamount": 29403000
    },
    {
        "date": "2009-09-29",
        "symbol": "ABT",
        "period": "Q3",
        "salesrevenuenet": 7761336000,
        "costofgoodssold": 3360187000,
        "researchanddevelopmentexpenseexcludingacquiredinprocesscost": 675736000,
        "sellinggeneralandadministrativeexpense": 2085660000,
        "costsandexpenses": 6121583000,
        "operatingincomeloss": 1639753000,
        "interestexpense": 134612000,
        "investmentincomeinterest": 38413000,
        "foreigncurrencytransactiongainlossbeforetax": -6000,
        "othernonoperatingincomeexpense": 327827000,
        "incomelossfromcontinuingoperationsbeforeincometaxesandminorityinterest": 1871375000,
        "incometaxexpensebenefit": 391008000,
        "profitloss": 1480367000,
        "earningspersharebasic": 0.95,
        "earningspersharediluted": 0.95,
        "commonstockdividendspersharedeclared": 0.4,
        "weightedaveragenumberofsharesoutstandingbasic": 1546291000,
        "incrementalcommonsharesattributabletosharebasedpaymentarrangements": 6192000,
        "weightedaveragenumberofdilutedsharesoutstanding": 1552483000,
        "antidilutivesecuritiesexcludedfromcomputationofearningspershareamount": 83576000
    },
    {
        "date": "2009-06-29",
        "symbol": "ABT",
        "period": "Q2",
        "salesrevenuenet": 7494876000,
        "costofgoodssold": 3128998000,
        "researchanddevelopmentexpenseexcludingacquiredinprocesscost": 670206000,
        "sellinggeneralandadministrativeexpense": 2024252000,
        "costsandexpenses": 5823456000,
        "operatingincomeloss": 1671420000,
        "interestexpense": 136969000,
        "investmentincomeinterest": 33877000,
        "foreigncurrencytransactiongainlossbeforetax": -14394000,
        "othernonoperatingincomeexpense": 13104000,
        "incomelossfromcontinuingoperationsbeforeincometaxesminorityinterestandincomelossfromequitymethodinvestments": 1567038000,
        "incometaxexpensebenefit": 278933000,
        "profitloss": 1288105000,
        "earningspersharebasic": 0.83,
        "earningspersharediluted": 0.83,
        "commonstockdividendspersharedeclared": 0.4,
        "weightedaveragenumberofsharesoutstandingbasic": 1545643000,
        "incrementalcommonsharesattributabletosharebasedpaymentarrangements": 4921000,
        "weightedaveragenumberofdilutedsharesoutstanding": 1550564000,
        "antidilutivesecuritiesexcludedfromcomputationofearningspershareamount": 90451000
    }
]