[
    {
        "date": "2023-12-28",
        "symbol": "TRMB",
        "period": "Q4",
        "revenuefromcontractwithcustomerexcludingassessedtax": 402800000,
        "costofgoodsandserviceexcludingdepreciationdepletionandamortization": 209300000,
        "costofgoodsandservicessoldamortization": 27800000,
        "costofgoodsandservicessold": 355100000,
        "grossprofit": 577300000,
        "researchanddevelopmentexpense": 167700000,
        "sellingandmarketingexpense": 146100000,
        "generalandadministrativeexpense": 118300000,
        "restructuringcharges": 19500000,
        "amortizationofintangibleassets": 28800000,
        "operatingexpenses": 480400000,
        "operatingincomeloss": 96900000,
        "interestincomeexpensenet": -47800000,
        "incomelossfromequitymethodinvestments": 3500000,
        "othernonoperatingincomeexpense": 4300000,
        "nonoperatingincomeexpense": -37400000,
        "incomelossfromcontinuingoperationsbeforeincometaxesextraordinaryitemsnoncontrollinginterest": 59500000,
        "incometaxexpensebenefit": -3500000,
        "netincomeloss": 63000000,
        "earningspersharebasic": 0.26,
        "earningspersharediluted": 0.25,
        "weightedaveragenumberofsharesoutstandingbasic": 247900000,
        "weightedaveragenumberofdilutedsharesoutstanding": 249100000,
        "othercomprehensiveincomelossforeigncurrencytransactionandtranslationadjustmentnetoftax": 162000000,
        "othercomprehensiveincomelosscashflowhedgeanddefinedbenefitplangainlossafterreclassificationandtax": 0,
        "comprehensiveincomenetoftax": 225000000
    },
    {
        "date": "2023-09-28",
        "symbol": "TRMB",
        "period": "Q3",
        "revenuefromcontractwithcustomerexcludingassessedtax": 444000000,
        "costofgoodsandserviceexcludingdepreciationdepletionandamortization": 215600000,
        "costofgoodsandservicessoldamortization": 27700000,
        "costofgoodsandservicessold": 367100000,
        "grossprofit": 590200000,
        "researchanddevelopmentexpense": 162500000,
        "sellingandmarketingexpense": 146200000,
        "generalandadministrativeexpense": 117200000,
        "restructuringcharges": 11800000,
        "amortizationofintangibleassets": 31200000,
        "operatingexpenses": 468900000,
        "operatingincomeloss": 121300000,
        "gainlossonsaleofbusiness": 5500000,
        "interestincomeexpensenet": -46800000,
        "incomelossfromequitymethodinvestments": 5200000,
        "othernonoperatingincomeexpense": -5800000,
        "nonoperatingincomeexpense": -41900000,
        "incomelossfromcontinuingoperationsbeforeincometaxesextraordinaryitemsnoncontrollinginterest": 79400000,
        "incometaxexpensebenefit": 4500000,
        "netincomeloss": 74900000,
        "earningspersharebasic": 0.3,
        "earningspersharediluted": 0.3,
        "weightedaveragenumberofsharesoutstandingbasic": 248600000,
        "weightedaveragenumberofdilutedsharesoutstanding": 249700000,
        "othercomprehensiveincomelossforeigncurrencytransactionandtranslationadjustmentnetoftax": -119700000,
        "othercomprehensiveincomelosscashflowhedgeanddefinedbenefitplangainlossafterreclassificationandtax": 200000,
        "comprehensiveincomenetoftax": -45000000
    },
    {
        "date": "2023-06-29",
        "symbol": "TRMB",
        "period": "Q2",
        "revenuefromcontractwithcustomerexcludingassessedtax": 490500000,
        "costofgoodsandserviceexcludingdepreciationdepletionandamortization": 233900000,
        "costofgoodsandservicessoldamortization": 30200000,
        "costofgoodsandservicessold": 389100000,
        "grossprofit": 604500000,
        "researchanddevelopmentexpense": 174800000,
        "sellingandmarketingexpense": 155300000,
        "generalandadministrativeexpense": 141300000,
        "restructuringcharges": 7600000,
        "amortizationofintangibleassets": 31900000,
        "operatingexpenses": 510900000,
        "operatingincomeloss": 93600000,
        "gainlossonsaleofbusiness": 1100000,
        "interestincomeexpensenet": -46700000,
        "incomelossfromequitymethodinvestments": 8000000,
        "othernonoperatingincomeexpense": 1500000,
        "nonoperatingincomeexpense": -36100000,
        "incomelossfromcontinuingoperationsbeforeincometaxesextraordinaryitemsnoncontrollinginterest": 57500000,
        "incometaxexpensebenefit": 12900000,
        "netincomeloss": 44600000,
        "earningspersharebasic": 0.18,
        "earningspersharediluted": 0.18,
        "weightedaveragenumberofsharesoutstandingbasic": 248100000,
        "weightedaveragenumberofdilutedsharesoutstanding": 249000000,
        "othercomprehensiveincomelossforeigncurrencytransactionandtranslationadjustmentnetoftax": 24400000,
        "othercomprehensiveincomelosscashflowhedgeanddefinedbenefitplangainlossafterreclassificationandtax": 200000,
        "comprehensiveincomenetoftax": 68800000
    },
    {
        "date": "2023-03-30",
        "symbol": "TRMB",
        "period": "Q1",
        "revenuefromcontractwithcustomerexcludingassessedtax": 434400000,
        "costofgoodsandserviceexcludingdepreciationdepletionandamortization": 216200000,
        "costofgoodsandservicessoldamortization": 23000000,
        "costofgoodsandservicessold": 354600000,
        "grossprofit": 560800000,
        "researchanddevelopmentexpense": 159300000,
        "sellingandmarketingexpense": 135400000,
        "generalandadministrativeexpense": 110700000,
        "restructuringcharges": 6700000,
        "amortizationofintangibleassets": 11700000,
        "operatingexpenses": 423800000,
        "operatingincomeloss": 137000000,
        "interestincomeexpensenet": -19700000,
        "incomelossfromequitymethodinvestments": 11400000,
        "othernonoperatingincomeexpense": 31900000,
        "nonoperatingincomeexpense": 23600000,
        "incomelossfromcontinuingoperationsbeforeincometaxesextraordinaryitemsnoncontrollinginterest": 160600000,
        "incometaxexpensebenefit": 31800000,
        "netincomeloss": 128800000,
        "earningspersharebasic": 0.52,
        "earningspersharediluted": 0.52,
        "weightedaveragenumberofsharesoutstandingbasic": 247200000,
        "weightedaveragenumberofdilutedsharesoutstanding": 248700000,
        "othercomprehensiveincomelossforeigncurrencytransactionandtranslationadjustmentnetoftax": 19700000,
        "othercomprehensiveincomelosscashflowhedgeanddefinedbenefitplangainlossafterreclassificationandtax": 3200000,
        "comprehensiveincomenetoftax": 145300000
    },
    {
        "date": "2022-12-29",
        "symbol": "TRMB",
        "period": "Q4",
        "revenuefromcontractwithcustomerexcludingassessedtax": 856500000,
        "costofgoodsandserviceexcludingdepreciationdepletionandamortization": 49600000,
        "costofgoodsandservicessoldamortization": 21600000,
        "costofgoodsandservicessold": 353400000,
        "grossprofit": 503100000,
        "researchanddevelopmentexpense": 134700000,
        "sellingandmarketingexpense": 145700000,
        "generalandadministrativeexpense": 104200000,
        "restructuringcharges": 9700000,
        "amortizationofintangibleassets": 12100000,
        "operatingexpenses": 31700000,
        "operatingincomeloss": 219500000.00000003,
        "interestincomeexpensenet": -24200000,
        "incomelossfromequitymethodinvestments": 8800000,
        "othernonoperatingincomeexpense": 22800000,
        "nonoperatingincomeexpense": -5600000,
        "incomelossfromcontinuingoperationsbeforeincometaxesextraordinaryitemsnoncontrollinginterest": 91100000,
        "incometaxexpensebenefit": 5500000,
        "profitloss": 85600000,
        "netincomeloss": 85600000,
        "earningspersharebasic": 0.3499999999999999,
        "earningspersharediluted": 0.3499999999999999,
        "weightedaveragenumberofsharesoutstandingbasic": -498900000,
        "weightedaveragenumberofdilutedsharesoutstanding": -502200000,
        "othercomprehensiveincomelossforeigncurrencytransactionandtranslationadjustmentnetoftax": 91400000,
        "comprehensiveincomenetoftaxincludingportionattributabletononcontrollinginterest": 185400000,
        "comprehensiveincomenetoftax": 185400000
    },
    {
        "date": "2022-09-29",
        "symbol": "TRMB",
        "period": "Q3",
        "revenuefromcontractwithcustomerexcludingassessedtax": 503900000,
        "costofgoodsandserviceexcludingdepreciationdepletionandamortization": 240700000,
        "costofgoodsandservicessoldamortization": 19900000,
        "costofgoodsandservicessold": 369500000,
        "grossprofit": 515400000,
        "researchanddevelopmentexpense": 127000000,
        "sellingandmarketingexpense": 137100000,
        "generalandadministrativeexpense": 109600000,
        "restructuringcharges": 8200000,
        "amortizationofintangibleassets": 11100000,
        "operatingexpenses": 393000000,
        "operatingincomeloss": 122400000,
        "gainlossonsaleofbusiness": 6000000,
        "interestincomeexpensenet": -15600000,
        "incomelossfromequitymethodinvestments": 6800000,
        "othernonoperatingincomeexpense": -1700000,
        "nonoperatingincomeexpense": -4500000,
        "incomelossfromcontinuingoperationsbeforeincometaxesextraordinaryitemsnoncontrollinginterest": 117900000,
        "incometaxexpensebenefit": 32100000,
        "profitloss": 85800000,
        "netincomeloss": 85800000,
        "earningspersharebasic": 0.35,
        "earningspersharediluted": 0.34,
        "weightedaveragenumberofsharesoutstandingbasic": 247500000,
        "weightedaveragenumberofdilutedsharesoutstanding": 248900000,
        "othercomprehensiveincomelossforeigncurrencytransactionandtranslationadjustmentnetoftax": -95600000,
        "comprehensiveincomenetoftaxincludingportionattributabletononcontrollinginterest": -9800000,
        "comprehensiveincomenetoftax": -9800000
    },
    {
        "date": "2022-06-30",
        "symbol": "TRMB",
        "period": "Q2",
        "revenuefromcontractwithcustomerexcludingassessedtax": 564500000,
        "costofgoodsandserviceexcludingdepreciationdepletionandamortization": 269900000,
        "costofgoodsandservicessoldamortization": 21000000,
        "costofgoodsandservicessold": 403700000,
        "grossprofit": 537500000,
        "researchanddevelopmentexpense": 140100000,
        "sellingandmarketingexpense": 138900000,
        "generalandadministrativeexpense": 106900000,
        "restructuringcharges": 5400000,
        "amortizationofintangibleassets": 11300000,
        "operatingexpenses": 402600000,
        "operatingincomeloss": 134900000,
        "gainlossonsaleofbusiness": 106000000,
        "interestincomeexpensenet": -15300000,
        "incomelossfromequitymethodinvestments": 5800000,
        "othernonoperatingincomeexpense": -9800000,
        "nonoperatingincomeexpense": 86700000,
        "incomelossfromcontinuingoperationsbeforeincometaxesextraordinaryitemsnoncontrollinginterest": 221600000,
        "incometaxexpensebenefit": 53600000,
        "profitloss": 168000000,
        "netincomeloss": 168000000,
        "earningspersharebasic": 0.67,
        "earningspersharediluted": 0.67,
        "weightedaveragenumberofsharesoutstandingbasic": 249200000,
        "weightedaveragenumberofdilutedsharesoutstanding": 250700000,
        "othercomprehensiveincomelossforeigncurrencytransactionandtranslationadjustmentnetoftax": -75200000,
        "comprehensiveincomenetoftaxincludingportionattributabletononcontrollinginterest": 92800000,
        "comprehensiveincomenetoftax": 92800000
    },
    {
        "date": "2022-03-31",
        "symbol": "TRMB",
        "period": "Q1",
        "revenuefromcontractwithcustomerexcludingassessedtax": 621600000,
        "costofgoodsandserviceexcludingdepreciationdepletionandamortization": 308400000,
        "costofgoodsandservicessoldamortization": 22500000,
        "costofgoodsandservicessold": 444100000,
        "grossprofit": 549600000,
        "researchanddevelopmentexpense": 140300000,
        "sellingandmarketingexpense": 131900000,
        "generalandadministrativeexpense": 101500000,
        "restructuringcharges": 6900000,
        "amortizationofintangibleassets": 12100000,
        "operatingexpenses": 392700000,
        "operatingincomeloss": 156900000,
        "interestincomeexpensenet": -16000000,
        "incomelossfromequitymethodinvestments": 9700000,
        "othernonoperatingincomeexpense": -12100000,
        "nonoperatingincomeexpense": -18400000,
        "incomelossfromcontinuingoperationsbeforeincometaxesextraordinaryitemsnoncontrollinginterest": 138500000,
        "incometaxexpensebenefit": 28200000,
        "profitloss": 110300000,
        "netincomeloss": 110300000,
        "earningspersharebasic": 0.44,
        "earningspersharediluted": 0.44,
        "weightedaveragenumberofsharesoutstandingbasic": 250800000,
        "weightedaveragenumberofdilutedsharesoutstanding": 252800000,
        "othercomprehensiveincomelossforeigncurrencytransactionandtranslationadjustmentnetoftax": -2200000,
        "comprehensiveincomenetoftaxincludingportionattributabletononcontrollinginterest": 108100000,
        "comprehensiveincomenetoftax": 108100000
    },
    {
        "date": "2021-12-30",
        "symbol": "TRMB",
        "period": "Q4",
        "revenuefromcontractwithcustomerexcludingassessedtax": 155000000,
        "costofgoodsandservicessoldamortization": 21600000.000000007,
        "costofgoodsandservicessold": 414500000,
        "grossprofit": 511500000,
        "researchanddevelopmentexpense": 136400000,
        "sellingandmarketingexpense": 133700000,
        "generalandadministrativeexpense": 98900000,
        "restructuringcharges": 2800000,
        "amortizationofintangibleassets": 11900000,
        "operatingexpenses": 30200000,
        "operatingincomeloss": 234700000,
        "interestincomeexpensenet": -16000000.000000007,
        "incomelossfromequitymethodinvestments": 7400000,
        "othernonoperatingincomeexpense": -1100000,
        "nonoperatingincomeexpense": -9700000,
        "incomelossfromcontinuingoperationsbeforeincometaxesextraordinaryitemsnoncontrollinginterest": 118100000,
        "incometaxexpensebenefit": 2800000,
        "profitloss": -377400000,
        "netincomeloss": 115300000,
        "earningspersharebasic": 0.4599999999999999,
        "earningspersharediluted": 0.4599999999999999,
        "weightedaveragenumberofsharesoutstandingbasic": -100000,
        "weightedaveragenumberofdilutedsharesoutstanding": 0,
        "othercomprehensiveincomelossforeigncurrencytransactionandtranslationadjustmentnetoftax": -21900000,
        "comprehensiveincomenetoftaxincludingportionattributabletononcontrollinginterest": 94100000,
        "comprehensiveincomenetoftax": 94200000
    },
    {
        "date": "2021-09-30",
        "symbol": "TRMB",
        "period": "Q3",
        "revenuefromcontractwithcustomerexcludingassessedtax": 551200000,
        "costofgoodsandservicessoldamortization": 22000000,
        "costofgoodsandservicessold": 396900000,
        "grossprofit": 504500000,
        "researchanddevelopmentexpense": 132500000,
        "sellingandmarketingexpense": 125500000,
        "generalandadministrativeexpense": 85200000,
        "restructuringcharges": 1500000,
        "amortizationofintangibleassets": 12300000,
        "operatingexpenses": 357000000,
        "operatingincomeloss": 147500000,
        "interestincomeexpensenet": -15900000,
        "incomelossfromequitymethodinvestments": 8500000,
        "othernonoperatingincomeexpense": 16600000,
        "nonoperatingincomeexpense": 9200000,
        "incomelossfromcontinuingoperationsbeforeincometaxesextraordinaryitemsnoncontrollinginterest": 156700000,
        "incometaxexpensebenefit": 32700000,
        "profitloss": 124000000,
        "netincomeloss": 124000000,
        "earningspersharebasic": 0.48999999999999994,
        "earningspersharediluted": 0.4799999999999999,
        "weightedaveragenumberofsharesoutstandingbasic": 200000,
        "weightedaveragenumberofdilutedsharesoutstanding": 100000,
        "othercomprehensiveincomelossforeigncurrencytransactionandtranslationadjustmentnetoftax": -28700000,
        "comprehensiveincomenetoftaxincludingportionattributabletononcontrollinginterest": 95300000,
        "comprehensiveincomenetoftax": 95300000
    },
    {
        "date": "2021-07-01",
        "symbol": "TRMB",
        "period": "Q2",
        "revenuefromcontractwithcustomerexcludingassessedtax": 594900000,
        "costofgoodsandservicessoldamortization": 22000000,
        "costofgoodsandservicessold": 557300000,
        "grossprofit": 525400000,
        "researchanddevelopmentexpense": 138300000,
        "sellingandmarketingexpense": 125200000,
        "generalandadministrativeexpense": 99600000,
        "restructuringcharges": 4500000,
        "amortizationofintangibleassets": 13000000,
        "operatingexpenses": 380600000,
        "operatingincomeloss": 144800000,
        "interestincomeexpensenet": -16600000,
        "incomelossfromequitymethodinvestments": 10000000,
        "othernonoperatingincomeexpense": 24200000,
        "nonoperatingincomeexpense": 17600000,
        "incomelossfromcontinuingoperationsbeforeincometaxesextraordinaryitemsnoncontrollinginterest": 162400000,
        "incometaxexpensebenefit": 23500000,
        "profitloss": 138900000,
        "netincomelossattributabletononcontrollinginterest": 0,
        "netincomeloss": 138900000,
        "earningspersharebasic": 0.55,
        "earningspersharediluted": 0.55,
        "weightedaveragenumberofsharesoutstandingbasic": 200000,
        "weightedaveragenumberofdilutedsharesoutstanding": -100000,
        "othercomprehensiveincomelossforeigncurrencytransactionandtranslationadjustmentnetoftax": 18100000,
        "comprehensiveincomenetoftaxincludingportionattributabletononcontrollinginterest": 157000000,
        "comprehensiveincomenetoftaxattributabletononcontrollinginterest": 0,
        "comprehensiveincomenetoftax": 157000000
    },
    {
        "date": "2021-04-01",
        "symbol": "TRMB",
        "period": "Q1",
        "revenuefromcontractwithcustomerexcludingassessedtax": 539400000,
        "costofgoodsandservicessold": 255700000,
        "costofgoodsandservicessoldamortization": 22100000,
        "grossprofit": 493300000,
        "researchanddevelopmentexpense": 129400000,
        "sellingandmarketingexpense": 122400000,
        "generalandadministrativeexpense": 85400000,
        "restructuringcharges": 1500000,
        "amortizationofintangibleassets": 13700000,
        "operatingexpenses": 352400000,
        "operatingincomeloss": 140900000,
        "interestincomeexpensenet": -16900000,
        "incomelossfromequitymethodinvestments": 11800000,
        "othernonoperatingincomeexpense": 1600000,
        "nonoperatingincomeexpense": -3500000,
        "incomelossfromcontinuingoperationsbeforeincometaxesextraordinaryitemsnoncontrollinginterest": 137400000,
        "incometaxexpensebenefit": 22800000,
        "profitloss": 114600000,
        "netincomelossattributabletononcontrollinginterest": 100000,
        "netincomeloss": 114500000,
        "earningspersharebasic": 0.46,
        "earningspersharediluted": 0.45,
        "weightedaveragenumberofsharesoutstandingbasic": 251100000,
        "weightedaveragenumberofdilutedsharesoutstanding": 254300000,
        "othercomprehensiveincomelossforeigncurrencytransactionandtranslationadjustmentnetoftax": -31500000,
        "comprehensiveincomenetoftaxincludingportionattributabletononcontrollinginterest": 83100000,
        "comprehensiveincomenetoftaxattributabletononcontrollinginterest": 100000,
        "comprehensiveincomenetoftax": 83000000
    },
    {
        "date": "2020-12-31",
        "symbol": "TRMB",
        "period": "Q4",
        "revenuefromcontractwithcustomerexcludingassessedtax": 159700000,
        "costofgoodsandservicessoldamortization": 22300000,
        "costofgoodsandservicessold": 361200000.0000001,
        "grossprofit": 468500000,
        "researchanddevelopmentexpense": 125800000,
        "sellingandmarketingexpense": 120100000.00000001,
        "generalandadministrativeexpense": 79700000,
        "restructuringcharges": 5700000,
        "amortizationofintangibleassets": 15300000,
        "operatingexpenses": 25300000,
        "operatingincomeloss": 222000000,
        "interestincomeexpensenet": -17900000,
        "incomelossfromequitymethodinvestments": 9500000,
        "othernonoperatingincomeexpense": 14800000,
        "nonoperatingincomeexpense": 6400000,
        "incomelossfromcontinuingoperationsbeforeincometaxesminorityinterestandincomelossfromequitymethodinvestments": 128300000,
        "incometaxexpensebenefit": -52400000,
        "profitloss": -209200000,
        "netincomeloss": 180300000,
        "earningspersharebasic": 0.7200000000000002,
        "earningspersharediluted": 0.7200000000000002,
        "weightedaveragenumberofsharesoutstandingbasic": 100000,
        "weightedaveragenumberofdilutedsharesoutstanding": 400000,
        "othercomprehensiveincomelossforeigncurrencytransactionandtranslationadjustmentnetoftax": 61500000,
        "comprehensiveincomenetoftaxincludingportionattributabletononcontrollinginterest": 242500000,
        "comprehensiveincomenetoftax": 242800000
    },
    {
        "date": "2020-10-01",
        "symbol": "TRMB",
        "period": "Q3",
        "revenuefromcontractwithcustomerexcludingassessedtax": 461400000,
        "costofgoodsandservicessold": 221200000,
        "costofgoodsandservicessoldamortization": 23300000,
        "grossprofit": 439700000,
        "researchanddevelopmentexpense": 117900000,
        "sellingandmarketingexpense": 111600000,
        "generalandadministrativeexpense": 79400000,
        "restructuringcharges": 12100000,
        "amortizationofintangibleassets": 16700000,
        "operatingexpenses": 337700000,
        "operatingincomeloss": 102000000,
        "interestincomeexpensenet": -19600000,
        "incomelossfromequitymethodinvestments": 10800000,
        "othernonoperatingincomeexpense": 3200000,
        "nonoperatingincomeexpense": -5600000,
        "incomelossfromcontinuingoperationsbeforeincometaxesminorityinterestandincomelossfromequitymethodinvestments": 96400000,
        "incometaxexpensebenefit": 11600000,
        "profitloss": 84800000,
        "netincomeloss": 84700000,
        "earningspersharebasic": 0.33999999999999997,
        "earningspersharediluted": 0.32999999999999996,
        "weightedaveragenumberofsharesoutstandingbasic": 400000,
        "weightedaveragenumberofdilutedsharesoutstanding": 400000,
        "othercomprehensiveincomelossforeigncurrencytransactionandtranslationadjustmentnetoftax": 37300000,
        "comprehensiveincomenetoftaxincludingportionattributabletononcontrollinginterest": 122100000,
        "comprehensiveincomenetoftax": 122000000
    },
    {
        "date": "2020-07-02",
        "symbol": "TRMB",
        "period": "Q2",
        "profitloss": 63200000,
        "othercomprehensiveincomelossforeigncurrencytransactionandtranslationadjustmentnetoftax": 32600000,
        "othercomprehensiveincomeunrealizedholdinggainlossonsecuritiesarisingduringperiodnetoftax": 0,
        "comprehensiveincomenetoftaxincludingportionattributabletononcontrollinginterest": 95800000,
        "comprehensiveincomenetoftax": 95600000,
        "revenuefromcontractwithcustomerexcludingassessedtax": 412400000,
        "costofgoodsandservicessold": 199400000,
        "costofgoodsandservicessoldamortization": 23200000,
        "grossprofit": 405700000,
        "researchanddevelopmentexpense": 114000000,
        "sellingandmarketingexpense": 103600000,
        "generalandadministrativeexpense": 68800000,
        "restructuringcharges": 5100000,
        "amortizationofintangibleassets": 16600000,
        "operatingexpenses": 308100000,
        "operatingincomeloss": 97600000,
        "interestincomeexpensenet": -19600000,
        "incomelossfromequitymethodinvestments": 9700000,
        "othernonoperatingincomeexpense": 3200000,
        "nonoperatingincomeexpense": -6700000,
        "incomelossfromcontinuingoperationsbeforeincometaxesminorityinterestandincomelossfromequitymethodinvestments": 90900000,
        "incometaxexpensebenefit": 27700000,
        "netincomeloss": 63000000,
        "earningspersharebasic": 0.25,
        "weightedaveragenumberofsharesoutstandingbasic": 100000,
        "earningspersharediluted": 0.25,
        "weightedaveragenumberofdilutedsharesoutstanding": -200000
    },
    {
        "date": "2020-04-02",
        "symbol": "TRMB",
        "period": "Q1",
        "profitloss": 61900000,
        "othercomprehensiveincomelossforeigncurrencytransactionandtranslationadjustmentnetoftax": -54300000,
        "othercomprehensiveincomeunrealizedholdinggainlossonsecuritiesarisingduringperiodnetoftax": 200000,
        "comprehensiveincomenetoftaxincludingportionattributabletononcontrollinginterest": 7800000,
        "comprehensiveincomenetoftax": 7800000,
        "revenuefromcontractwithcustomerexcludingassessedtax": 463800000,
        "costofgoodsandservicessold": 210100000,
        "costofgoodsandservicessoldamortization": 23500000,
        "grossprofit": 441000000,
        "researchanddevelopmentexpense": 118200000,
        "sellingandmarketingexpense": 131700000,
        "generalandadministrativeexpense": 73000000,
        "restructuringcharges": 2900000,
        "amortizationofintangibleassets": 16900000,
        "operatingexpenses": 342700000,
        "operatingincomeloss": 98300000,
        "interestincomeexpensenet": -20500000,
        "incomelossfromequitymethodinvestments": 9400000,
        "othernonoperatingincomeexpense": -7800000,
        "nonoperatingincomeexpense": -18900000,
        "incomelossfromcontinuingoperationsbeforeincometaxesminorityinterestandincomelossfromequitymethodinvestments": 79400000,
        "incometaxexpensebenefit": 17500000,
        "netincomeloss": 61900000,
        "earningspersharebasic": 0.25,
        "weightedaveragenumberofsharesoutstandingbasic": 249900000,
        "earningspersharediluted": 0.25,
        "weightedaveragenumberofdilutedsharesoutstanding": 251700000
    },
    {
        "date": "2020-01-02",
        "symbol": "TRMB",
        "period": "Q4",
        "profitloss": 279400000,
        "othercomprehensiveincomelossforeigncurrencytransactionandtranslationadjustmentnetoftax": 31700000,
        "othercomprehensiveincomeunrealizedholdinggainlossonsecuritiesarisingduringperiodnetoftax": -1200000,
        "comprehensiveincomenetoftaxincludingportionattributabletononcontrollinginterest": 309900000,
        "comprehensiveincomenetoftax": 309800000,
        "revenuefromcontractwithcustomerexcludingassessedtax": 466500000,
        "costofgoodsandservicessold": 220900000,
        "costofgoodsandservicessoldamortization": 22800000,
        "grossprofit": 460000000,
        "researchanddevelopmentexpense": 119600000,
        "sellingandmarketingexpense": 128300000,
        "generalandadministrativeexpense": 90700000,
        "restructuringcharges": 16800000,
        "amortizationofintangibleassets": 16400000,
        "operatingexpenses": 371800000,
        "operatingincomeloss": 88200000,
        "interestincomeexpensenet": -20200000,
        "incomelossfromequitymethodinvestments": 5300000,
        "othernonoperatingincomeexpense": -1400000,
        "nonoperatingincomeexpense": -12900000,
        "incomelossfromcontinuingoperationsbeforeincometaxesminorityinterestandincomelossfromequitymethodinvestments": 75300000,
        "incometaxexpensebenefit": -204100000,
        "netincomeloss": 279300000,
        "earningspersharebasic": 1.1099999999999999,
        "weightedaveragenumberofsharesoutstandingbasic": -400000,
        "earningspersharediluted": 1.0999999999999996
    },
    {
        "date": "2019-09-26",
        "symbol": "TRMB",
        "period": "Q3",
        "profitloss": 78100000,
        "othercomprehensiveincomelossforeigncurrencytransactionandtranslationadjustmentnetoftax": -27000000,
        "othercomprehensiveincomeunrealizedholdinggainlossonsecuritiesarisingduringperiodnetoftax": 100000,
        "comprehensiveincomenetoftaxincludingportionattributabletononcontrollinginterest": 51200000,
        "comprehensiveincomenetoftax": 51200000,
        "revenuefromcontractwithcustomerexcludingassessedtax": 458800000,
        "costofgoodsandservicessold": 230800000,
        "costofgoodsandservicessoldamortization": 23300000,
        "grossprofit": 422000000,
        "researchanddevelopmentexpense": 112300000,
        "sellingandmarketingexpense": 119700000,
        "generalandadministrativeexpense": 77200000,
        "restructuringcharges": 3600000,
        "amortizationofintangibleassets": 17500000,
        "operatingexpenses": 330300000,
        "operatingincomeloss": 91700000,
        "interestincomeexpensenet": -19700000,
        "foreigncurrencytransactiongainlossbeforetax": -1500000,
        "incomelossfromequitymethodinvestments": 8800000,
        "othernonoperatingincomeexpense": -400000,
        "nonoperatingincomeexpense": -12800000,
        "incomelossfromcontinuingoperationsbeforeincometaxesminorityinterestandincomelossfromequitymethodinvestments": 78900000,
        "incometaxexpensebenefit": 800000,
        "netincomeloss": 78100000,
        "earningspersharebasic": 0.31999999999999995,
        "weightedaveragenumberofsharesoutstandingbasic": -400000,
        "earningspersharediluted": 0.31000000000000005
    },
    {
        "date": "2019-06-27",
        "symbol": "TRMB",
        "period": "Q2",
        "profitloss": 94600000,
        "othercomprehensiveincomelossforeigncurrencytransactionandtranslationadjustmentnetoftax": 2200000,
        "othercomprehensiveincomeunrealizedholdinggainlossonsecuritiesarisingduringperiodnetoftax": -100000,
        "comprehensiveincomenetoftaxincludingportionattributabletononcontrollinginterest": 96700000,
        "netincomelossattributabletononcontrollinginterest": 0,
        "comprehensiveincomenetoftax": 96700000,
        "revenuefromcontractwithcustomerexcludingassessedtax": 820400000,
        "costofgoodsandservicessold": 124400000,
        "costofgoodsandservicessoldamortization": 23800000,
        "grossprofit": 460600000,
        "researchanddevelopmentexpense": 119600000,
        "sellingandmarketingexpense": 128800000,
        "generalandadministrativeexpense": 79900000,
        "restructuringcharges": 2900000,
        "amortizationofintangibleassets": 19700000,
        "operatingexpenses": 350900000,
        "operatingincomeloss": 109700000,
        "interestincomeexpensenet": -20600000,
        "foreigncurrencytransactiongainlossbeforetax": -1000000,
        "incomelossfromequitymethodinvestments": 12900000,
        "othernonoperatingincomeexpense": 14400000,
        "nonoperatingincomeexpense": 5700000,
        "incomelossfromcontinuingoperationsbeforeincometaxesminorityinterestandincomelossfromequitymethodinvestments": 115400000,
        "incometaxexpensebenefit": 20800000,
        "netincomeloss": 94600000,
        "earningspersharebasic": 0.37,
        "weightedaveragenumberofsharesoutstandingbasic": 100000,
        "earningspersharediluted": 0.37,
        "weightedaveragenumberofdilutedsharesoutstanding": 0
    },
    {
        "date": "2019-03-28",
        "symbol": "TRMB",
        "period": "Q1",
        "profitloss": 62400000,
        "othercomprehensiveincomelossforeigncurrencytransactionandtranslationadjustmentnetoftax": 3400000,
        "othercomprehensiveincomeunrealizedholdinggainlossonsecuritiesarisingduringperiodnetoftax": 200000,
        "comprehensiveincomenetoftaxincludingportionattributabletononcontrollinginterest": 66000000,
        "netincomelossattributabletononcontrollinginterest": 100000,
        "comprehensiveincomenetoftax": 65900000,
        "revenuefromcontractwithcustomerexcludingassessedtax": 189100000,
        "costofgoodsandservicessoldamortization": 24200000,
        "costofgoodsandservicessold": 363300000,
        "grossprofit": 438300000,
        "researchanddevelopmentexpense": 118200000,
        "sellingandmarketingexpense": 127400000,
        "generalandadministrativeexpense": 82800000,
        "restructuringcharges": 3500000,
        "amortizationofintangibleassets": 20100000,
        "operatingexpenses": 352000000,
        "operatingincomeloss": 86300000,
        "interestincomeexpensenet": -21900000,
        "foreigncurrencytransactiongainlossbeforetax": -900000,
        "incomelossfromequitymethodinvestments": 8800000,
        "othernonoperatingincomeexpense": 2900000,
        "nonoperatingincomeexpense": -11100000,
        "incomelossfromcontinuingoperationsbeforeincometaxesminorityinterestandincomelossfromequitymethodinvestments": 75200000,
        "incometaxexpensebenefit": 12800000,
        "netincomeloss": 62300000,
        "earningspersharebasic": 0.25,
        "weightedaveragenumberofsharesoutstandingbasic": 251500000,
        "earningspersharediluted": 0.25,
        "weightedaveragenumberofdilutedsharesoutstanding": 254000000
    },
    {
        "date": "2018-12-27",
        "symbol": "TRMB",
        "period": "Q4",
        "profitloss": 86300000,
        "othercomprehensiveincomelossforeigncurrencytransactionandtranslationadjustmentnetoftax": -32800000,
        "comprehensiveincomenetoftaxincludingportionattributabletononcontrollinginterest": 54100000,
        "comprehensiveincomenetoftax": 54300000,
        "grossprofit": 435200000,
        "researchanddevelopmentexpense": 112600000,
        "sellingandmarketingexpense": 125200000,
        "generalandadministrativeexpense": 87200000,
        "restructuringcharges": 1900000,
        "amortizationofintangibleassets": 18700000,
        "operatingexpenses": 20500000,
        "operatingincomeloss": 44500000,
        "interestincomeexpensenet": -22400000,
        "foreigncurrencytransactiongainlossbeforetax": -100000,
        "incomelossfromequitymethodinvestments": 5500000,
        "othernonoperatingincomeexpense": -4600000,
        "nonoperatingincomeexpense": -21600000,
        "incomelossfromcontinuingoperationsbeforeincometaxesminorityinterestandincomelossfromequitymethodinvestments": 68000000,
        "incometaxexpensebenefit": -18800000,
        "netincomeloss": 86500000,
        "earningspersharebasic": 0.33999999999999986,
        "weightedaveragenumberofsharesoutstandingbasic": 400000,
        "earningspersharediluted": 0.3400000000000001,
        "weightedaveragenumberofdilutedsharesoutstanding": 400000
    },
    {
        "date": "2018-09-27",
        "symbol": "TRMB",
        "period": "Q3",
        "profitloss": 73700000,
        "othercomprehensiveincomelossforeigncurrencytransactionandtranslationadjustmentnetoftax": 7400000,
        "comprehensiveincomenetoftaxincludingportionattributabletononcontrollinginterest": 81000000,
        "comprehensiveincomenetoftax": 81000000,
        "grossprofit": 426900000,
        "researchanddevelopmentexpense": 114100000,
        "sellingandmarketingexpense": 119700000,
        "generalandadministrativeexpense": 91600000,
        "restructuringcharges": 2500000,
        "amortizationofintangibleassets": 21600000,
        "operatingexpenses": 24300000,
        "operatingincomeloss": 37300000,
        "interestincomeexpensenet": -22700000,
        "foreigncurrencytransactiongainlossbeforetax": -100000,
        "incomelossfromequitymethodinvestments": 8800000,
        "othernonoperatingincomeexpense": 700000,
        "nonoperatingincomeexpense": -13300000,
        "incomelossfromcontinuingoperationsbeforeincometaxesminorityinterestandincomelossfromequitymethodinvestments": 64100000,
        "incometaxexpensebenefit": -9600000,
        "netincomeloss": 73700000,
        "earningspersharebasic": 0.30000000000000004,
        "weightedaveragenumberofsharesoutstandingbasic": 500000,
        "earningspersharediluted": 0.29000000000000004,
        "weightedaveragenumberofdilutedsharesoutstanding": 300000
    },
    {
        "date": "2018-06-28",
        "symbol": "TRMB",
        "period": "Q2",
        "profitloss": 64100000,
        "othercomprehensiveincomelossforeigncurrencytransactionandtranslationadjustmentnetoftax": -60500000,
        "comprehensiveincomenetoftaxincludingportionattributabletononcontrollinginterest": 4000000,
        "netincomelossattributabletononcontrollinginterest": 0,
        "comprehensiveincomenetoftax": 4000000,
        "grossprofit": 422700000,
        "researchanddevelopmentexpense": 110100000,
        "sellingandmarketingexpense": 112800000,
        "generalandadministrativeexpense": 89400000,
        "restructuringcharges": 2200000,
        "amortizationofintangibleassets": 18700000,
        "operatingexpenses": 22500000,
        "operatingincomeloss": 31100000,
        "interestincomeexpensenet": -18600000,
        "foreigncurrencytransactiongainlossbeforetax": -3000000,
        "incomelossfromequitymethodinvestments": 9500000,
        "othernonoperatingincomeexpense": 1800000,
        "nonoperatingincomeexpense": -10300000,
        "incomelossfromcontinuingoperationsbeforeincometaxesminorityinterestandincomelossfromequitymethodinvestments": 79200000,
        "incometaxexpensebenefit": 15100000,
        "netincomeloss": 64100000,
        "earningspersharebasic": 0.25,
        "weightedaveragenumberofsharesoutstandingbasic": 300000,
        "earningspersharediluted": 0.26,
        "weightedaveragenumberofdilutedsharesoutstanding": -500000
    },
    {
        "date": "2018-03-29",
        "symbol": "TRMB",
        "period": "Q1",
        "profitloss": 58700000,
        "othercomprehensiveincomelossforeigncurrencytransactionandtranslationadjustmentnetoftax": 30300000,
        "comprehensiveincomenetoftaxincludingportionattributabletononcontrollinginterest": 89000000,
        "netincomelossattributabletononcontrollinginterest": 200000,
        "comprehensiveincomenetoftax": 88800000,
        "salesrevenuegoodsnet": 497800000,
        "salesrevenueservicesnet": 128800000,
        "subscriptionrevenue": 115600000,
        "revenues": 382300000,
        "costofgoodssold": 235400000,
        "costofservices": 59600000,
        "costofgoodssoldsubscription": 27900000,
        "costofgoodssoldamortization": 23100000,
        "costofrevenue": 346000000,
        "grossprofit": 396200000,
        "researchanddevelopmentexpense": 109300000,
        "sellingandmarketingexpense": 122100000,
        "generalandadministrativeexpense": 81600000,
        "restructuringcharges": 1600000,
        "amortizationofintangibleassets": 17400000,
        "operatingexpenses": 23400000,
        "operatingincomeloss": 30400000,
        "interestincomeexpensenet": -9500000,
        "foreigncurrencytransactiongainlossbeforetax": 3700000,
        "incomelossfromequitymethodinvestments": 4900000,
        "othernonoperatingincomeexpense": 3400000,
        "nonoperatingincomeexpense": 2500000,
        "incomelossfromcontinuingoperationsbeforeincometaxesminorityinterestandincomelossfromequitymethodinvestments": 66700000,
        "incometaxexpensebenefit": 8000000,
        "netincomeloss": 58500000,
        "earningspersharebasic": 0.24,
        "weightedaveragenumberofsharesoutstandingbasic": 248800000,
        "earningspersharediluted": 0.23,
        "weightedaveragenumberofdilutedsharesoutstanding": 253200000
    },
    {
        "date": "2017-12-28",
        "symbol": "TRMB",
        "period": "Q4",
        "profitloss": -35000000,
        "othercomprehensiveincomelossforeigncurrencytransactionandtranslationadjustmentnetoftax": -300000,
        "othercomprehensiveincomelosspensionandotherpostretirementbenefitplansadjustmentnetoftax": 0,
        "comprehensiveincomenetoftaxincludingportionattributabletononcontrollinginterest": -35400000,
        "comprehensiveincomenetoftax": -35400000,
        "salesrevenuegoodsnet": 466700000,
        "salesrevenueservicesnet": 129800000,
        "subscriptionrevenue": 111900000,
        "revenues": 186700000,
        "costofgoodssold": 229500000,
        "costofservices": 55100000,
        "costofgoodssoldsubscription": 30500000,
        "costofgoodssoldamortization": 23300000,
        "costofrevenue": 338400000,
        "grossprofit": 370000000,
        "researchanddevelopmentexpense": 98100000,
        "sellingandmarketingexpense": 108400000,
        "generalandadministrativeexpense": 83900000,
        "restructuringcharges": 400000,
        "amortizationofintangibleassets": 16400000,
        "operatingexpenses": 25600000,
        "operatingincomeloss": 38400000,
        "interestincomeexpensenet": -6600000,
        "incomelossfromequitymethodinvestments": 6700000,
        "othernonoperatingincomeexpense": -6900000,
        "nonoperatingincomeexpense": -6500000,
        "incomelossfromcontinuingoperationsbeforeincometaxesminorityinterestandincomelossfromequitymethodinvestments": 56300000,
        "incometaxexpensebenefit": -93400000,
        "netincomeloss": -35000000,
        "earningspersharebasic": -0.14,
        "earningspersharediluted": -0.14,
        "weightedaveragenumberofdilutedsharesoutstanding": -300000
    },
    {
        "date": "2017-09-28",
        "symbol": "TRMB",
        "period": "Q3",
        "profitloss": 55700000,
        "othercomprehensiveincomelossforeigncurrencytransactionandtranslationadjustmentnetoftax": 29300000,
        "othercomprehensiveincomelosspensionandotherpostretirementbenefitplansadjustmentnetoftax": 100000,
        "comprehensiveincomenetoftaxincludingportionattributabletononcontrollinginterest": 84900000,
        "comprehensiveincomenetoftax": 84900000,
        "salesrevenuegoodsnet": 446100000,
        "salesrevenueservicesnet": 115000000,
        "subscriptionrevenue": 108900000,
        "revenues": 171400000,
        "costofgoodssold": 222800000,
        "costofservices": 46400000,
        "costofgoodssoldsubscription": 28300000,
        "costofgoodssoldamortization": 23000000,
        "costofrevenue": 320500000,
        "grossprofit": 349500000,
        "researchanddevelopmentexpense": 92600000,
        "sellingandmarketingexpense": 100600000,
        "generalandadministrativeexpense": 74000000,
        "restructuringcharges": 1300000,
        "amortizationofintangibleassets": 17000000,
        "operatingexpenses": 23000000,
        "operatingincomeloss": 31200000,
        "interestincomeexpensenet": -6300000,
        "incomelossfromequitymethodinvestments": 8700000,
        "othernonoperatingincomeexpense": 1600000,
        "nonoperatingincomeexpense": 5600000,
        "incomelossfromcontinuingoperationsbeforeincometaxesminorityinterestandincomelossfromequitymethodinvestments": 69600000,
        "incometaxexpensebenefit": 13900000,
        "netincomeloss": 55700000,
        "earningspersharebasic": 0.21999999999999997,
        "weightedaveragenumberofsharesoutstandingbasic": 0,
        "earningspersharediluted": 0.21999999999999997,
        "weightedaveragenumberofdilutedsharesoutstanding": 500000
    },
    {
        "date": "2017-06-29",
        "symbol": "TRMB",
        "period": "Q2",
        "profitloss": 49900000,
        "othercomprehensiveincomelossforeigncurrencytransactionandtranslationadjustmentnetoftax": 34900000,
        "othercomprehensiveincomeunrealizedholdinggainlossonsecuritiesarisingduringperiodnetoftax": 0,
        "othercomprehensiveincomelosspensionandotherpostretirementbenefitplansadjustmentnetoftax": 100000,
        "comprehensiveincomenetoftaxincludingportionattributabletononcontrollinginterest": 84700000,
        "comprehensiveincomenetoftax": 84700000,
        "salesrevenuegoodsnet": 445600000,
        "salesrevenueservicesnet": 110000000,
        "subscriptionrevenue": 106300000,
        "revenues": 162900000,
        "costofgoodssold": 219800000,
        "costofservices": 47700000,
        "costofgoodssoldsubscription": 27400000,
        "costofgoodssoldamortization": 20500000,
        "costofrevenue": 315400000,
        "grossprofit": 346500000,
        "researchanddevelopmentexpense": 90800000,
        "sellingandmarketingexpense": 100400000,
        "generalandadministrativeexpense": 75100000,
        "restructuringcharges": 2300000,
        "amortizationofintangibleassets": 15300000,
        "operatingexpenses": -231200000,
        "operatingincomeloss": -5600000,
        "interestincomeexpensenet": -6000000,
        "foreigncurrencytransactiongainlossbeforetax": 0,
        "incomelossfromequitymethodinvestments": 9900000,
        "othernonoperatingincomeexpense": 1100000,
        "nonoperatingincomeexpense": 5000000,
        "incomelossfromcontinuingoperationsbeforeincometaxesminorityinterestandincomelossfromequitymethodinvestments": 67600000,
        "incometaxexpensebenefit": 17700000,
        "netincomeloss": 49900000,
        "earningspersharebasic": 0.2,
        "weightedaveragenumberofsharesoutstandingbasic": 500000,
        "earningspersharediluted": 0.19,
        "weightedaveragenumberofdilutedsharesoutstanding": 600000
    },
    {
        "date": "2017-03-30",
        "symbol": "TRMB",
        "period": "Q1",
        "profitloss": 50500000,
        "othercomprehensiveincomelossforeigncurrencytransactionandtranslationadjustmentnetoftax": 25300000,
        "othercomprehensiveincomeunrealizedholdinggainlossonsecuritiesarisingduringperiodnetoftax": -100000,
        "othercomprehensiveincomelosspensionandotherpostretirementbenefitplansadjustmentnetoftax": 100000,
        "comprehensiveincomenetoftaxincludingportionattributabletononcontrollinginterest": 75600000,
        "comprehensiveincomenetoftax": 75600000,
        "salesrevenuegoodsnet": 405400000,
        "salesrevenueservicesnet": 106800000,
        "subscriptionrevenue": 101700000,
        "revenues": 156100000,
        "costofgoodssold": 194400000,
        "costofservices": 47100000,
        "costofgoodssoldsubscription": 26800000,
        "costofgoodssoldamortization": 19000000,
        "costofrevenue": 287300000,
        "grossprofit": 326600000,
        "researchanddevelopmentexpense": 88700000,
        "sellingandmarketingexpense": 94800000,
        "generalandadministrativeexpense": 69300000,
        "restructuringcharges": 2900000,
        "amortizationofintangibleassets": 14300000,
        "operatingexpenses": 270000000,
        "operatingincomeloss": 56600000,
        "interestincomeexpensenet": -6100000,
        "foreigncurrencytransactiongainlossbeforetax": 1400000,
        "incomelossfromequitymethodinvestments": 4200000,
        "othernonoperatingincomeexpense": 9500000,
        "nonoperatingincomeexpense": 9000000,
        "incomelossfromcontinuingoperationsbeforeincometaxesminorityinterestandincomelossfromequitymethodinvestments": 65600000,
        "incometaxexpensebenefit": 15100000,
        "netincomeloss": 50500000,
        "earningspersharebasic": 0.2,
        "weightedaveragenumberofsharesoutstandingbasic": 252000000,
        "earningspersharediluted": 0.2,
        "weightedaveragenumberofdilutedsharesoutstanding": 255900000
    },
    {
        "date": "2016-12-29",
        "symbol": "TRMB",
        "period": "Q4",
        "profitloss": 37900000,
        "othercomprehensiveincomelossforeigncurrencytransactionandtranslationadjustmentnetoftax": -64900000,
        "othercomprehensiveincomelosspensionandotherpostretirementbenefitplansadjustmentnetoftax": -200000,
        "comprehensiveincomenetoftaxincludingportionattributabletononcontrollinginterest": -26800000,
        "comprehensiveincomenetoftax": -27000000,
        "salesrevenuegoodsnet": 376500000,
        "salesrevenueservicesnet": 113300000,
        "subscriptionrevenue": 95700000,
        "revenues": 162000000,
        "costofgoodssold": 184800000,
        "costofservices": 43600000,
        "costofgoodssoldsubscription": 25600000,
        "costofgoodssoldamortization": 18700000,
        "costofrevenue": 272700000,
        "grossprofit": 312800000,
        "researchanddevelopmentexpense": 83000000,
        "sellingandmarketingexpense": 94900000,
        "generalandadministrativeexpense": 62900000,
        "restructuringcharges": 1800000,
        "amortizationofintangibleassets": 14900000,
        "operatingexpenses": 19400000,
        "operatingincomeloss": 28700000,
        "interestincomeexpensenet": -6100000,
        "incomelossfromequitymethodinvestments": 3700000,
        "othernonoperatingincomeexpense": 4200000,
        "nonoperatingincomeexpense": 1500000,
        "incomelossfromcontinuingoperationsbeforeincometaxesminorityinterestandincomelossfromequitymethodinvestments": 56800000,
        "incometaxexpensebenefit": 19100000,
        "netincomeloss": 37700000,
        "earningspersharebasic": 0.15000000000000002,
        "weightedaveragenumberofsharesoutstandingbasic": 0,
        "earningspersharediluted": 0.15000000000000002,
        "weightedaveragenumberofdilutedsharesoutstanding": 200000
    },
    {
        "date": "2016-09-29",
        "symbol": "TRMB",
        "period": "Q3",
        "profitloss": 39200000,
        "othercomprehensiveincomelossforeigncurrencytransactionandtranslationadjustmentnetoftax": 4400000,
        "othercomprehensiveincomelosspensionandotherpostretirementbenefitplansadjustmentnetoftax": -100000,
        "comprehensiveincomenetoftaxincludingportionattributabletononcontrollinginterest": 43700000,
        "netincomelossattributabletononcontrollinginterest": 0,
        "comprehensiveincomenetoftax": 43700000,
        "salesrevenuegoodsnet": 384900000,
        "salesrevenueservicesnet": 105600000,
        "subscriptionrevenue": 93600000,
        "revenues": 138500000,
        "costofgoodssold": 186600000,
        "costofservices": 40700000,
        "costofgoodssoldsubscription": 26000000,
        "costofgoodssoldamortization": 21800000,
        "costofrevenue": 275100000,
        "grossprofit": 309000000,
        "researchanddevelopmentexpense": 86900000,
        "sellingandmarketingexpense": 88600000,
        "generalandadministrativeexpense": 59200000,
        "restructuringcharges": 3500000,
        "amortizationofintangibleassets": 15500000,
        "operatingexpenses": -231500000,
        "operatingincomeloss": 11400000,
        "interestincomeexpensenet": -6600000,
        "foreigncurrencytransactiongainlossbeforetax": 0,
        "incomelossfromequitymethodinvestments": 5200000,
        "othernonoperatingincomeexpense": -1700000,
        "nonoperatingincomeexpense": -3100000,
        "incomelossfromcontinuingoperationsbeforeincometaxesminorityinterestandincomelossfromequitymethodinvestments": 52200000,
        "incometaxexpensebenefit": 13000000,
        "netincomeloss": 39200000,
        "earningspersharebasic": 0.15999999999999998,
        "weightedaveragenumberofsharesoutstandingbasic": -251000000,
        "earningspersharediluted": 0.14999999999999997,
        "weightedaveragenumberofdilutedsharesoutstanding": -254000000
    },
    {
        "date": "2016-06-30",
        "symbol": "TRMB",
        "period": "Q2",
        "profitloss": 35600000,
        "othercomprehensiveincomelossforeigncurrencytransactionandtranslationadjustmentnetoftax": -21100000,
        "othercomprehensiveincomelosspensionandotherpostretirementbenefitplansadjustmentnetoftax": -100000,
        "comprehensiveincomenetoftaxincludingportionattributabletononcontrollinginterest": 14600000,
        "netincomelossattributabletononcontrollinginterest": -100000,
        "comprehensiveincomenetoftax": 14700000,
        "salesrevenuegoodsnet": 407000000,
        "salesrevenueservicesnet": 109700000,
        "subscriptionrevenue": 92900000,
        "revenues": 138100000,
        "costofgoodssold": 199400000,
        "costofservices": 44000000,
        "costofgoodssoldsubscription": 26600000,
        "costofgoodssoldamortization": 24000000,
        "costofrevenue": 294000000,
        "grossprofit": 315600000,
        "researchanddevelopmentexpense": 92000000,
        "sellingandmarketingexpense": 97400000,
        "generalandadministrativeexpense": 65600000,
        "restructuringcharges": 4500000,
        "amortizationofintangibleassets": 15600000,
        "operatingexpenses": 19700000,
        "operatingincomeloss": 18900000,
        "interestincomeexpensenet": -6600000,
        "foreigncurrencytransactiongainlossbeforetax": -1500000,
        "incomelossfromequitymethodinvestments": 5800000,
        "othernonoperatingincomeexpense": 100000,
        "nonoperatingincomeexpense": -2200000,
        "incomelossfromcontinuingoperationsbeforeincometaxesminorityinterestandincomelossfromequitymethodinvestments": 38300000,
        "incometaxexpensebenefit": 2700000,
        "netincomeloss": 35700000,
        "earningspersharebasic": 0.14,
        "weightedaveragenumberofsharesoutstandingbasic": 250500000,
        "earningspersharediluted": 0.14,
        "weightedaveragenumberofdilutedsharesoutstanding": 253700000
    },
    {
        "date": "2016-03-31",
        "symbol": "TRMB",
        "period": "Q1",
        "profitloss": 19700000,
        "othercomprehensiveincomelossforeigncurrencytransactionandtranslationadjustmentnetoftax": 28200000,
        "othercomprehensiveincomelosspensionandotherpostretirementbenefitplansadjustmentnetoftax": 100000,
        "comprehensiveincomenetoftaxincludingportionattributabletononcontrollinginterest": 47800000,
        "netincomelossattributabletononcontrollinginterest": -100000,
        "comprehensiveincomenetoftax": 47900000,
        "salesrevenuegoodsnet": 393600000,
        "salesrevenueservicesnet": 101600000,
        "subscriptionrevenue": 87800000,
        "revenues": 136300000,
        "costofgoodssold": 190000000,
        "costofservices": 41600000,
        "costofgoodssoldsubscription": 26700000,
        "costofgoodssoldamortization": 24100000,
        "costofrevenue": 282400000,
        "grossprofit": 300600000,
        "researchanddevelopmentexpense": 87700000,
        "sellingandmarketingexpense": 96700000,
        "generalandadministrativeexpense": 68300000,
        "restructuringcharges": 1800000,
        "amortizationofintangibleassets": 16200000,
        "operatingexpenses": 270700000,
        "operatingincomeloss": 29900000,
        "interestincomeexpensenet": -6600000,
        "foreigncurrencytransactiongainlossbeforetax": -100000,
        "incomelossfromequitymethodinvestments": 2900000,
        "othernonoperatingincomeexpense": 3300000,
        "nonoperatingincomeexpense": -500000,
        "incomelossfromcontinuingoperationsbeforeincometaxesminorityinterestandincomelossfromequitymethodinvestments": 29400000,
        "incometaxexpensebenefit": 9700000,
        "netincomeloss": 19800000,
        "earningspersharebasic": 0.08,
        "weightedaveragenumberofsharesoutstandingbasic": 251000000,
        "earningspersharediluted": 0.08,
        "weightedaveragenumberofdilutedsharesoutstanding": 254000000
    },
    {
        "date": "2015-12-31",
        "symbol": "TRMB",
        "period": "Q4",
        "profitloss": 24300000,
        "othercomprehensiveincomelossforeigncurrencytransactionandtranslationadjustmentnetoftax": -19700000,
        "othercomprehensiveincomelosspensionandotherpostretirementbenefitplansadjustmentnetoftax": 100000,
        "comprehensiveincomenetoftaxincludingportionattributabletononcontrollinginterest": 4500000,
        "netincomelossattributabletononcontrollinginterest": -100000,
        "comprehensiveincomenetoftax": 4200000,
        "salesrevenuegoodsnet": 365300000,
        "salesrevenueservicesnet": 109400000,
        "subscriptionrevenue": 85000000,
        "revenues": 169100000,
        "costofgoodssold": 177100000,
        "costofservices": 41200000,
        "costofgoodssoldsubscription": 24500000,
        "costofgoodssoldamortization": 23800000,
        "costofrevenue": 266600000,
        "grossprofit": 293100000,
        "researchanddevelopmentexpense": 85400000,
        "sellingandmarketingexpense": 92800000,
        "generalandadministrativeexpense": 63200000,
        "restructuringcharges": 2400000,
        "operatingexpenses": -17200000,
        "operatingincomeloss": 23100000,
        "interestincomeexpensenet": -6500000,
        "incomelossfromequitymethodinvestments": 3800000,
        "othernonoperatingincomeexpense": -900000,
        "nonoperatingincomeexpense": -4600000,
        "incomelossfromcontinuingoperationsbeforeincometaxesminorityinterestandincomelossfromequitymethodinvestments": 28300000,
        "incometaxexpensebenefit": 4400000,
        "netincomeloss": 24000000,
        "earningspersharebasic": 0.08999999999999994,
        "weightedaveragenumberofsharesoutstandingbasic": -1700000,
        "earningspersharediluted": 0.09999999999999995,
        "weightedaveragenumberofdilutedsharesoutstanding": -1800000
    },
    {
        "date": "2015-10-01",
        "symbol": "TRMB",
        "period": "Q3",
        "profitloss": 37000000,
        "othercomprehensiveincomelossforeigncurrencytransactionandtranslationadjustmentnetoftax": -23000000,
        "othercomprehensiveincomelosspensionandotherpostretirementbenefitplansadjustmentnetoftax": -200000,
        "comprehensiveincomenetoftaxincludingportionattributabletononcontrollinginterest": 14200000,
        "netincomelossattributabletononcontrollinginterest": -100000,
        "comprehensiveincomenetoftax": 14300000,
        "salesrevenuegoodsnet": 373000000,
        "salesrevenueservicesnet": 103900000,
        "subscriptionrevenue": 85400000,
        "revenues": 131600000,
        "costofgoodssold": 175500000,
        "costofservices": 39400000,
        "costofgoodssoldsubscription": 26100000,
        "costofgoodssoldamortization": 23300000,
        "costofrevenue": 264300000,
        "grossprofit": 298000000,
        "researchanddevelopmentexpense": 79600000,
        "sellingandmarketingexpense": 89100000,
        "generalandadministrativeexpense": 63200000,
        "restructuringcharges": 2700000,
        "operatingexpenses": -206100000,
        "operatingincomeloss": 4100000,
        "interestincomeexpensenet": -6400000,
        "incomelossfromequitymethodinvestments": 4700000,
        "othernonoperatingincomeexpense": -900000,
        "nonoperatingincomeexpense": -2500000,
        "incomelossfromcontinuingoperationsbeforeincometaxesminorityinterestandincomelossfromequitymethodinvestments": 43500000,
        "incometaxexpensebenefit": 6500000,
        "netincomeloss": 37100000,
        "earningspersharebasic": 0.15000000000000002,
        "weightedaveragenumberofsharesoutstandingbasic": -260300000,
        "earningspersharediluted": 0.14,
        "weightedaveragenumberofdilutedsharesoutstanding": -263500000
    },
    {
        "date": "2015-07-02",
        "symbol": "TRMB",
        "period": "Q2",
        "profitloss": 25800000,
        "othercomprehensiveincomelossforeigncurrencytransactionandtranslationadjustmentnetoftax": 19700000,
        "othercomprehensiveincomelosspensionandotherpostretirementbenefitplansadjustmentnetoftax": 100000,
        "comprehensiveincomenetoftaxincludingportionattributabletononcontrollinginterest": 45400000,
        "netincomelossattributabletononcontrollinginterest": -100000,
        "comprehensiveincomenetoftax": 45500000,
        "salesrevenuegoodsnet": 394600000,
        "salesrevenueservicesnet": 105700000,
        "subscriptionrevenue": 85500000,
        "revenues": 128300000,
        "costofgoodssold": 190800000,
        "costofservices": 42200000,
        "costofgoodssoldsubscription": 25900000,
        "costofgoodssoldamortization": 23000000,
        "costofrevenue": 281900000,
        "grossprofit": 303900000,
        "researchanddevelopmentexpense": 84500000,
        "sellingandmarketingexpense": 96200000,
        "generalandadministrativeexpense": 64200000,
        "restructuringcharges": 5200000,
        "amortizationofintangibleassets": 17800000,
        "operatingexpenses": 35800000,
        "operatingincomeloss": 18900000,
        "interestincomeexpensenet": -6300000,
        "incomelossfromequitymethodinvestments": 6400000,
        "othernonoperatingincomeexpense": -300000,
        "nonoperatingincomeexpense": -200000,
        "incomelossfromcontinuingoperationsbeforeincometaxesminorityinterestandincomelossfromequitymethodinvestments": 35800000,
        "incometaxexpensebenefit": 10000000,
        "netincomeloss": 25900000,
        "earningspersharebasic": 0.1,
        "weightedaveragenumberofsharesoutstandingbasic": 258400000,
        "earningspersharediluted": 0.1,
        "weightedaveragenumberofdilutedsharesoutstanding": 261400000
    },
    {
        "date": "2015-04-02",
        "symbol": "TRMB",
        "period": "Q1",
        "profitloss": 34000000,
        "othercomprehensiveincomelossforeigncurrencytransactionandtranslationadjustmentnetoftax": -67200000,
        "othercomprehensiveincomelosspensionandotherpostretirementbenefitplansadjustmentnetoftax": -100000,
        "comprehensiveincomenetoftaxincludingportionattributabletononcontrollinginterest": -33100000,
        "netincomelossattributabletononcontrollinginterest": -100000,
        "comprehensiveincomenetoftax": -33000000,
        "salesrevenuegoodsnet": 400600000,
        "salesrevenueservicesnet": 100900000,
        "subscriptionrevenue": 81100000,
        "revenues": 128200000,
        "costofgoodssold": 187700000,
        "costofservices": 41400000,
        "costofgoodssoldsubscription": 23800000,
        "costofgoodssoldamortization": 22500000,
        "costofrevenue": 275400000,
        "grossprofit": 307200000,
        "researchanddevelopmentexpense": 87200000,
        "sellingandmarketingexpense": 96500000,
        "generalandadministrativeexpense": 64700000,
        "restructuringcharges": 1100000,
        "operatingexpensesamortizationofpurchasedintangibleassets": 18200000,
        "operatingexpenses": 267700000,
        "operatingincomeloss": 39500000,
        "interestincomeexpensenet": -6400000,
        "foreigncurrencytransactiongainlossbeforetax": 1100000,
        "incomelossfromequitymethodinvestments": 3000000,
        "othernonoperatingincomeexpense": 7000000,
        "nonoperatingincomeexpense": 4700000,
        "incomelossfromcontinuingoperationsbeforeincometaxesminorityinterestandincomelossfromequitymethodinvestments": 44200000,
        "incometaxexpensebenefit": 10200000,
        "netincomeloss": 34100000,
        "earningspersharebasic": 0.13,
        "weightedaveragenumberofsharesoutstandingbasic": 259400000,
        "earningspersharediluted": 0.13,
        "weightedaveragenumberofdilutedsharesoutstanding": 262400000
    },
    {
        "date": "2014-10-02",
        "symbol": "TRMB",
        "period": "Q3",
        "profitloss": 11875000,
        "othercomprehensiveincomelossforeigncurrencytransactionandtranslationadjustmentnetoftax": -60485000,
        "othercomprehensiveincomelosspensionandotherpostretirementbenefitplansadjustmentnetoftax": -127000,
        "comprehensiveincomenetoftaxincludingportionattributabletononcontrollinginterest": -48483000,
        "netincomelossattributabletononcontrollinginterest": 43000,
        "comprehensiveincomenetoftax": -48526000,
        "salesrevenuegoodsnet": 415490000,
        "salesrevenueservicesnet": 98366000,
        "subscriptionrevenue": 70940000,
        "revenues": 121171000,
        "costofgoodssold": 189331000,
        "costofservices": 36759000,
        "costofgoodssoldsubscription": 21876000,
        "costofgoodssoldamortization": 20057000,
        "costofrevenue": 268023000,
        "grossprofit": 316773000,
        "researchanddevelopmentexpense": 78954000,
        "sellingandmarketingexpense": 95843000,
        "generalandadministrativeexpense": 111399000,
        "restructuringcharges": 219000,
        "operatingexpensesamortizationofpurchasedintangibleassets": 19269000,
        "operatingexpenses": 68567000,
        "operatingincomeloss": 70553000,
        "interestincomeexpensenet": -2975000,
        "foreigncurrencytransactiongainlossbeforetax": -3200000,
        "incomelossfromequitymethodinvestments": 2840000,
        "othernonoperatingincomeexpense": -599000,
        "nonoperatingincomeexpense": -3934000,
        "incomelossfromcontinuingoperationsbeforeincometaxesminorityinterestandincomelossfromequitymethodinvestments": 7155000,
        "incometaxexpensebenefit": -4720000,
        "netincomeloss": 11832000,
        "earningspersharebasic": 0.05,
        "weightedaveragenumberofsharesoutstandingbasic": 260329000,
        "earningspersharediluted": 0.04,
        "weightedaveragenumberofdilutedsharesoutstanding": 264419000
    },
    {
        "date": "2014-07-03",
        "symbol": "TRMB",
        "period": "Q2",
        "profitloss": 78027000,
        "othercomprehensiveincomelossforeigncurrencytransactionandtranslationadjustmentnetoftax": -1003000,
        "othercomprehensiveincomelosspensionandotherpostretirementbenefitplansadjustmentnetoftax": -50000,
        "comprehensiveincomenetoftaxincludingportionattributabletononcontrollinginterest": 77074000,
        "netincomelossattributabletononcontrollinginterest": 193000,
        "comprehensiveincomenetoftax": 76881000,
        "salesrevenuegoodsnet": 468995000,
        "salesrevenueservicesnet": 100062000,
        "subscriptionrevenue": 73142000,
        "revenues": 122880000,
        "costofgoodssold": 212369000,
        "costofservices": 37667000,
        "costofgoodssoldsubscription": 17574000,
        "costofgoodssoldamortization": 20018000,
        "costofrevenue": 287628000,
        "grossprofit": 354571000,
        "researchanddevelopmentexpense": 81807000,
        "sellingandmarketingexpense": 95621000,
        "generalandadministrativeexpense": 61364000,
        "restructuringcharges": 789000,
        "operatingexpensesamortizationofpurchasedintangibleassets": 17856000,
        "operatingexpenses": 26052000,
        "operatingincomeloss": 91884000,
        "interestincomeexpensenet": -3164000,
        "foreigncurrencytransactiongainlossbeforetax": -454000,
        "incomelossfromequitymethodinvestments": 5225000,
        "othernonoperatingincomeexpense": 27000,
        "nonoperatingincomeexpense": 1634000,
        "incomelossfromcontinuingoperationsbeforeincometaxesminorityinterestandincomelossfromequitymethodinvestments": 98768000,
        "incometaxexpensebenefit": 20741000,
        "netincomeloss": 77834000,
        "earningspersharebasic": 0.3,
        "weightedaveragenumberofsharesoutstandingbasic": 261075000,
        "earningspersharediluted": 0.29,
        "weightedaveragenumberofdilutedsharesoutstanding": 265957000
    },
    {
        "date": "2014-04-03",
        "symbol": "TRMB",
        "period": "Q1",
        "profitloss": 68125000,
        "othercomprehensiveincomelossforeigncurrencytransactionandtranslationadjustmentnetoftax": -1402000,
        "othercomprehensiveincomelosspensionandotherpostretirementbenefitplansadjustmentnetoftax": -9000,
        "comprehensiveincomenetoftaxincludingportionattributabletononcontrollinginterest": 66732000,
        "netincomelossattributabletononcontrollinginterest": -499000,
        "comprehensiveincomenetoftax": 67231000,
        "salesrevenuegoodsnet": 442569000,
        "salesrevenueservicesnet": 93319000,
        "subscriptionrevenue": 68833000,
        "revenues": 138165000,
        "costofgoodssold": 203752000,
        "costofservices": 34179000,
        "costofgoodssoldsubscription": 19010000,
        "costofgoodssoldamortization": 20888000,
        "costofrevenue": 277829000,
        "grossprofit": 326892000,
        "researchanddevelopmentexpense": 76376000,
        "sellingandmarketingexpense": 97354000,
        "generalandadministrativeexpense": 57433000,
        "restructuringcharges": 337000,
        "operatingexpensesamortizationofpurchasedintangibleassets": 19681000,
        "operatingexpenses": 20622000,
        "operatingincomeloss": 52937000,
        "interestincomeexpensenet": -3683000,
        "foreigncurrencytransactiongainlossbeforetax": -155000,
        "incomelossfromequitymethodinvestments": 3463000,
        "othernonoperatingincomeexpense": 13139000,
        "nonoperatingincomeexpense": 12764000,
        "incomelossfromcontinuingoperationsbeforeincometaxesminorityinterestandincomelossfromequitymethodinvestments": 88475000,
        "incometaxexpensebenefit": 20350000,
        "netincomeloss": 68624000,
        "earningspersharebasic": 0.26,
        "weightedaveragenumberofsharesoutstandingbasic": 259789000,
        "earningspersharediluted": 0.26,
        "weightedaveragenumberofdilutedsharesoutstanding": 264784000
    },
    {
        "date": "2014-01-02",
        "symbol": "TRMB",
        "period": "Q4",
        "profitloss": -159194000,
        "othercomprehensiveincomelossforeigncurrencytransactionandtranslationadjustmentnetoftax": 8751000,
        "othercomprehensiveincomelosspensionandotherpostretirementbenefitplansadjustmentnetoftax": -499000,
        "comprehensiveincomenetoftaxincludingportionattributabletononcontrollinginterest": 69600000,
        "netincomelossattributabletononcontrollinginterest": -336000,
        "comprehensiveincomenetoftax": 69247000,
        "salesrevenuegoodsnet": 409733000,
        "salesrevenueservicesnet": 112646000,
        "subscriptionrevenue": 76839000,
        "revenues": 177691000,
        "costofgoodssold": 189538000,
        "costofservices": 46553000,
        "costofgoodssoldsubscription": 22492000,
        "costofrevenue": 279764000,
        "grossprofit": 319454000,
        "researchanddevelopmentexpense": 77636000,
        "sellingandmarketingexpense": 93669000,
        "generalandadministrativeexpense": 58498000,
        "restructuringcharges": 1358000,
        "operatingexpenses": -613189000,
        "operatingincomeloss": 66867000,
        "interestincomeexpensenet": -4134000,
        "foreigncurrencytransactiongainlossbeforetax": 172000,
        "incomelossfromequitymethodinvestments": 4772000,
        "othernonoperatingincomeexpense": -1864000,
        "nonoperatingincomeexpense": -1054000,
        "incomelossfromcontinuingoperationsbeforeincometaxesminorityinterestandincomelossfromequitymethodinvestments": 66292000,
        "incometaxexpensebenefit": 6631000,
        "netincomeloss": 59997000,
        "earningspersharebasic": 0.23000000000000004,
        "weightedaveragenumberofsharesoutstandingbasic": -511756000,
        "earningspersharediluted": 0.23000000000000004,
        "weightedaveragenumberofdilutedsharesoutstanding": -520763000
    },
    {
        "date": "2013-09-26",
        "symbol": "TRMB",
        "period": "Q3",
        "profitloss": 54620000,
        "othercomprehensiveincomelossforeigncurrencytransactionandtranslationadjustmentnetoftax": 28756000,
        "othercomprehensiveincomelosspensionandotherpostretirementbenefitplansadjustmentnetoftax": 101000,
        "comprehensiveincomenetoftaxincludingportionattributabletononcontrollinginterest": 83275000,
        "netincomelossattributabletononcontrollinginterest": 151000,
        "comprehensiveincomenetoftax": 83124000,
        "salesrevenuegoodsnet": 401565000,
        "salesrevenueservicesnet": 85521000,
        "subscriptionrevenue": 69416000,
        "revenues": 32855000,
        "costofgoodssold": 187865000,
        "costofservices": 31959000,
        "costofgoodssoldsubscription": 21223000,
        "amortizationofacquiredintangibleassets": 20402000,
        "costofrevenue": 261449000,
        "grossprofit": 295053000,
        "researchanddevelopmentexpense": 71622000,
        "sellingandmarketingexpense": 85507000,
        "generalandadministrativeexpense": 53648000,
        "restructuringcharges": 31000,
        "amortizationofintangibleassets": 21216000,
        "operatingexpenses": 232024000,
        "operatingincomeloss": 63029000,
        "interestincomeexpensenet": -4122000,
        "foreigncurrencytransactiongainlossbeforetax": -157000,
        "incomelossfromequitymethodinvestments": 4494000,
        "othernonoperatingincomeexpense": 268000,
        "nonoperatingincomeexpense": 483000,
        "incomelossfromcontinuingoperationsbeforeincometaxesminorityinterestandincomelossfromequitymethodinvestments": 63512000,
        "incometaxexpensebenefit": 8892000,
        "netincomeloss": 54469000,
        "earningspersharebasic": 0.21,
        "weightedaveragenumberofsharesoutstandingbasic": 257037000,
        "earningspersharediluted": 0.21,
        "weightedaveragenumberofdilutedsharesoutstanding": 261137000
    },
    {
        "date": "2013-06-27",
        "symbol": "TRMB",
        "period": "Q2",
        "profitloss": 54953000,
        "othercomprehensiveincomelossforeigncurrencytransactionandtranslationadjustmentnetoftax": -1603000,
        "othercomprehensiveincomelosspensionandotherpostretirementbenefitplansadjustmentnetoftax": -35000,
        "comprehensiveincomenetoftaxincludingportionattributabletononcontrollinginterest": 53385000,
        "netincomelossattributabletononcontrollinginterest": 372000,
        "comprehensiveincomenetoftax": 53013000,
        "salesrevenuegoodsnet": 425880000,
        "salesrevenueservicesnet": 84511000,
        "subscriptionrevenue": 65902000,
        "revenues": 115864000,
        "costofgoodssold": 200493000,
        "costofservices": 32549000,
        "costofgoodssoldsubscription": 20995000,
        "amortizationofacquiredintangibleassets": 19855000,
        "costofrevenue": 273892000,
        "grossprofit": 302401000,
        "researchanddevelopmentexpense": 76555000,
        "sellingandmarketingexpense": 85307000,
        "generalandadministrativeexpense": 52760000,
        "restructuringcharges": 2966000,
        "amortizationofintangibleassets": 19908000,
        "operatingexpenses": 237496000,
        "operatingincomeloss": 64905000,
        "interestincomeexpensenet": -4255000,
        "foreigncurrencytransactiongainlossbeforetax": 600000,
        "incomelossfromequitymethodinvestments": 7157000,
        "othernonoperatingincomeexpense": 284000,
        "nonoperatingincomeexpense": 3786000,
        "incomelossfromcontinuingoperationsbeforeincometaxesminorityinterestandincomelossfromequitymethodinvestments": 68691000,
        "incometaxexpensebenefit": 13738000,
        "netincomeloss": 54581000,
        "earningspersharebasic": 0.21,
        "weightedaveragenumberofsharesoutstandingbasic": 256186000,
        "earningspersharediluted": 0.21,
        "weightedaveragenumberofdilutedsharesoutstanding": 260533000
    },
    {
        "date": "2013-03-28",
        "symbol": "TRMB",
        "period": "Q1",
        "profitloss": 48932000,
        "othercomprehensiveincomelossforeigncurrencytransactionandtranslationadjustmentnetoftax": -25683000,
        "othercomprehensiveincomelosspensionandotherpostretirementbenefitplansadjustmentnetoftax": 71000,
        "comprehensiveincomenetoftaxincludingportionattributabletononcontrollinginterest": 23178000,
        "netincomelossattributabletononcontrollinginterest": -876000,
        "comprehensiveincomenetoftax": 24054000,
        "salesrevenuegoodsnet": 412787000,
        "salesrevenueservicesnet": 81596000,
        "subscriptionrevenue": 61728000,
        "revenues": 147481000,
        "costofgoodssold": 198701000,
        "costofservices": 30843000,
        "costofgoodssoldsubscription": 19972000,
        "amortizationofacquiredintangibleassets": 19681000,
        "costofrevenue": 269197000,
        "grossprofit": 286914000,
        "researchanddevelopmentexpense": 73608000,
        "sellingandmarketingexpense": 83623000,
        "generalandadministrativeexpense": 51970000,
        "restructuringcharges": 1605000,
        "amortizationofintangibleassets": 19651000,
        "operatingexpenses": 230457000,
        "operatingincomeloss": 56457000,
        "interestincomeexpensenet": -5071000,
        "foreigncurrencytransactiongainlossbeforetax": -1569000,
        "incomelossfromequitymethodinvestments": 4257000,
        "othernonoperatingincomeexpense": 295000,
        "nonoperatingincomeexpense": -2088000,
        "incomelossfromcontinuingoperationsbeforeincometaxesminorityinterestandincomelossfromequitymethodinvestments": 54369000,
        "incometaxexpensebenefit": 5437000,
        "netincomeloss": 49808000,
        "earningspersharebasic": 0.2,
        "weightedaveragenumberofsharesoutstandingbasic": 255181000,
        "earningspersharediluted": 0.19,
        "weightedaveragenumberofdilutedsharesoutstanding": 260299000
    },
    {
        "date": "2012-12-27",
        "symbol": "TRMB",
        "period": "Q4",
        "profitloss": 34023000,
        "comprehensiveincomenetoftaxincludingportionattributabletononcontrollinginterest": 49941000,
        "netincomelossattributabletononcontrollinginterest": -507000,
        "comprehensiveincomenetoftax": 49104000,
        "salesrevenuegoodsnet": 379337000,
        "salesrevenueservicesnet": 77627000,
        "subscriptionrevenue": 58559000,
        "revenues": -570268000,
        "costofgoodssold": 190245000,
        "costofservices": 32695000,
        "costofgoodssoldsubscription": 17988000,
        "amortizationofacquiredintangibleassets": 18132000,
        "costofrevenue": 259060000,
        "grossprofit": 256463000,
        "researchanddevelopmentexpense": 70737000,
        "sellingandmarketingexpense": 83598000,
        "generalandadministrativeexpense": 53206000,
        "restructuringcharges": 333000,
        "amortizationofintangibleassets": 18260000,
        "operatingexpenses": 226134000,
        "operatingincomeloss": 30329000,
        "foreigncurrencytransactiongainlossbeforetax": -683000,
        "incomelossfromequitymethodinvestments": 5019000,
        "othernonoperatingincomeexpense": 9115000,
        "nonoperatingincomeexpense": 8655000,
        "incomelossfromcontinuingoperationsbeforeincometaxesminorityinterestandincomelossfromequitymethodinvestments": 38984000,
        "incometaxexpensebenefit": 6305000,
        "netincomeloss": 33186000,
        "earningspersharebasic": 0.2600000000000002,
        "weightedaveragenumberofsharesoutstandingbasic": -250041000,
        "earningspersharediluted": 0.2500000000000001,
        "weightedaveragenumberofdilutedsharesoutstanding": -256045000
    },
    {
        "date": "2012-09-27",
        "symbol": "TRMB",
        "period": "Q3",
        "profitloss": 53800000,
        "othercomprehensiveincomelossforeigncurrencytransactionandtranslationadjustmentnetoftax": 29182000,
        "othercomprehensiveincomelosspensionandotherpostretirementbenefitplansadjustmentnetoftax": 114000,
        "comprehensiveincomenetoftaxincludingportionattributabletononcontrollinginterest": 82868000,
        "netincomelossattributabletononcontrollinginterest": 436000,
        "comprehensiveincomenetoftax": 82432000,
        "salesrevenuegoodsnet": 386902000,
        "salesrevenueservicesnet": 64237000,
        "subscriptionrevenue": 53624000,
        "revenues": 287244000,
        "costofgoodssold": 185102000,
        "costofservices": 23615000,
        "costofgoodssoldsubscription": 17450000,
        "amortizationofacquiredintangibleassets": 15728000,
        "costofrevenue": 241895000,
        "grossprofit": 262868000,
        "researchanddevelopmentexpense": 61181000,
        "sellingandmarketingexpense": 76481000,
        "generalandadministrativeexpense": 45723000,
        "restructuringcharges": 301000,
        "amortizationofintangibleassets": 15712000,
        "operatingexpenses": 199398000,
        "operatingincomeloss": 63470000,
        "interestincomeexpensenet": -3925000,
        "foreigncurrencytransactiongainlossbeforetax": 174000,
        "incomelossfromequitymethodinvestments": 6453000,
        "othernonoperatingincomeexpense": 650000,
        "nonoperatingincomeexpense": 3352000,
        "incomelossfromcontinuingoperationsbeforeincometaxesminorityinterestandincomelossfromequitymethodinvestments": 66822000,
        "incometaxexpensebenefit": 13022000,
        "netincomeloss": 53364000,
        "earningspersharebasic": 0.42,
        "weightedaveragenumberofsharesoutstandingbasic": 125871000,
        "earningspersharediluted": 0.42,
        "weightedaveragenumberofdilutedsharesoutstanding": 128379000
    },
    {
        "date": "2012-06-28",
        "symbol": "TRMB",
        "period": "Q2",
        "salesrevenuegoodsnet": 402198000,
        "salesrevenueservicesnet": 63595000,
        "subscriptionrevenue": 51767000,
        "revenues": 81402000,
        "costofgoodssold": 199135000,
        "costofservices": 21455000,
        "costofgoodssoldsubscription": 15978000,
        "amortizationofacquiredintangibleassets": 13296000,
        "costofrevenue": 249864000,
        "grossprofit": 267696000,
        "researchanddevelopmentexpense": 64305000,
        "sellingandmarketingexpense": 77589000,
        "generalandadministrativeexpense": 49987000,
        "restructuringcharges": 1112000,
        "amortizationofintangibleassets": 15782000,
        "operatingexpenses": 208775000,
        "operatingincomeloss": 58921000,
        "interestincomeexpensenet": -3773000,
        "foreigncurrencytransactiongainlossbeforetax": 196000,
        "incomelossfromequitymethodinvestments": 7063000,
        "othernonoperatingincomeexpense": 884000,
        "nonoperatingincomeexpense": 4370000,
        "incomelossfromcontinuingoperationsbeforeincometaxesminorityinterestandincomelossfromequitymethodinvestments": 63291000,
        "incometaxexpensebenefit": 10126000,
        "profitloss": 53165000,
        "netincomelossattributabletononcontrollinginterest": -527000,
        "netincomeloss": 53692000,
        "earningspersharebasic": 0.43,
        "weightedaveragenumberofsharesoutstandingbasic": 125366000,
        "earningspersharediluted": 0.42,
        "weightedaveragenumberofdilutedsharesoutstanding": 128293000,
        "othercomprehensiveincomelossforeigncurrencytransactionandtranslationadjustmentnetoftax": -51291000,
        "othercomprehensiveincomelosspensionandotherpostretirementbenefitplansadjustmentnetoftax": -94000,
        "comprehensiveincomenetoftaxincludingportionattributabletononcontrollinginterest": 1968000,
        "comprehensiveincomenetoftaxattributabletononcontrollinginterest": -527000,
        "comprehensiveincomenetoftax": 2495000
    },
    {
        "date": "2012-03-29",
        "symbol": "TRMB",
        "period": "Q1",
        "salesrevenuegoodsnet": 398538000,
        "salesrevenueservicesnet": 57430000,
        "subscriptionrevenue": 46299000,
        "revenues": 502267000,
        "costofgoodssold": 193044000,
        "costofservices": 22521000,
        "costofgoodssoldsubscription": 14431000,
        "amortizationofacquiredintangibleassets": 13121000,
        "costofrevenue": 243117000,
        "grossprofit": 259150000,
        "researchanddevelopmentexpense": 60235000,
        "sellingandmarketingexpense": 76024000,
        "generalandadministrativeexpense": 46886000,
        "restructuringcharges": 481000,
        "amortizationofintangibleassets": 15676000,
        "operatingexpenses": 199302000,
        "operatingincomeloss": 59848000,
        "investmentincomeinterest": 372000,
        "interestexpense": 4235000,
        "foreigncurrencytransactiongainlossbeforetax": -2213000,
        "incomelossfromequitymethodinvestments": 6192000,
        "othernonoperatingincomeexpense": 363000,
        "nonoperatingincomeexpense": 479000,
        "incomelossfromcontinuingoperationsbeforeincometaxesminorityinterestandincomelossfromequitymethodinvestments": 60327000,
        "incometaxexpensebenefit": 10255000,
        "profitloss": 50072000,
        "netincomelossattributabletononcontrollinginterest": -746000,
        "netincomeloss": 50818000,
        "earningspersharebasic": 0.41,
        "weightedaveragenumberofsharesoutstandingbasic": 124370000,
        "earningspersharediluted": 0.4,
        "weightedaveragenumberofdilutedsharesoutstanding": 127760000,
        "othercomprehensiveincomeforeigncurrencytransactionandtranslationadjustmentnetoftaxperiodincreasedecrease": 23720000,
        "unrealizedgainlossoninvestments": -38000,
        "comprehensiveincomenetoftaxincludingportionattributabletononcontrollinginterest": 73754000,
        "comprehensiveincomenetoftaxattributabletononcontrollinginterest": -746000,
        "comprehensiveincomenetoftax": 74500000
    },
    {
        "date": "2011-12-29",
        "symbol": "TRMB",
        "period": "Q4",
        "revenues": 435170000,
        "costofrevenue": 217412000,
        "grossprofit": 217758000,
        "researchanddevelopmentexpense": 57555000,
        "sellingandmarketingexpense": 71445000,
        "generalandadministrativeexpense": 43658000,
        "restructuringcharges": 513000,
        "amortizationofintangibleassets": 15875000,
        "operatingexpenses": 189046000,
        "operatingincomeloss": 28712000,
        "investmentincomeinterest": 338000,
        "interestexpense": 3431000,
        "foreigncurrencytransactiongainlossbeforetax": -1727000,
        "incomelossfromequitymethodinvestments": 4379000,
        "nonoperatingincomeexpense": 2378000,
        "incomelossfromcontinuingoperationsbeforeincometaxesminorityinterestandincomelossfromequitymethodinvestments": 31090000,
        "incometaxexpensebenefit": 2427000,
        "profitloss": 30509000,
        "netincomelossattributabletononcontrollinginterest": -740000,
        "netincomeloss": 29403000,
        "earningspersharebasic": 0.23000000000000004,
        "weightedaveragenumberofsharesoutstandingbasic": -244730000,
        "earningspersharediluted": 0.23000000000000004,
        "weightedaveragenumberofdilutedsharesoutstanding": -251809000
    },
    {
        "date": "2011-09-29",
        "symbol": "TRMB",
        "period": "Q3",
        "revenues": 417433000,
        "costofrevenue": 205874000,
        "grossprofit": 211559000,
        "researchanddevelopmentexpense": 49928000,
        "sellingandmarketingexpense": 70662000,
        "generalandadministrativeexpense": 44088000,
        "restructuringcharges": 647000,
        "amortizationofintangibleassets": 13786000,
        "operatingexpenses": 179111000,
        "operatingincomeloss": 32448000,
        "investmentincomeinterest": 422000,
        "interestexpense": 3364000,
        "foreigncurrencytransactiongainlossbeforetax": -4022000,
        "incomelossfromequitymethodinvestments": 4789000,
        "othernonoperatingincomeexpense": -388000,
        "nonoperatingincomeexpense": -2563000,
        "incomelossfromcontinuingoperationsbeforeincometaxesminorityinterestandincomelossfromequitymethodinvestments": 29885000,
        "incometaxexpensebenefit": 2689000,
        "profitloss": 27196000,
        "netincomelossattributabletononcontrollinginterest": -775000,
        "netincomeloss": 27971000,
        "earningspersharebasic": 0.23,
        "weightedaveragenumberofsharesoutstandingbasic": 122969000,
        "earningspersharediluted": 0.22,
        "weightedaveragenumberofdilutedsharesoutstanding": 125894000,
        "costofsalesassociatedwithrelatedpartynetinventorypurchases": 10000000
    },
    {
        "date": "2011-06-30",
        "symbol": "TRMB",
        "period": "Q2",
        "revenues": 407169000,
        "costofrevenue": 198435000,
        "grossprofit": 208734000,
        "researchanddevelopmentexpense": 46292000,
        "sellingandmarketingexpense": 63490000,
        "generalandadministrativeexpense": 37157000,
        "restructuringcharges": 361000,
        "amortizationofintangibleassets": 9867000,
        "operatingexpenses": 157167000,
        "operatingincomeloss": 51567000,
        "investmentincomeinterest": 319000,
        "interestexpense": 1350000,
        "foreigncurrencytransactiongainlossbeforetax": 6496000,
        "incomelossfromequitymethodinvestments": 3418000,
        "othernonoperatingincomeexpense": -252000,
        "nonoperatingincomeexpense": 8631000,
        "incomelossfromcontinuingoperationsbeforeincometaxesminorityinterestandincomelossfromequitymethodinvestments": 60198000,
        "incometaxexpensebenefit": 6020000,
        "profitloss": 54178000,
        "netincomelossattributabletononcontrollinginterest": 500000,
        "netincomeloss": 53678000,
        "earningspersharebasic": 0.44,
        "weightedaveragenumberofsharesoutstandingbasic": 122667000,
        "earningspersharediluted": 0.43,
        "weightedaveragenumberofdilutedsharesoutstanding": 126192000,
        "costofsalesassociatedwithrelatedpartynetinventorypurchases": 10600000
    },
    {
        "date": "2011-03-31",
        "symbol": "TRMB",
        "period": "Q1",
        "revenues": 384293000,
        "costofrevenue": 192763000,
        "grossprofit": 191530000,
        "researchanddevelopmentexpense": 43232000,
        "sellingandmarketingexpense": 61207000,
        "generalandadministrativeexpense": 33472000,
        "restructuringcharges": 767000,
        "amortizationofintangibleassets": 9177000,
        "operatingexpenses": 147855000,
        "operatingincomeloss": 43675000,
        "investmentincomeinterest": 285000,
        "interestexpense": 496000,
        "foreigncurrencytransactiongainlossbeforetax": 306000,
        "incomelossfromequitymethodinvestments": 2763000,
        "othernonoperatingincomeexpense": -252000,
        "nonoperatingincomeexpense": 2606000,
        "incomelossfromcontinuingoperationsbeforeincometaxesminorityinterestandincomelossfromequitymethodinvestments": 46281000,
        "incometaxexpensebenefit": 7409000,
        "profitloss": 38872000,
        "netincomelossattributabletononcontrollinginterest": -831000,
        "netincomeloss": 39703000,
        "earningspersharebasic": 0.33,
        "weightedaveragenumberofsharesoutstandingbasic": 121819000,
        "earningspersharediluted": 0.32,
        "weightedaveragenumberofdilutedsharesoutstanding": 125856000,
        "costofsalesassociatedwithrelatedpartynetinventorypurchases": 7900000
    },
    {
        "date": "2010-09-30",
        "symbol": "TRMB",
        "period": "Q3",
        "revenues": 318210000,
        "costofrevenue": 158462000,
        "grossprofit": 159748000,
        "researchanddevelopmentexpense": 36897000,
        "sellingandmarketingexpense": 53228000,
        "generalandadministrativeexpense": 29637000,
        "restructuringcharges": 238000,
        "amortizationofintangibleassets": 8078000,
        "operatingexpenses": 128078000,
        "operatingincomeloss": 31670000,
        "investmentincomeinterest": 221000,
        "interestexpense": 576000,
        "foreigncurrencytransactiongainlossbeforetax": 77000,
        "incomelossfromequitymethodinvestments": 3404000,
        "othernonoperatingincomeexpense": 3533000,
        "nonoperatingincomeexpense": 6659000,
        "incomelossfromcontinuingoperationsbeforeincometaxesminorityinterestandincomelossfromequitymethodinvestments": 38329000,
        "incometaxexpensebenefit": 5487000,
        "profitloss": 32842000,
        "netincomelossattributabletononcontrollinginterest": -3000,
        "netincomeloss": 32845000,
        "earningspersharebasic": 0.27,
        "weightedaveragenumberofsharesoutstandingbasic": 119474000,
        "earningspersharediluted": 0.27,
        "weightedaveragenumberofdilutedsharesoutstanding": 122869000,
        "costofsalesassociatedwithrelatedpartynetinventorypurchases": 7400000
    },
    {
        "date": "2010-07-01",
        "symbol": "TRMB",
        "period": "Q2",
        "revenues": 333363000,
        "costofrevenue": 169937000,
        "grossprofit": 163426000,
        "researchanddevelopmentexpense": 36552000,
        "sellingandmarketingexpense": 50522000,
        "generalandadministrativeexpense": 27290000,
        "restructuringcharges": 375000,
        "amortizationofintangibleassets": 8126000,
        "operatingexpenses": 122865000,
        "operatingincomeloss": 40561000,
        "investmentincomeinterest": 244000,
        "interestexpense": 411000,
        "foreigncurrencytransactiongainlossbeforetax": -1869000,
        "incomelossfromequitymethodinvestments": 3147000,
        "othernonoperatingincomeexpense": -825000,
        "nonoperatingincomeexpense": 286000,
        "incomelossfromcontinuingoperationsbeforeincometaxesminorityinterestandincomelossfromequitymethodinvestments": 40847000,
        "incometaxexpensebenefit": 34076000,
        "profitloss": 6771000,
        "netincomelossattributabletononcontrollinginterest": 418000,
        "netincomeloss": 6353000,
        "earningspersharebasic": 0.05,
        "weightedaveragenumberofsharesoutstandingbasic": 120654000,
        "earningspersharediluted": 0.05,
        "weightedaveragenumberofdilutedsharesoutstanding": 124099000
    }
]