[
    {
        "date": "2024-08-30",
        "symbol": "LEN",
        "period": "Q3",
        "revenues": 10917000,
        "costofrevenue": 17176000,
        "generalandadministrativeexpense": 164672000,
        "contributionexpense": 21516000,
        "costsandexpenses": 8129984000,
        "incomelossfromequitymethodinvestmentsandothernonoperatingincomeexpense": 186621000,
        "nonoperatingincomeexpense": 23331000,
        "unrealizedgainlossoninvestments": 39123000,
        "incomelossfromcontinuingoperationsbeforeincometaxesextraordinaryitemsnoncontrollinginterest": 1535133000,
        "incometaxexpensebenefit": 347859000,
        "profitloss": 24600000,
        "netincomelossattributabletononcontrollinginterest": 24600000,
        "netincomeloss": 1162674000,
        "othercomprehensiveincomeunrealizedholdinggainlossonsecuritiesarisingduringperiodnetoftax": 444000,
        "othercomprehensiveincomelossnetoftaxportionattributabletoparent": 444000,
        "comprehensiveincomenetoftax": 1163118000,
        "comprehensiveincomenetoftaxattributabletononcontrollinginterest": 24600000,
        "earningspersharebasic": 4.26,
        "earningspersharediluted": 4.26
    },
    {
        "date": "2024-05-30",
        "symbol": "LEN",
        "period": "Q2",
        "revenues": 8381059000,
        "costofrevenue": 7106455000,
        "generalandadministrativeexpense": 156982000,
        "contributionexpense": 19690000,
        "costsandexpenses": 7546884000,
        "incomelossfromequitymethodinvestmentsandothernonoperatingincomeexpense": -4309000,
        "nonoperatingincomeexpense": 68172000,
        "unrealizedgainlossoninvestments": -21514000,
        "incomelossfromcontinuingoperationsbeforeincometaxesextraordinaryitemsnoncontrollinginterest": 1261057000,
        "incometaxexpensebenefit": 300471000,
        "profitloss": 960586000,
        "netincomelossattributabletononcontrollinginterest": 6275000,
        "netincomeloss": 954311000,
        "othercomprehensiveincomeunrealizedholdinggainlossonsecuritiesarisingduringperiodnetoftax": 1355000,
        "othercomprehensiveincomelossnetoftaxportionattributabletoparent": 1355000,
        "comprehensiveincomenetoftax": 955666000,
        "comprehensiveincomenetoftaxattributabletononcontrollinginterest": 6275000,
        "earningspersharebasic": 3.45,
        "earningspersharediluted": 3.45
    },
    {
        "date": "2024-02-28",
        "symbol": "LEN",
        "period": "Q1",
        "revenues": 6930991000,
        "costofrevenue": 5977536000,
        "generalandadministrativeexpense": 157321000,
        "contributionexpense": 16798000,
        "costsandexpenses": 6411834000,
        "incomelossfromequitymethodinvestmentsandothernonoperatingincomeexpense": -30545000,
        "nonoperatingincomeexpense": 65372000,
        "unrealizedgainlossoninvestments": -5137000,
        "incomelossfromcontinuingoperationsbeforeincometaxesextraordinaryitemsnoncontrollinginterest": 930786000,
        "incometaxexpensebenefit": 210865000,
        "profitloss": 719921000,
        "netincomelossattributabletononcontrollinginterest": 587000,
        "netincomeloss": 719334000,
        "othercomprehensiveincomeunrealizedholdinggainlossonsecuritiesarisingduringperiodnetoftax": 362000,
        "othercomprehensiveincomelossnetoftaxportionattributabletoparent": 362000,
        "comprehensiveincomenetoftax": 719696000,
        "comprehensiveincomenetoftaxattributabletononcontrollinginterest": 587000,
        "earningspersharebasic": 2.57,
        "earningspersharediluted": 2.57
    },
    {
        "date": "2021-08-30",
        "symbol": "LEN",
        "period": "Q3",
        "revenues": 6558509000,
        "costofrevenue": 5225497000,
        "generalandadministrativeexpense": 94942000,
        "contributionexpense": 15199000,
        "costsandexpenses": 5613948000,
        "incomelossfromequitymethodinvestments": 2391000,
        "nonoperatingincomeexpense": -5570000,
        "incomelossfromequitymethodinvestmentsandrealizedgainlossondisposal": -2904000,
        "unrealizedgainlossoninvestments": 495202000,
        "incomelossfromequitymethodinvestmentsandothernonoperatingincomeexpense": -2220000,
        "incomelossfromcontinuingoperationsbeforeincometaxesextraordinaryitemsnoncontrollinginterest": 1814354000,
        "incometaxexpensebenefit": 405136000,
        "profitloss": 1409218000,
        "netincomelossattributabletononcontrollinginterest": 2330000,
        "netincomeloss": 1406888000,
        "othercomprehensiveincomeunrealizedholdinggainlossonsecuritiesarisingduringperiodnetoftax": 131000,
        "othercomprehensiveincomelossnetoftaxportionattributabletoparent": 131000,
        "comprehensiveincomenetoftax": 1407019000,
        "comprehensiveincomenetoftaxattributabletononcontrollinginterest": 2330000,
        "earningspersharebasic": 4.52,
        "earningspersharediluted": 4.52
    },
    {
        "date": "2021-05-30",
        "symbol": "LEN",
        "period": "Q2",
        "revenues": 6028041000,
        "costofrevenue": 4909516000,
        "generalandadministrativeexpense": 90717000,
        "contributionexpense": 14493000,
        "costsandexpenses": 5286815000,
        "incomelossfromequitymethodinvestments": -1688000,
        "nonoperatingincomeexpense": -4362000,
        "incomelossfromequitymethodinvestmentsandrealizedgainlossondisposal": 13854000,
        "unrealizedgainlossoninvestments": -117570000,
        "incomelossfromequitymethodinvestmentsandothernonoperatingincomeexpense": 63221000,
        "incomelossfromcontinuingoperationsbeforeincometaxesextraordinaryitemsnoncontrollinginterest": 1096885000,
        "incometaxexpensebenefit": 260113000,
        "profitloss": 836772000,
        "netincomelossattributabletononcontrollinginterest": 5409000,
        "netincomeloss": 831363000,
        "othercomprehensiveincomeunrealizedholdinggainlossonsecuritiesarisingduringperiodnetoftax": 316000,
        "othercomprehensiveincomelossnetoftaxportionattributabletoparent": 316000,
        "comprehensiveincomenetoftax": 831679000,
        "comprehensiveincomenetoftaxattributabletononcontrollinginterest": 5409000,
        "earningspersharebasic": 2.66,
        "earningspersharediluted": 2.65
    },
    {
        "date": "2021-02-27",
        "symbol": "LEN",
        "period": "Q1",
        "revenues": 4943056000,
        "costofrevenue": 4118286000,
        "generalandadministrativeexpense": 110531000,
        "contributionexpense": 12314000,
        "costsandexpenses": 4474294000,
        "incomelossfromequitymethodinvestments": -4565000,
        "nonoperatingincomeexpense": 12975000,
        "incomelossfromequitymethodinvestmentsandrealizedgainlossondisposal": -1268000,
        "unrealizedgainlossoninvestments": 469745000,
        "incomelossfromequitymethodinvestmentsandothernonoperatingincomeexpense": -1047000,
        "incomelossfromcontinuingoperationsbeforeincometaxesextraordinaryitemsnoncontrollinginterest": 1327014000,
        "incometaxexpensebenefit": 310105000,
        "profitloss": 1016909000,
        "netincomelossattributabletononcontrollinginterest": 15540000,
        "netincomeloss": 1001369000,
        "othercomprehensiveincomeunrealizedholdinggainlossonsecuritiesarisingduringperiodnetoftax": -942000,
        "othercomprehensiveincomelossnetoftaxportionattributabletoparent": -942000,
        "comprehensiveincomenetoftax": 1000427000,
        "comprehensiveincomenetoftaxattributabletononcontrollinginterest": 15540000,
        "earningspersharebasic": 3.2,
        "earningspersharediluted": 3.2
    },
    {
        "date": "2020-11-29",
        "symbol": "LEN",
        "period": "Q4",
        "revenues": 6354416000,
        "costofrevenue": 5277349000,
        "generalandadministrativeexpense": 95459000,
        "costsandexpenses": 5679051000,
        "incomelossfromequitymethodinvestments": 19241000,
        "nonoperatingincomeexpense": -12904000,
        "incomelossfromcontinuingoperationsbeforeincometaxesextraordinaryitemsnoncontrollinginterest": 1164646000,
        "incometaxexpensebenefit": 273737000,
        "profitloss": 890909000,
        "netincomelossattributabletononcontrollinginterest": 8149000,
        "netincomeloss": 882760000,
        "othercomprehensiveincomeunrealizedholdinggainlossonsecuritiesarisingduringperiodnetoftax": -642000,
        "othercomprehensiveincomelossnetoftaxportionattributabletoparent": -642000,
        "comprehensiveincomenetoftax": 882118000,
        "comprehensiveincomenetoftaxattributabletononcontrollinginterest": 8149000,
        "earningspersharebasic": 2.8299999999999996,
        "earningspersharediluted": 2.82
    },
    {
        "date": "2020-08-30",
        "symbol": "LEN",
        "period": "Q3",
        "revenues": 5505120000,
        "costofrevenue": 4673158000,
        "generalandadministrativeexpense": 92661000,
        "costsandexpenses": 4988656000,
        "incomelossfromequitymethodinvestments": -6431000,
        "nonoperatingincomeexpense": -11787000,
        "incomelossfromequitymethodinvestmentsandothergain": -1532000,
        "incomelossfromcontinuingoperationsbeforeincometaxesextraordinaryitemsnoncontrollinginterest": 859013000,
        "incometaxexpensebenefit": 189690000,
        "profitloss": 669323000,
        "netincomelossattributabletononcontrollinginterest": 2905000,
        "netincomeloss": 666418000,
        "othercomprehensiveincomeunrealizedholdinggainlossonsecuritiesarisingduringperiodnetoftax": 175000,
        "othercomprehensiveincomelossnetoftaxportionattributabletoparent": 175000,
        "comprehensiveincomenetoftax": 666593000,
        "comprehensiveincomenetoftaxattributabletononcontrollinginterest": 2905000,
        "earningspersharebasic": 2.1199999999999997,
        "earningspersharediluted": 2.1100000000000003
    },
    {
        "date": "2020-05-30",
        "symbol": "LEN",
        "period": "Q2",
        "revenues": 4949484000,
        "costofrevenue": 4313331000,
        "generalandadministrativeexpense": 83451000,
        "costsandexpenses": 4629538000,
        "incomelossfromequitymethodinvestments": -9100000,
        "nonoperatingincomeexpense": 4308000,
        "deconsolidationgainorlossamount": 61418000,
        "incomelossfromequitymethodinvestmentsandothergain": -282000,
        "incomelossfromcontinuingoperationsbeforeincometaxesextraordinaryitemsnoncontrollinginterest": 676577000,
        "incometaxexpensebenefit": 160479000,
        "profitloss": 516098000,
        "netincomelossattributabletononcontrollinginterest": -1308000,
        "netincomeloss": 517406000,
        "othercomprehensiveincomeunrealizedholdinggainlossonsecuritiesarisingduringperiodnetoftax": -338000,
        "othercomprehensiveincomelossreclassificationadjustmentfromaociforsaleofsecuritiesnetoftax": 452000,
        "othercomprehensiveincomelossnetoftaxportionattributabletoparent": -790000,
        "comprehensiveincomenetoftax": 516616000,
        "comprehensiveincomenetoftaxattributabletononcontrollinginterest": -1308000,
        "earningspersharebasic": 1.66,
        "earningspersharediluted": 1.65
    },
    {
        "date": "2020-02-28",
        "symbol": "LEN",
        "period": "Q1",
        "revenues": 4172116000,
        "costofrevenue": 3697806000,
        "generalandadministrativeexpense": 86847000,
        "costsandexpenses": 4075919000,
        "incomelossfromequitymethodinvestments": -4546000,
        "nonoperatingincomeexpense": -9366000,
        "incomelossfromequitymethodinvestmentsandothergain": 6516000,
        "incomelossfromcontinuingoperationsbeforeincometaxesextraordinaryitemsnoncontrollinginterest": 423552000,
        "incometaxexpensebenefit": 32329000,
        "profitloss": 391223000,
        "netincomelossattributabletononcontrollinginterest": -7229000,
        "netincomeloss": 398452000,
        "othercomprehensiveincomeunrealizedholdinggainlossonsecuritiesarisingduringperiodnetoftax": -46000,
        "othercomprehensiveincomelossnetoftaxportionattributabletoparent": -46000,
        "comprehensiveincomenetoftax": 398406000,
        "comprehensiveincomenetoftaxattributabletononcontrollinginterest": -7229000,
        "earningspersharebasic": 1.27,
        "earningspersharediluted": 1.27
    },
    {
        "date": "2019-08-30",
        "symbol": "LEN",
        "period": "Q3",
        "revenues": 5438998000,
        "costofrevenue": 4781932000,
        "generalandadministrativeexpense": 92615000,
        "costsandexpenses": 5208701000,
        "incomelossfromequitymethodinvestments": -10459000,
        "nonoperatingincomeexpense": 12375000,
        "incomelossfromequitymethodinvestmentsandothergain": 7883000,
        "incomelossfromcontinuingoperationsbeforeincometaxesextraordinaryitemsnoncontrollinginterest": 667083000,
        "incometaxexpensebenefit": 154440000,
        "profitloss": 512643000,
        "netincomelossattributabletononcontrollinginterest": -723000,
        "netincomeloss": 513366000,
        "othercomprehensiveincomeunrealizedholdinggainlossonsecuritiesarisingduringperiodnetoftax": 180000,
        "othercomprehensiveincomelossnetoftaxportionattributabletoparent": 180000,
        "comprehensiveincomenetoftax": 513546000,
        "comprehensiveincomenetoftaxattributabletononcontrollinginterest": -723000,
        "earningspersharebasic": 1.59,
        "earningspersharediluted": 1.59
    },
    {
        "date": "2019-05-30",
        "symbol": "LEN",
        "period": "Q2",
        "revenues": 5195599000,
        "costofrevenue": 4587259000,
        "generalandadministrativeexpense": 76113000,
        "costsandexpenses": 4963281000,
        "incomelossfromequitymethodinvestments": 19614000,
        "nonoperatingincomeexpense": -46165000,
        "incomelossfromequitymethodinvestmentsandothergain": -3018000,
        "incomelossfromcontinuingoperationsbeforeincometaxesextraordinaryitemsnoncontrollinginterest": 559399000,
        "incometaxexpensebenefit": 140530000,
        "profitloss": 418869000,
        "netincomelossattributabletononcontrollinginterest": -2603000,
        "netincomeloss": 421472000,
        "othercomprehensiveincomeunrealizedholdinggainlossonsecuritiesarisingduringperiodnetoftax": 561000,
        "othercomprehensiveincomelossreclassificationadjustmentfromaociforsaleofsecuritiesnetoftax": 176000,
        "othercomprehensiveincomelossnetoftaxportionattributabletoparent": 385000,
        "comprehensiveincomenetoftax": 421857000,
        "comprehensiveincomenetoftaxattributabletononcontrollinginterest": -2603000,
        "earningspersharebasic": 1.31,
        "earningspersharediluted": 1.3,
        "equitymethodinvestmentgainlossonconsolidation": -48900000
    },
    {
        "date": "2019-02-27",
        "symbol": "LEN",
        "period": "Q1",
        "revenues": 3623721000,
        "costofrevenue": 3238835000,
        "generalandadministrativeexpense": 79343000,
        "costsandexpenses": 3545317000,
        "incomelossfromequitymethodinvestments": -13756000,
        "nonoperatingincomeexpense": -1535000,
        "incomelossfromequitymethodinvestmentsandothergain": 10581000,
        "incomelossfromcontinuingoperationsbeforeincometaxesextraordinaryitemsnoncontrollinginterest": 319124000,
        "incometaxexpensebenefit": 79700000,
        "profitloss": 239424000,
        "netincomelossattributabletononcontrollinginterest": -486000,
        "netincomeloss": 239910000,
        "othercomprehensiveincomeunrealizedholdinggainlossonsecuritiesarisingduringperiodnetoftax": 208000,
        "othercomprehensiveincomelossnetoftaxportionattributabletoparent": 208000,
        "comprehensiveincomenetoftax": 240118000,
        "comprehensiveincomenetoftaxattributabletononcontrollinginterest": -486000,
        "earningspersharebasic": 0.74,
        "earningspersharediluted": 0.74
    },
    {
        "date": "2018-11-29",
        "symbol": "LEN",
        "period": "Q4",
        "revenues": 6065765000,
        "costofrevenue": 5225575000,
        "businesscombinationacquisitionrelatedcosts": 12918000,
        "generalandadministrativeexpense": 94863000,
        "costsandexpenses": 5684735000,
        "incomelossfromequitymethodinvestments": -50011000,
        "nonoperatingincomeexpense": 13179000,
        "incomelossfromcontinuingoperationsbeforeincometaxesextraordinaryitemsnoncontrollinginterest": 1036528000,
        "incometaxexpensebenefit": 238301000,
        "profitloss": 798227000,
        "netincomelossattributabletononcontrollinginterest": 2079000,
        "netincomeloss": 796148000,
        "othercomprehensiveincomeunrealizedholdinggainlossonsecuritiesarisingduringperiodnetoftax": -277000,
        "othercomprehensiveincomelossnetoftaxportionattributabletoparent": 249000,
        "comprehensiveincomenetoftax": 796397000,
        "comprehensiveincomenetoftaxattributabletononcontrollinginterest": 2079000,
        "earningspersharebasic": 2.5599999999999996,
        "earningspersharediluted": 2.55
    },
    {
        "date": "2018-08-30",
        "symbol": "LEN",
        "period": "Q3",
        "revenues": 5285742000,
        "costofrevenue": 4671224000,
        "businesscombinationacquisitionrelatedcosts": 11992000,
        "generalandadministrativeexpense": 96346000,
        "costsandexpenses": 5101824000,
        "incomelossfromequitymethodinvestments": -15391000,
        "nonoperatingincomeexpense": 12910000,
        "incomelossfromcontinuingoperationsbeforeincometaxesextraordinaryitemsnoncontrollinginterest": 565918000,
        "incometaxexpensebenefit": 98298000,
        "profitloss": 467620000,
        "netincomelossattributabletononcontrollinginterest": 14409000,
        "netincomeloss": 453211000,
        "othercomprehensiveincomeunrealizedholdinggainlossonsecuritiesarisingduringperiodnetoftax": -110000,
        "othercomprehensiveincomelossreclassificationadjustmentfromaociforsaleofsecuritiesnetoftax": 166000,
        "othercomprehensiveincomelossnetoftaxportionattributabletoparent": -276000,
        "comprehensiveincomenetoftax": 452935000,
        "comprehensiveincomenetoftaxattributabletononcontrollinginterest": 14409000,
        "earningspersharebasic": 1.37,
        "earningspersharediluted": 1.37,
        "commonstockdividendspersharedeclared": 0.04
    },
    {
        "date": "2018-05-30",
        "symbol": "LEN",
        "period": "Q2",
        "revenues": 5063997000,
        "costofrevenue": 4636067000,
        "businesscombinationacquisitionrelatedcosts": 23875000,
        "generalandadministrativeexpense": 84915000,
        "costsandexpenses": 5077732000,
        "incomelossfromequitymethodinvestments": -12226000,
        "nonoperatingincomeexpense": 9824000,
        "incomelossfromcontinuingoperationsbeforeincometaxesextraordinaryitemsnoncontrollinginterest": 390810000,
        "incometaxexpensebenefit": 75961000,
        "profitloss": 314849000,
        "netincomelossattributabletononcontrollinginterest": 4592000,
        "netincomeloss": 310257000,
        "othercomprehensiveincomeunrealizedholdinggainlossonsecuritiesarisingduringperiodnetoftax": -589000,
        "othercomprehensiveincomelossnetoftaxportionattributabletoparent": -715000,
        "comprehensiveincomenetoftax": 309542000,
        "comprehensiveincomenetoftaxattributabletononcontrollinginterest": 4592000,
        "earningspersharebasic": 1,
        "earningspersharediluted": 0.99,
        "commonstockdividendspersharedeclared": 0.04,
        "taxcutsandjobsactincompleteaccountingchangeintaxratedeferredtaxassetprovisionalincometaxexpense": 0
    },
    {
        "date": "2018-02-27",
        "symbol": "LEN",
        "period": "Q1",
        "revenues": 2662093000,
        "costofrevenue": 2404007000,
        "businesscombinationacquisitionrelatedcosts": 104195000,
        "generalandadministrativeexpense": 67810000,
        "costsandexpenses": 2870069000,
        "incomelossfromequitymethodinvestments": -14287000,
        "nonoperatingincomeexpense": 169928000,
        "incomelossfromcontinuingoperationsbeforeincometaxesextraordinaryitemsnoncontrollinginterest": 269428000,
        "incometaxexpensebenefit": 132611000,
        "profitloss": 136817000,
        "netincomelossattributabletononcontrollinginterest": 602000,
        "netincomeloss": 136215000,
        "othercomprehensiveincomeunrealizedholdinggainlossonsecuritiesarisingduringperiodnetoftax": -658000,
        "othercomprehensiveincomelossnetoftaxportionattributabletoparent": -658000,
        "comprehensiveincomenetoftax": 135557000,
        "comprehensiveincomenetoftaxattributabletononcontrollinginterest": 602000,
        "earningspersharebasic": 0.53,
        "earningspersharediluted": 0.53,
        "commonstockdividendspersharedeclared": 0.04,
        "taxcutsandjobsactincompleteaccountingchangeintaxratedeferredtaxassetprovisionalincometaxexpense": 68600000
    },
    {
        "date": "2017-08-30",
        "symbol": "LEN",
        "period": "Q3",
        "revenues": -4696631000,
        "costofrevenue": -4161552000,
        "generalandadministrativeexpense": -123677000,
        "costsandexpenses": -5092465000,
        "incomelossfromequitymethodinvestments": 44350000,
        "nonoperatingincomeexpense": -63686000,
        "incomelossfromcontinuingoperationsbeforeincometaxesextraordinaryitemsnoncontrollinginterest": -555422000,
        "incometaxexpensebenefit": -194816000,
        "profitloss": 270508000,
        "netincomelossattributabletononcontrollinginterest": -5575000,
        "netincomeloss": -933624000,
        "othercomprehensiveincomeunrealizedholdinggainlossonsecuritiesarisingduringperiodnetoftax": 165000,
        "comprehensiveincomenetoftax": -935019000,
        "comprehensiveincomenetoftaxattributabletononcontrollinginterest": -5575000,
        "earningspersharebasic": 1.0599999999999998,
        "earningspersharediluted": 1.0599999999999998,
        "commonstockdividendspersharedeclared": 0.03999999999999999
    },
    {
        "date": "2017-05-30",
        "symbol": "LEN",
        "period": "Q2",
        "revenues": 2885741000,
        "costofrevenue": 2535483000,
        "generalandadministrativeexpense": 66774000,
        "costsandexpenses": 2928667000,
        "incomelossfromequitymethodinvestments": -21506000,
        "nonoperatingincomeexpense": 3828000,
        "losscontingencylossinperiod": 0,
        "incomelossfromcontinuingoperationsbeforeincometaxesextraordinaryitemsnoncontrollinginterest": 309600000,
        "incometaxexpensebenefit": 108892000,
        "profitloss": 200708000,
        "netincomelossattributabletononcontrollinginterest": -12937000,
        "netincomeloss": 213645000,
        "othercomprehensiveincomeunrealizedholdinggainlossonsecuritiesarisingduringperiodnetoftax": 419000,
        "comprehensiveincomenetoftax": 214068000,
        "comprehensiveincomenetoftaxattributabletononcontrollinginterest": -12937000,
        "earningspersharebasic": 0.91,
        "earningspersharediluted": 0.91,
        "commonstockdividendspersharedeclared": 0.04
    },
    {
        "date": "2017-02-27",
        "symbol": "LEN",
        "period": "Q1",
        "revenues": 2018694000,
        "costofrevenue": 1801561000,
        "generalandadministrativeexpense": 60699000,
        "costsandexpenses": 2149201000,
        "incomelossfromequitymethodinvestments": -11534000,
        "nonoperatingincomeexpense": 5739000,
        "losscontingencylossinperiod": 140000000,
        "incomelossfromcontinuingoperationsbeforeincometaxesextraordinaryitemsnoncontrollinginterest": 49643000,
        "incometaxexpensebenefit": 19969000,
        "profitloss": 29674000,
        "netincomelossattributabletononcontrollinginterest": -8406000,
        "netincomeloss": 38080000,
        "othercomprehensiveincomeunrealizedholdinggainlossonsecuritiesarisingduringperiodnetoftax": 972000,
        "comprehensiveincomenetoftax": 39052000,
        "comprehensiveincomenetoftaxattributabletononcontrollinginterest": -8406000,
        "earningspersharebasic": 0.16,
        "earningspersharediluted": 0.16,
        "commonstockdividendspersharedeclared": 0.04
    },
    {
        "date": "2016-08-30",
        "symbol": "LEN",
        "period": "Q3",
        "revenues": 2496969000,
        "costofrevenue": 2164027000,
        "generalandadministrativeexpense": 61164000,
        "costsandexpenses": 2509700000,
        "incomelossfromequitymethodinvestments": -18034000,
        "nonoperatingincomeexpense": 30947000,
        "interestexpense": 973000,
        "incomelossfromcontinuingoperationsbeforeincometaxesextraordinaryitemsnoncontrollinginterest": 339558000,
        "incometaxexpensebenefit": 106427000,
        "profitloss": 233131000,
        "netincomelossattributabletononcontrollinginterest": -2711000,
        "netincomeloss": 235842000,
        "othercomprehensiveincomeunrealizedholdinggainlossonsecuritiesarisingduringperiodnetoftax": 639000,
        "othercomprehensiveincomelossreclassificationadjustmentfromaociforsaleofsecuritiesnetoftax": 31000,
        "comprehensiveincomenetoftax": 236450000,
        "comprehensiveincomenetoftaxattributabletononcontrollinginterest": -2711000,
        "earningspersharebasic": 1.04,
        "earningspersharediluted": 1.01,
        "commonstockdividendspersharedeclared": 0.04
    },
    {
        "date": "2016-05-30",
        "symbol": "LEN",
        "period": "Q2",
        "revenues": 2450885000,
        "costofrevenue": 2112288000,
        "generalandadministrativeexpense": 55802000,
        "costsandexpenses": 2423362000,
        "incomelossfromequitymethodinvestments": -9633000,
        "nonoperatingincomeexpense": 14925000,
        "interestexpense": 1193000,
        "incomelossfromcontinuingoperationsbeforeincometaxesextraordinaryitemsnoncontrollinginterest": 327839000,
        "incometaxexpensebenefit": 103801000,
        "profitloss": 224038000,
        "netincomelossattributabletononcontrollinginterest": 5569000,
        "netincomeloss": 218469000,
        "othercomprehensiveincomeunrealizedholdinggainlossonsecuritiesarisingduringperiodnetoftax": 919000,
        "othercomprehensiveincomelossreclassificationadjustmentfromaociforsaleofsecuritiesnetoftax": 6000,
        "comprehensiveincomenetoftax": 219382000,
        "comprehensiveincomenetoftaxattributabletononcontrollinginterest": 5569000,
        "earningspersharebasic": 1.01,
        "earningspersharediluted": 0.95,
        "commonstockdividendspersharedeclared": 0.04
    },
    {
        "date": "2015-08-30",
        "symbol": "LEN",
        "period": "Q3",
        "realestaterevenuenet": 39078000,
        "financialservicesrevenue": 168748000,
        "revenuefromaccretableinterestincomeandotherservices": 51554000,
        "revenues": 209990000,
        "costofrealestatesales": 47072000,
        "financialservicescosts": 129311000,
        "costsofservicingrealestateportfoliosandoperatingexpenses": 53323000,
        "generalandadministrativeexpense": 55229000,
        "costsandexpenses": 55229000,
        "incomelossfromequitymethodinvestments": 7590000,
        "othernonoperatingincomeexpense": 1172000,
        "interestexpenseother": 1460000,
        "incomelossfromcontinuingoperationsbeforeincometaxesextraordinaryitemsnoncontrollinginterest": -55015000,
        "incometaxexpensebenefit": -16215000,
        "profitloss": 223312000,
        "netincomelossattributabletononcontrollinginterest": -1977000,
        "netincomeloss": 223312000,
        "othercomprehensiveincomeunrealizedholdinggainlossonsecuritiesarisingduringperiodnetoftax": -400000,
        "comprehensiveincomenetoftax": 223312000,
        "comprehensiveincomenetoftaxattributabletononcontrollinginterest": 1725000,
        "earningspersharebasic": 1.07,
        "earningspersharediluted": 0.96,
        "commonstockdividendspersharedeclared": 0.04
    },
    {
        "date": "2015-05-30",
        "symbol": "LEN",
        "period": "Q2",
        "realestaterevenuenet": 38976000,
        "financialservicesrevenue": 169885000,
        "revenuefromaccretableinterestincomeandotherservices": 67931000,
        "revenues": 228987000,
        "costofrealestatesales": 47260000,
        "financialservicescosts": 130832000,
        "costsofservicingrealestateportfoliosandoperatingexpenses": 67506000,
        "generalandadministrativeexpense": 48941000,
        "costsandexpenses": 48941000,
        "incomelossfromequitymethodinvestments": 7328000,
        "othernonoperatingincomeexpense": -872000,
        "interestexpenseother": 1460000,
        "incomelossfromcontinuingoperationsbeforeincometaxesextraordinaryitemsnoncontrollinginterest": -50238000,
        "incometaxexpensebenefit": -17196000,
        "profitloss": 186750000,
        "netincomelossattributabletononcontrollinginterest": -722000,
        "netincomeloss": 186750000,
        "earningspersharebasic": 0.89,
        "earningspersharediluted": 0.79,
        "commonstockdividendspersharedeclared": 0.04,
        "comprehensiveincomenetoftax": 186750000,
        "comprehensiveincomenetoftaxattributabletononcontrollinginterest": 1568000
    },
    {
        "date": "2014-08-30",
        "symbol": "LEN",
        "period": "Q3",
        "realestaterevenuenet": 1830771000,
        "financialservicesrevenue": 89047000,
        "revenuefromaccretableinterestincomeandotherservices": 40848000,
        "revenues": 129895000,
        "costofrealestatesales": -2949000,
        "financialservicescosts": 64152000,
        "costsofservicingrealestateportfoliosandoperatingexpenses": 47644000,
        "generalandadministrativeexpense": 1265000,
        "costsandexpenses": 41807000,
        "incomelossfromequitymethodinvestments": -2269000,
        "othernonoperatingincomeexpense": 251000,
        "interestexpenseother": 8381000,
        "incomelossfromcontinuingoperationsbeforeincometaxesextraordinaryitemsnoncontrollinginterest": 274173000,
        "incometaxexpensebenefit": -13988000,
        "profitloss": 196607000,
        "netincomelossattributabletononcontrollinginterest": -4317000,
        "netincomeloss": 22941000,
        "earningspersharebasic": 0.87,
        "earningspersharediluted": 0.78,
        "commonstockdividendspersharedeclared": 0.04,
        "comprehensiveincomenetoftax": 177757000,
        "comprehensiveincomenetoftaxattributabletononcontrollinginterest": -4317000
    },
    {
        "date": "2014-05-30",
        "symbol": "LEN",
        "period": "Q2",
        "realestaterevenuenet": 1634785000,
        "financialservicesrevenue": 76887000,
        "revenuefromaccretableinterestincomeandotherservices": 54393000,
        "revenues": 131280000,
        "costofrealestatesales": -640000,
        "financialservicescosts": 59097000,
        "costsofservicingrealestateportfoliosandoperatingexpenses": 79604000,
        "generalandadministrativeexpense": 1265000,
        "costsandexpenses": 37052000,
        "incomelossfromequitymethodinvestments": -3001000,
        "othernonoperatingincomeexpense": 3595000,
        "interestexpenseother": 10287000,
        "incomelossfromcontinuingoperationsbeforeincometaxesextraordinaryitemsnoncontrollinginterest": 225706000,
        "incometaxexpensebenefit": -14265000,
        "profitloss": 152846000,
        "netincomelossattributabletononcontrollinginterest": -15102000,
        "netincomeloss": 19735000,
        "earningspersharebasic": 0.67,
        "earningspersharediluted": 0.61,
        "commonstockdividendspersharedeclared": 0.04,
        "comprehensiveincomenetoftax": 137719000,
        "comprehensiveincomenetoftaxattributabletononcontrollinginterest": -15102000
    },
    {
        "date": "2013-08-30",
        "symbol": "LEN",
        "period": "Q3",
        "realestaterevenuenet": 1447533000,
        "financialservicesrevenue": 73167000,
        "revenuefromaccretableinterestincomeandotherservices": 27808000,
        "revenues": 115068000,
        "costofrealestaterevenuesandoperatingexpenses": 1239791000,
        "financialservicescosts": 53216000,
        "costsofservicingrealestateportfoliosandoperatingexpenses": 35211000,
        "generalandadministrativeexpense": 2309000,
        "costsandexpenses": 1280646000,
        "incomelossfromequitymethodinvestments": 5199000,
        "othernonoperatingincomeexpense": 297000,
        "interestexpenseother": 1452000,
        "incomelossfromcontinuingoperationsbeforeincometaxesextraordinaryitemsnoncontrollinginterest": -36465000,
        "incometaxexpensebenefit": -12845000,
        "profitloss": 120662000,
        "netincomelossattributabletononcontrollinginterest": 1492000,
        "netincomeloss": 120662000,
        "earningspersharebasic": 0.62,
        "earningspersharediluted": 0.54,
        "commonstockdividendspersharedeclared": 0.04,
        "comprehensiveincomenetoftax": 120662000,
        "comprehensiveincomenetoftaxattributabletononcontrollinginterest": 1492000
    },
    {
        "date": "2013-05-30",
        "symbol": "LEN",
        "period": "Q2",
        "realestaterevenuenet": 20572000,
        "financialservicesrevenue": -5238000,
        "revenuefromaccretableinterestincomeandotherservices": 25684000,
        "revenues": 1303936000,
        "costofrealestaterevenuesandoperatingexpenses": 26335000,
        "financialservicescosts": 54076000,
        "costsofservicingrealestateportfoliosandoperatingexpenses": 28305000,
        "generalandadministrativeexpense": 32587000,
        "costsandexpenses": 32587000,
        "incomelossfromequitymethodinvestments": -242000,
        "othernonoperatingincomeexpense": -2695000,
        "interestexpenseother": -1453000,
        "incomelossfromcontinuingoperationsbeforeincometaxesextraordinaryitemsnoncontrollinginterest": -33844000,
        "incometaxexpensebenefit": -17991000,
        "profitloss": 137436000,
        "netincomelossattributabletononcontrollinginterest": 5362000,
        "netincomeloss": -165703000,
        "earningspersharebasic": 0.71,
        "earningspersharediluted": 0.61,
        "commonstockdividendspersharedeclared": 0.04,
        "comprehensiveincomenetoftax": 137436000,
        "comprehensiveincomenetoftaxattributabletononcontrollinginterest": 5362000
    },
    {
        "date": "2012-05-30",
        "symbol": "LEN",
        "period": "Q2",
        "realestaterevenuenet": 808088000,
        "financialservicesrevenue": 57080000,
        "revenuefromaccretableinterestincomeandotherservices": 33472000,
        "revenues": 90552000,
        "costofrealestaterevenuesandoperatingexpenses": 2207000,
        "financialservicescosts": 35479000,
        "costsofservicingrealestateportfoliosandoperatingexpenses": -78000,
        "generalandadministrativeexpense": 1188000,
        "costsandexpenses": 761557000,
        "incomelossfromequitymethodinvestments": 5569000,
        "othernonoperatingincomeexpense": 196000,
        "interestexpenseother": 1452000,
        "incomelossfromcontinuingoperationsbeforeincometaxesextraordinaryitemsnoncontrollinginterest": 62274000,
        "incometaxexpensebenefit": 1848000,
        "profitloss": 12534000,
        "netincomelossattributabletononcontrollinginterest": 1721000,
        "netincomeloss": 452703000,
        "earningspersharebasic": 2.39,
        "earningspersharediluted": 2.06,
        "commonstockdividendspersharedeclared": 0.04,
        "valuationadjustmentstoinvestmentsinunconsolidatedentities": 7000
    },
    {
        "date": "2011-08-30",
        "symbol": "LEN",
        "period": "Q3",
        "realestaterevenuenet": 5498000,
        "financialservicesrevenue": 35532000,
        "revenuefromaccretableinterestincomeandotherservices": 42065000,
        "revenues": 820193000,
        "costofrealestaterevenuesandoperatingexpenses": 662909000,
        "financialservicescosts": 26080000,
        "costsofservicingrealestateportfoliosandoperatingexpenses": 33562000,
        "generalandadministrativeexpense": 21571000,
        "costsandexpenses": 21571000,
        "incomelossfromequitymethodinvestments": -4552000,
        "othernonoperatingincomeexpense": 6940000,
        "interestexpenseother": 1452000,
        "incomelossfromcontinuingoperationsbeforeincometaxesextraordinaryitemsnoncontrollinginterest": -23440000,
        "incometaxexpensebenefit": -8463000,
        "profitloss": 20730000,
        "netincomelossattributabletononcontrollinginterest": 2770000,
        "netincomeloss": 20730000,
        "earningspersharebasic": 0.11,
        "earningspersharediluted": 0.11,
        "commonstockdividendspersharedeclared": 0.04,
        "inventoryimpairmentsandoptionandpreacquisitioncostswriteoffs": 10700000,
        "companysshareofvaluationadjustmentsrelatedtoassetsincludedinequityloss": 683000,
        "valuationadjustmentstoinvestmentsinunconsolidatedentities": -2077000,
        "noncontrollinginterestincomeloss": 6100000
    },
    {
        "date": "2011-05-30",
        "symbol": "LEN",
        "period": "Q2",
        "realestaterevenuenet": 662476000,
        "financialservicesrevenue": 59422000,
        "revenuefromaccretableinterestincomeandotherservices": 42595000,
        "revenues": 764493000,
        "costofrealestaterevenuesandoperatingexpenses": 630711000,
        "financialservicescosts": 56927000,
        "costsofservicingrealestateportfoliosandoperatingexpenses": 32273000,
        "generalandadministrativeexpense": 20598000,
        "costsandexpenses": 740509000,
        "incomelossfromequitymethodinvestments": -2973000,
        "othernonoperatingincomeexpense": 9511000,
        "interestexpenseother": 22468000,
        "incometaxexpensebenefit": 953000,
        "profitloss": 24847000,
        "netincomelossattributabletononcontrollinginterest": 11062000,
        "netincomeloss": 13785000,
        "earningspersharebasic": 0.07,
        "earningspersharediluted": 0.07999999999999999,
        "commonstockdividendspersharedeclared": 0.04,
        "valuationadjustmentstoinvestmentsinunconsolidatedentities": 100000,
        "noncontrollinginterestincomeloss": 12800000
    },
    {
        "date": "2011-02-27",
        "symbol": "LEN",
        "period": "Q1",
        "realestaterevenuenet": 466709000,
        "financialservicesrevenue": 57713000,
        "revenuefromaccretableinterestincomeandotherservices": 33623000,
        "revenues": 558045000,
        "costofrealestaterevenuesandoperatingexpenses": 447763000,
        "financialservicescosts": 56530000,
        "costsofservicingrealestateportfoliosandoperatingexpenses": 28349000,
        "generalandadministrativeexpense": 23352000,
        "costsandexpenses": 555994000,
        "incomelossfromequitymethodinvestments": 4525000,
        "othernonoperatingincomeexpense": 29960000,
        "interestexpenseother": 22079000,
        "incomelossfromcontinuingoperationbeforeincometaxesincludingportionattributabletononcontrollinginterests": 36321000,
        "incometaxexpensebenefit": -2405000,
        "profitloss": 38726000,
        "netincomelossattributabletononcontrollinginterest": 11320000,
        "netincomeloss": 27406000,
        "earningspersharebasic": 0.15,
        "earningspersharediluted": 0.14,
        "commonstockdividendspersharedeclared": 0.04,
        "valuationadjustmentstoinvestmentsinunconsolidatedentities": 8300000,
        "noncontrollinginterestincomeloss": 12000000
    },
    {
        "date": "2010-08-30",
        "symbol": "LEN",
        "period": "Q3",
        "realestaterevenuenet": 718149000,
        "financialservicesrevenue": 68826000,
        "revenuefromaccretableinterestincomeandotherservices": 38000000,
        "revenues": 824975000,
        "costofrealestaterevenuesandoperatingexpenses": 663662000,
        "financialservicescosts": 62013000,
        "costsofservicingrealestateportfoliosandoperatingexpenses": 26156000,
        "generalandadministrativeexpense": 23994000,
        "costsandexpenses": 775825000,
        "incomelossfromequitymethodinvestments": 986000,
        "othernonoperatingincomeexpense": 324000,
        "interestexpenseother": 17668000,
        "incomelossfromcontinuingoperationbeforeincometaxesincludingportionattributabletononcontrollinginterests": 39435000,
        "incometaxexpensebenefit": 605000,
        "profitloss": 38830000,
        "netincomelossattributabletononcontrollinginterest": 8795000,
        "netincomeloss": 30035000,
        "earningspersharebasic": 0.16,
        "earningspersharediluted": 0.16,
        "commonstockdividendspersharedeclared": 0.04,
        "inventoryimpairmentsandoptionandpreacquisitioncostswriteoffs": 12300000,
        "companysshareofvaluationadjustmentsrelatedtoassetsincludedinequityloss": 9200000,
        "valuationallowancedeferredtaxassetchangeinamount": 12000000
    }
]