[
    {
        "date": "2024-03-30",
        "symbol": "YUM",
        "period": "Q1",
        "revenuefromcontractwithcustomerexcludingassessedtax": 474000000,
        "revenues": 1598000000,
        "costofgoodsandservicessold": 400000000,
        "generalandadministrativeexpense": 286000000,
        "franchisorcosts": 31000000,
        "cooperativeadvertisingexpense": 367000000,
        "gainlossondispositionofassets1": 5000000,
        "otheroperatingincomeexpensenet": 1000000,
        "costsandexpenses": 1078000000,
        "operatingincomeloss": 520000000,
        "investmentincomenet": -22000000,
        "otherpensionincomeexpense": -2000000,
        "interestincomeexpensenet": -117000000,
        "incomelossattributabletoparent": 383000000,
        "incometaxexpensebenefit": 69000000,
        "netincomeloss": 314000000,
        "earningspersharebasic": 1.11,
        "earningspersharediluted": 1.1,
        "commonstockdividendspersharedeclared": 0.67,
        "othercomprehensiveincomeforeigncurrencytransactionandtranslationgainlossbeforereclassificationandtax": -10000000,
        "othercomprehensiveincomelossforeigncurrencytransactionandtranslationadjustmentbeforetax": -10000000,
        "othercomprehensiveincomelossforeigncurrencytransactionandtranslationadjustmentnetoftax": -10000000,
        "othercomprehensiveincomelosscashflowhedgegainlossbeforereclassificationandtax": 12000000,
        "othercomprehensiveincomelosscashflowhedgegainlossreclassificationbeforetax": 8000000,
        "othercomprehensiveincomelosscashflowhedgegainlossafterreclassificationbeforetax": 4000000,
        "othercomprehensiveincomelosscashflowhedgegainlossafterreclassificationtax": 1000000,
        "othercomprehensiveincomelosscashflowhedgegainlossafterreclassificationandtax": 3000000,
        "othercomprehensiveincomelossnetoftax": -7000000,
        "comprehensiveincomenetoftax": 307000000
    },
    {
        "date": "2023-12-30",
        "symbol": "YUM",
        "period": "Q4",
        "revenuefromcontractwithcustomerexcludingassessedtax": 647000000,
        "revenues": 2036000000,
        "costofgoodsandservicessold": 535000000,
        "generalandadministrativeexpense": 353000000,
        "franchisorcosts": 28000000,
        "cooperativeadvertisingexpense": 500000000,
        "gainlossondispositionofassets1": -11000000,
        "otheroperatingincomeexpensenet": 0,
        "costsandexpenses": 1427000000,
        "operatingincomeloss": 609000000,
        "investmentincomenet": -14000000,
        "otherpensionincomeexpense": -1000000,
        "interestincomeexpensenet": -132000000,
        "incomelossattributabletoparent": 464000000,
        "incometaxexpensebenefit": 1000000,
        "netincomeloss": 463000000,
        "earningspersharebasic": 1.6499999999999997,
        "earningspersharediluted": 1.619999999999999,
        "commonstockdividendspersharedeclared": 0.605,
        "othercomprehensiveincomeforeigncurrencytransactionandtranslationgainlossbeforereclassificationandtax": 26000000,
        "othercomprehensiveincomelossforeigncurrencytransactionandtranslationadjustmentbeforetax": 37000000,
        "othercomprehensiveincomelossforeigncurrencytransactionandtranslationadjustmentnetoftax": 37000000,
        "othercomprehensiveincomelosscashflowhedgegainlossbeforereclassificationandtax": -11000000,
        "othercomprehensiveincomelosscashflowhedgegainlossreclassificationbeforetax": 10000000,
        "othercomprehensiveincomelosscashflowhedgegainlossafterreclassificationbeforetax": -21000000,
        "othercomprehensiveincomelosscashflowhedgegainlossafterreclassificationtax": -5000000,
        "othercomprehensiveincomelosscashflowhedgegainlossafterreclassificationandtax": -16000000,
        "othercomprehensiveincomelossnetoftax": 12000000,
        "comprehensiveincomenetoftax": 475000000
    },
    {
        "date": "2023-09-29",
        "symbol": "YUM",
        "period": "Q3",
        "revenuefromcontractwithcustomerexcludingassessedtax": 1160000000,
        "revenues": 4766000000,
        "costofgoodsandservicessold": 421000000,
        "generalandadministrativeexpense": 836000000,
        "franchisorcosts": 93000000,
        "cooperativeadvertisingexpense": 400000000,
        "gainlossondispositionofassets1": 19000000,
        "otheroperatingincomeexpensenet": -13000000,
        "costsandexpenses": 1095000000,
        "operatingincomeloss": 1711000000,
        "investmentincomenet": 16000000,
        "otherpensionincomeexpense": -2000000,
        "interestincomeexpensenet": -126000000,
        "incomelossattributabletoparent": 505000000,
        "incometaxexpensebenefit": 89000000,
        "netincomeloss": 416000000,
        "earningspersharebasic": 1.4800000000000006,
        "earningspersharediluted": 1.4600000000000006,
        "commonstockdividendspersharedeclared": 0.605,
        "othercomprehensiveincomeforeigncurrencytransactionandtranslationgainlossbeforereclassificationandtax": -20000000,
        "othercomprehensiveincomelossforeigncurrencytransactionandtranslationadjustmentbeforetax": -20000000,
        "othercomprehensiveincomelossforeigncurrencytransactionandtranslationadjustmentnetoftax": -20000000,
        "othercomprehensiveincomelosspensionandotherpostretirementbenefitplansadjustmentnetoftax": 0,
        "othercomprehensiveincomelosscashflowhedgegainlossbeforereclassificationandtax": 8000000,
        "othercomprehensiveincomelosscashflowhedgegainlossreclassificationbeforetax": 9000000,
        "othercomprehensiveincomelosscashflowhedgegainlossafterreclassificationbeforetax": -2000000,
        "othercomprehensiveincomelosscashflowhedgegainlossafterreclassificationtax": -1000000,
        "othercomprehensiveincomelosscashflowhedgegainlossafterreclassificationandtax": -1000000,
        "othercomprehensiveincomelossnetoftax": 50000000,
        "comprehensiveincomenetoftax": 395000000
    },
    {
        "date": "2023-06-29",
        "symbol": "YUM",
        "period": "Q2",
        "revenuefromcontractwithcustomerexcludingassessedtax": 160000000,
        "revenues": 142000000,
        "costofgoodsandservicessold": 415000000,
        "generalandadministrativeexpense": 3000000,
        "franchisorcosts": 1000000,
        "cooperativeadvertisingexpense": 388000000,
        "gainlossondispositionofassets1": 17000000,
        "otheroperatingincomeexpensenet": -2000000,
        "costsandexpenses": 1114000000,
        "operatingincomeloss": 3000000,
        "investmentincomenet": 29000000,
        "otherpensionincomeexpense": -1000000,
        "interestincomeexpensenet": -125000000,
        "incomelossattributabletoparent": 478000000,
        "incometaxexpensebenefit": 60000000,
        "netincomeloss": 418000000,
        "earningspersharebasic": 1.4799999999999998,
        "earningspersharediluted": 1.4599999999999997,
        "commonstockdividendspersharedeclared": 0.605,
        "othercomprehensiveincomeforeigncurrencytransactionandtranslationgainlossbeforereclassificationandtax": 4000000,
        "othercomprehensiveincomelossforeigncurrencytransactionandtranslationadjustmentbeforetax": 64000000,
        "othercomprehensiveincomelossforeigncurrencytransactionandtranslationadjustmentnetoftax": 64000000,
        "othercomprehensiveincomelosspensionandotherpostretirementbenefitplanstax": 0,
        "othercomprehensiveincomelosspensionandotherpostretirementbenefitplansadjustmentnetoftax": -1000000,
        "othercomprehensiveincomelosscashflowhedgegainlossbeforereclassificationandtax": 24000000,
        "othercomprehensiveincomelosscashflowhedgegainlossreclassificationbeforetax": 8000000,
        "othercomprehensiveincomelosscashflowhedgegainlossafterreclassificationbeforetax": 18000000,
        "othercomprehensiveincomelosscashflowhedgegainlossafterreclassificationtax": 5000000,
        "othercomprehensiveincomelosscashflowhedgegainlossafterreclassificationandtax": 13000000,
        "othercomprehensiveincomelossnetoftax": 13000000,
        "comprehensiveincomenetoftax": 496000000
    },
    {
        "date": "2023-03-30",
        "symbol": "YUM",
        "period": "Q1",
        "revenuefromcontractwithcustomerexcludingassessedtax": 175000000,
        "revenues": 132000000,
        "costofgoodsandservicessold": 403000000,
        "generalandadministrativeexpense": 1000000,
        "franchisorcosts": 1000000,
        "cooperativeadvertisingexpense": 395000000,
        "gainlossondispositionofassets1": 4000000,
        "otheroperatingincomeexpensenet": 1000000,
        "costsandexpenses": 1122000000,
        "operatingincomeloss": -5000000,
        "investmentincomenet": -24000000,
        "otherpensionincomeexpense": -2000000,
        "interestincomeexpensenet": -130000000,
        "incomelossattributabletoparent": 371000000,
        "incometaxexpensebenefit": 71000000,
        "netincomeloss": 300000000,
        "earningspersharebasic": 1.07,
        "earningspersharediluted": 1.05,
        "commonstockdividendspersharedeclared": 0.605,
        "othercomprehensiveincomeforeigncurrencytransactionandtranslationgainlossbeforereclassificationandtax": 8000000,
        "othercomprehensiveincomelossforeigncurrencytransactionandtranslationadjustmentbeforetax": 8000000,
        "othercomprehensiveincomelossforeigncurrencytransactionandtranslationadjustmentnetoftax": 8000000,
        "othercomprehensiveincomelosspensionandotherpostretirementbenefitplanstax": 2000000,
        "othercomprehensiveincomelosspensionandotherpostretirementbenefitplansadjustmentnetoftax": 2000000,
        "othercomprehensiveincomelosscashflowhedgegainlossbeforereclassificationandtax": -7000000,
        "othercomprehensiveincomelosscashflowhedgegainlossreclassificationbeforetax": 3000000,
        "othercomprehensiveincomelosscashflowhedgegainlossafterreclassificationbeforetax": -11000000,
        "othercomprehensiveincomelosscashflowhedgegainlossafterreclassificationtax": -3000000,
        "othercomprehensiveincomelosscashflowhedgegainlossafterreclassificationandtax": -8000000,
        "othercomprehensiveincomelossnetoftax": -8000000,
        "comprehensiveincomenetoftax": 298000000
    },
    {
        "date": "2022-12-30",
        "symbol": "YUM",
        "period": "Q4",
        "revenuefromcontractwithcustomerexcludingassessedtax": 214000000,
        "revenues": 3505000000,
        "costofgoodsandservicessold": 526000000,
        "generalandadministrativeexpense": -67000000,
        "franchisorcosts": 86000000,
        "cooperativeadvertisingexpense": 145000000,
        "gainlossondispositionofassets1": -5000000,
        "otheroperatingincomeexpensenet": -51000000,
        "costsandexpenses": 1441000000,
        "operatingincomeloss": -10000000,
        "investmentincomenet": -8000000,
        "interestincomeexpensenet": -137000000,
        "incomelossattributabletoparent": 427000000,
        "incometaxexpensebenefit": 286000000,
        "netincomeloss": 371000000,
        "earningspersharebasic": 1.3099999999999996,
        "earningspersharediluted": 1.3000000000000005,
        "commonstockdividendspersharedeclared": 0.5700000000000002,
        "othercomprehensiveincomeforeigncurrencytransactionandtranslationgainlossbeforereclassificationandtax": 15000000,
        "othercomprehensiveincomelossforeigncurrencytransactionandtranslationadjustmentbeforetax": 15000000,
        "othercomprehensiveincomelossforeigncurrencytransactionandtranslationadjustmentnetoftax": 15000000,
        "othercomprehensiveincomelossreclassificationadjustmentfromaocipensionandotherpostretirementbenefitplansbeforetax": -20000000,
        "othercomprehensiveincomelosspensionandotherpostretirementbenefitplansadjustmentbeforetax": -115000000,
        "othercomprehensiveincomelosspensionandotherpostretirementbenefitplanstax": -29000000,
        "othercomprehensiveincomelosspensionandotherpostretirementbenefitplansadjustmentnetoftax": 86000000,
        "othercomprehensiveincomelosscashflowhedgegainlossbeforereclassificationandtax": 4000000,
        "othercomprehensiveincomelosscashflowhedgegainlossreclassificationbeforetax": 40000000,
        "othercomprehensiveincomelosscashflowhedgegainlossafterreclassificationbeforetax": 0,
        "othercomprehensiveincomelosscashflowhedgegainlossafterreclassificationtax": 0,
        "othercomprehensiveincomelosscashflowhedgegainlossafterreclassificationandtax": 0,
        "othercomprehensiveincomelossnetoftax": -144000000,
        "comprehensiveincomenetoftax": 300000000
    },
    {
        "date": "2022-09-29",
        "symbol": "YUM",
        "period": "Q3",
        "revenuefromcontractwithcustomerexcludingassessedtax": 185000000,
        "revenues": 131000000,
        "costofgoodsandservicessold": 402000000,
        "generalandadministrativeexpense": 1000000,
        "franchisorcosts": 1000000,
        "cooperativeadvertisingexpense": 396000000,
        "gainlossondispositionofassets1": 3000000,
        "otheroperatingincomeexpensenet": 18000000,
        "costsandexpenses": 1094000000,
        "operatingincomeloss": -4000000,
        "investmentincomenet": 27000000,
        "otherpensionincomeexpense": 2000000,
        "interestincomeexpensenet": -124000000,
        "incomelossattributabletoparent": 447000000,
        "incometaxexpensebenefit": 116000000,
        "netincomeloss": 331000000,
        "earningspersharebasic": 1.16,
        "earningspersharediluted": 1.14,
        "commonstockdividendspersharedeclared": 0.57,
        "othercomprehensiveincomeforeigncurrencytransactionandtranslationgainlossbeforereclassificationandtax": -55000000,
        "othercomprehensiveincomelossforeigncurrencytransactionandtranslationadjustmentbeforetax": -55000000,
        "othercomprehensiveincomelossforeigncurrencytransactionandtranslationadjustmentnetoftax": -55000000,
        "othercomprehensiveincomelosspensionandotherpostretirementbenefitplansnetunamortizedgainlossarisingduringperiodbeforetax": -20000000,
        "othercomprehensiveincomelossreclassificationadjustmentfromaocipensionandotherpostretirementbenefitplansbeforetax": -5000000,
        "othercomprehensiveincomelosspensionandotherpostretirementbenefitplansadjustmentbeforetax": 25000000,
        "othercomprehensiveincomelosspensionandotherpostretirementbenefitplanstax": 6000000,
        "othercomprehensiveincomelosspensionandotherpostretirementbenefitplansadjustmentnetoftax": -19000000,
        "othercomprehensiveincomelosscashflowhedgegainlossbeforereclassificationandtax": 40000000,
        "othercomprehensiveincomelosscashflowhedgegainlossreclassificationbeforetax": -1000000,
        "othercomprehensiveincomelosscashflowhedgegainlossafterreclassificationbeforetax": 43000000,
        "othercomprehensiveincomelosscashflowhedgegainlossafterreclassificationtax": 11000000,
        "othercomprehensiveincomelosscashflowhedgegainlossafterreclassificationandtax": 32000000,
        "othercomprehensiveincomelossnetoftax": 32000000,
        "comprehensiveincomenetoftax": 327000000
    },
    {
        "date": "2022-06-29",
        "symbol": "YUM",
        "period": "Q2",
        "revenuefromcontractwithcustomerexcludingassessedtax": 179000000,
        "revenues": 138000000,
        "costofgoodsandservicessold": 415000000,
        "generalandadministrativeexpense": 2000000,
        "franchisorcosts": 4000000,
        "cooperativeadvertisingexpense": 396000000,
        "gainlossondispositionofassets1": 8000000,
        "otheroperatingincomeexpensenet": 20000000,
        "costsandexpenses": 1082000000,
        "operatingincomeloss": -2000000,
        "investmentincomenet": -15000000,
        "otherpensionincomeexpense": 1000000,
        "interestincomeexpensenet": -148000000,
        "incomelossattributabletoparent": 390000000,
        "incometaxexpensebenefit": -64000000,
        "netincomeloss": 224000000,
        "earningspersharebasic": 0.78,
        "earningspersharediluted": 0.77,
        "commonstockdividendspersharedeclared": 0.57,
        "othercomprehensiveincomeforeigncurrencytransactionandtranslationgainlossbeforereclassificationandtax": -21000000,
        "othercomprehensiveincomelossforeigncurrencytransactionandtranslationadjustmentbeforetax": -21000000,
        "othercomprehensiveincomelossforeigncurrencytransactionandtranslationadjustmentnetoftax": -21000000,
        "othercomprehensiveincomelossreclassificationadjustmentfromaocipensionandotherpostretirementbenefitplansbeforetax": -4000000,
        "othercomprehensiveincomelosspensionandotherpostretirementbenefitplansadjustmentbeforetax": 4000000,
        "othercomprehensiveincomelosspensionandotherpostretirementbenefitplanstax": 1000000,
        "othercomprehensiveincomelosspensionandotherpostretirementbenefitplansadjustmentnetoftax": -3000000,
        "othercomprehensiveincomelosscashflowhedgegainlossbeforereclassificationandtax": 12000000,
        "othercomprehensiveincomelosscashflowhedgegainlossreclassificationbeforetax": -6000000,
        "othercomprehensiveincomelosscashflowhedgegainlossafterreclassificationbeforetax": 21000000,
        "othercomprehensiveincomelosscashflowhedgegainlossafterreclassificationtax": 5000000,
        "othercomprehensiveincomelosscashflowhedgegainlossafterreclassificationandtax": 16000000,
        "othercomprehensiveincomelossnetoftax": 16000000,
        "comprehensiveincomenetoftax": 222000000
    },
    {
        "date": "2022-03-30",
        "symbol": "YUM",
        "period": "Q1",
        "revenuefromcontractwithcustomerexcludingassessedtax": 162000000,
        "revenues": 126000000,
        "costofgoodsandservicessold": 402000000,
        "generalandadministrativeexpense": 71000000,
        "franchisorcosts": 32000000,
        "cooperativeadvertisingexpense": 361000000,
        "gainlossondispositionofassets1": 4000000,
        "otheroperatingincomeexpensenet": 6000000,
        "costsandexpenses": 1038000000,
        "operatingincomeloss": -8000000,
        "investmentincomenet": 7000000,
        "interestincomeexpensenet": -118000000,
        "incomelossattributabletoparent": 398000000,
        "incometaxexpensebenefit": -1000000,
        "netincomeloss": 399000000,
        "earningspersharebasic": 1.38,
        "earningspersharediluted": 1.36,
        "commonstockdividendspersharedeclared": 0.57,
        "othercomprehensiveincomeforeigncurrencytransactionandtranslationgainlossbeforereclassificationandtax": -23000000,
        "othercomprehensiveincomelossforeigncurrencytransactionandtranslationadjustmentbeforetax": -23000000,
        "othercomprehensiveincomelossforeigncurrencytransactionandtranslationadjustmentnetoftax": -23000000,
        "othercomprehensiveincomelossreclassificationadjustmentfromaocipensionandotherpostretirementbenefitplansbeforetax": -5000000,
        "othercomprehensiveincomelosspensionandotherpostretirementbenefitplansadjustmentbeforetax": 5000000,
        "othercomprehensiveincomelosspensionandotherpostretirementbenefitplanstax": 1000000,
        "othercomprehensiveincomelosspensionandotherpostretirementbenefitplansadjustmentnetoftax": -4000000,
        "othercomprehensiveincomelosscashflowhedgegainlossbeforereclassificationandtax": 59000000,
        "othercomprehensiveincomelosscashflowhedgegainlossreclassificationbeforetax": -12000000,
        "othercomprehensiveincomelosscashflowhedgegainlossafterreclassificationbeforetax": 69000000,
        "othercomprehensiveincomelosscashflowhedgegainlossafterreclassificationtax": 17000000,
        "othercomprehensiveincomelosscashflowhedgegainlossafterreclassificationandtax": 52000000,
        "othercomprehensiveincomelossnetoftax": 52000000,
        "comprehensiveincomenetoftax": 432000000
    },
    {
        "date": "2021-09-29",
        "symbol": "YUM",
        "period": "Q3",
        "revenuefromcontractwithcustomerexcludingassessedtax": 513000000,
        "revenues": 1606000000,
        "costofgoodsandservicessold": 421000000,
        "generalandadministrativeexpense": 253000000,
        "franchisorcosts": 31000000,
        "cooperativeadvertisingexpense": 375000000,
        "gainlossondispositionofassets1": -1000000,
        "otheroperatingincomeexpensenet": 2000000,
        "costsandexpenses": 1079000000,
        "operatingincomeloss": 527000000,
        "investmentincomenet": 51000000,
        "otherpensionincomeexpense": 1000000,
        "interestincomeexpensenet": -126000000,
        "incomelossattributabletoparent": 451000000,
        "incometaxexpensebenefit": -77000000,
        "netincomeloss": 528000000,
        "earningspersharebasic": 1.78,
        "earningspersharediluted": 1.75,
        "commonstockdividendspersharedeclared": 0.5,
        "othercomprehensiveincomeforeigncurrencytransactionandtranslationgainlossbeforereclassificationandtax": -19000000,
        "othercomprehensiveincomelossforeigncurrencytransactionandtranslationadjustmentbeforetax": -19000000,
        "othercomprehensiveincomelossforeigncurrencytransactionandtranslationadjustmentnetoftax": -19000000,
        "othercomprehensiveincomelosspensionandotherpostretirementbenefitplansnetunamortizedgainlossarisingduringperiodbeforetax": -3000000,
        "othercomprehensiveincomelossreclassificationadjustmentfromaocipensionandotherpostretirementbenefitplansbeforetax": -5000000,
        "othercomprehensiveincomelosspensionandotherpostretirementbenefitplansadjustmentbeforetax": 8000000,
        "othercomprehensiveincomelosspensionandotherpostretirementbenefitplanstax": 2000000,
        "othercomprehensiveincomelosspensionandotherpostretirementbenefitplansadjustmentnetoftax": -6000000,
        "othercomprehensiveincomelosscashflowhedgegainlossbeforereclassificationandtax": 1000000,
        "othercomprehensiveincomelosscashflowhedgegainlossreclassificationbeforetax": -7000000,
        "othercomprehensiveincomelosscashflowhedgegainlossafterreclassificationbeforetax": 8000000,
        "othercomprehensiveincomelosscashflowhedgegainlossafterreclassificationtax": 2000000,
        "othercomprehensiveincomelosscashflowhedgegainlossafterreclassificationandtax": 6000000,
        "othercomprehensiveincomelossnetoftax": -7000000,
        "comprehensiveincomenetoftax": 521000000
    },
    {
        "date": "2021-06-29",
        "symbol": "YUM",
        "period": "Q2",
        "revenuefromcontractwithcustomerexcludingassessedtax": 520000000,
        "revenues": 1602000000,
        "costofgoodsandservicessold": 417000000,
        "generalandadministrativeexpense": 230000000,
        "franchisorcosts": 27000000,
        "cooperativeadvertisingexpense": 372000000,
        "gainlossondispositionofassets1": 7000000,
        "otheroperatingincomeexpensenet": 4000000,
        "costsandexpenses": 1035000000,
        "operatingincomeloss": 567000000,
        "investmentincomenet": 1000000,
        "otherpensionincomeexpense": 2000000,
        "interestincomeexpensenet": -159000000,
        "incomelossattributabletoparent": 407000000,
        "incometaxexpensebenefit": 16000000,
        "netincomeloss": 391000000,
        "earningspersharebasic": 1.31,
        "earningspersharediluted": 1.29,
        "commonstockdividendspersharedeclared": 0.5,
        "othercomprehensiveincomeforeigncurrencytransactionandtranslationgainlossbeforereclassificationandtax": 14000000,
        "othercomprehensiveincomelossforeigncurrencytransactionandtranslationadjustmentbeforetax": 14000000,
        "othercomprehensiveincomelossforeigncurrencytransactionandtranslationadjustmentnetoftax": 14000000,
        "othercomprehensiveincomelosspensionandotherpostretirementbenefitplansnetunamortizedgainlossarisingduringperiodbeforetax": 11000000,
        "othercomprehensiveincomelossreclassificationadjustmentfromaocipensionandotherpostretirementbenefitplansbeforetax": 4000000,
        "othercomprehensiveincomelosspensionandotherpostretirementbenefitplansadjustmentbeforetax": 15000000,
        "othercomprehensiveincomelosspensionandotherpostretirementbenefitplanstax": -4000000,
        "othercomprehensiveincomelosspensionandotherpostretirementbenefitplansadjustmentnetoftax": 11000000,
        "othercomprehensiveincomeunrealizedgainlossonderivativesarisingduringperiodbeforetax": -8000000,
        "derivativeinstrumentsgainlossreclassifiedfromaccumulatedociintoincomeeffectiveportionnet": 4000000,
        "othercomprehensiveincomederivativesqualifyingashedgesbeforetaxportionattributabletoparent": -4000000,
        "othercomprehensiveincomelossderivativesqualifyingashedgestax": -1000000,
        "othercomprehensiveincomeunrealizedgainlossonderivativesarisingduringperiodnetoftax": -3000000,
        "othercomprehensiveincomelossnetoftax": 22000000,
        "comprehensiveincomenetoftax": 413000000
    },
    {
        "date": "2021-03-30",
        "symbol": "YUM",
        "period": "Q1",
        "revenuefromcontractwithcustomerexcludingassessedtax": 476000000,
        "revenues": 1486000000,
        "costofgoodsandservicessold": 392000000,
        "generalandadministrativeexpense": 206000000,
        "franchisorcosts": 23000000,
        "cooperativeadvertisingexpense": 343000000,
        "gainlossondispositionofassets1": 15000000,
        "otheroperatingincomeexpensenet": 6000000,
        "costsandexpenses": 943000000,
        "operatingincomeloss": 543000000,
        "otherpensionincomeexpense": 3000000,
        "interestincomeexpensenet": -131000000,
        "incomelossattributabletoparent": 409000000,
        "incometaxexpensebenefit": 83000000,
        "netincomeloss": 326000000,
        "earningspersharebasic": 1.09,
        "earningspersharediluted": 1.07,
        "commonstockdividendspersharedeclared": 0.5,
        "othercomprehensiveincomeforeigncurrencytransactionandtranslationgainlossbeforereclassificationandtax": 3000000,
        "othercomprehensiveincomelossforeigncurrencytransactionandtranslationadjustmentbeforetax": 3000000,
        "othercomprehensiveincomelossforeigncurrencytransactionandtranslationadjustmentnetoftax": 3000000,
        "othercomprehensiveincomelosspensionandotherpostretirementbenefitplansnetunamortizedgainlossarisingduringperiodbeforetax": 47000000,
        "othercomprehensiveincomelossreclassificationadjustmentfromaocipensionandotherpostretirementbenefitplansbeforetax": 7000000,
        "othercomprehensiveincomelosspensionandotherpostretirementbenefitplansadjustmentbeforetax": 54000000,
        "othercomprehensiveincomelosspensionandotherpostretirementbenefitplanstax": -13000000,
        "othercomprehensiveincomelosspensionandotherpostretirementbenefitplansadjustmentnetoftax": 41000000,
        "othercomprehensiveincomeunrealizedgainlossonderivativesarisingduringperiodbeforetax": 24000000,
        "derivativeinstrumentsgainlossreclassifiedfromaccumulatedociintoincomeeffectiveportionnet": 4000000,
        "othercomprehensiveincomederivativesqualifyingashedgesbeforetaxportionattributabletoparent": 28000000,
        "othercomprehensiveincomelossderivativesqualifyingashedgestax": 7000000,
        "othercomprehensiveincomeunrealizedgainlossonderivativesarisingduringperiodnetoftax": 21000000,
        "othercomprehensiveincomelossnetoftax": 65000000,
        "comprehensiveincomenetoftax": 391000000
    },
    {
        "date": "2020-09-29",
        "symbol": "YUM",
        "period": "Q3",
        "othercomprehensiveincomederivativesqualifyingashedgesbeforetaxportionattributabletoparent": -2000000,
        "netincomeloss": 283000000,
        "othercomprehensiveincomeforeigncurrencytransactionandtranslationgainlossbeforereclassificationandtax": 35000000,
        "othercomprehensiveincomelossforeigncurrencytransactionandtranslationadjustmentbeforetax": 35000000,
        "othercomprehensiveincomelossforeigncurrencytransactionandtranslationadjustmentnetoftax": 35000000,
        "othercomprehensiveincomelossreclassificationadjustmentfromaocipensionandotherpostretirementbenefitplansbeforetax": 4000000,
        "othercomprehensiveincomelosspensionandotherpostretirementbenefitplansadjustmentbeforetax": -4000000,
        "othercomprehensiveincomelosspensionandotherpostretirementbenefitplanstax": -2000000,
        "othercomprehensiveincomelosspensionandotherpostretirementbenefitplansadjustmentnetoftax": -2000000,
        "othercomprehensiveincomeunrealizedgainlossonderivativesarisingduringperiodbeforetax": -8000000,
        "derivativeinstrumentsgainlossreclassifiedfromaccumulatedociintoincomeeffectiveportionnet": 6000000,
        "othercomprehensiveincomelossderivativesqualifyingashedgestax": -1000000,
        "othercomprehensiveincomeunrealizedgainlossonderivativesarisingduringperiodnetoftax": -1000000,
        "othercomprehensiveincomelossnetoftax": 36000000,
        "comprehensiveincomenetoftax": 319000000
    },
    {
        "date": "2020-06-29",
        "symbol": "YUM",
        "period": "Q2",
        "othercomprehensiveincomederivativesqualifyingashedgesbeforetaxportionattributabletoparent": -15000000,
        "netincomeloss": 206000000,
        "othercomprehensiveincomeforeigncurrencytransactionandtranslationgainlossbeforereclassificationandtax": 68000000,
        "othercomprehensiveincomelossforeigncurrencytransactionandtranslationadjustmentbeforetax": 68000000,
        "othercomprehensiveincomelossforeigncurrencytransactionandtranslationadjustmentnetoftax": 68000000,
        "othercomprehensiveincomelossreclassificationadjustmentfromaocipensionandotherpostretirementbenefitplansbeforetax": 5000000,
        "othercomprehensiveincomelosspensionandotherpostretirementbenefitplansadjustmentbeforetax": -5000000,
        "othercomprehensiveincomelosspensionandotherpostretirementbenefitplanstax": -1000000,
        "othercomprehensiveincomelosspensionandotherpostretirementbenefitplansadjustmentnetoftax": -4000000,
        "othercomprehensiveincomeunrealizedgainlossonderivativesarisingduringperiodbeforetax": -19000000,
        "derivativeinstrumentsgainlossreclassifiedfromaccumulatedociintoincomeeffectiveportionnet": 4000000,
        "othercomprehensiveincomelossderivativesqualifyingashedgestax": -4000000,
        "othercomprehensiveincomeunrealizedgainlossonderivativesarisingduringperiodnetoftax": -11000000,
        "othercomprehensiveincomelossnetoftax": 61000000,
        "comprehensiveincomenetoftax": 267000000,
        "revenuefromcontractwithcustomerexcludingassessedtax": 403000000,
        "revenues": 1198000000,
        "costofgoodsandservicessold": 349000000,
        "franchisorcosts": 36000000,
        "generalandadministrativeexpense": 259000000,
        "cooperativeadvertisingexpense": 264000000,
        "gainlossondispositionofassets1": 8000000,
        "otheroperatingincomeexpensenet": 2000000,
        "costsandexpenses": 898000000,
        "operatingincomeloss": 300000000,
        "investmentincomenet": 91000000,
        "otherpensionincomeexpense": 2000000,
        "interestincomeexpensenet": -132000000,
        "incomelossattributabletoparent": 257000000,
        "incomelossfromcontinuingoperationsbeforeincometaxesextraordinaryitemsnoncontrollinginterest": 257000000,
        "incometaxexpensebenefit": 51000000,
        "earningspersharebasic": 0.68,
        "earningspersharediluted": 0.67,
        "commonstockdividendspersharedeclared": 0.47
    },
    {
        "date": "2019-12-30",
        "symbol": "YUM",
        "period": "Q4",
        "netincomeloss": 488000000,
        "othercomprehensiveincomeforeigncurrencytransactionandtranslationgainlossbeforereclassificationandtax": 65000000,
        "othercomprehensiveincomelossforeigncurrencytransactionandtranslationadjustmentbeforetax": 65000000,
        "othercomprehensiveincomelossforeigncurrencytransactionandtranslationadjustmentnetoftax": 56000000,
        "othercomprehensiveincomelossreclassificationadjustmentfromaocipensionandotherpostretirementbenefitplansbeforetax": 2000000,
        "othercomprehensiveincomelosspensionandotherpostretirementbenefitplansadjustmentbeforetax": 37000000,
        "othercomprehensiveincomelosspensionandotherpostretirementbenefitplansadjustmentnetoftax": 28000000,
        "othercomprehensiveincomeunrealizedgainlossonderivativesarisingduringperiodbeforetax": 41000000,
        "othercomprehensiveincomelossnetoftax": 7000000,
        "comprehensiveincomenetoftax": 528000000,
        "revenuefromcontractwithcustomerexcludingassessedtax": 286000000,
        "revenues": 885000000,
        "costofgoodsandservicessold": 385000000,
        "generalandadministrativeexpense": 132000000,
        "franchisorcosts": 14000000,
        "cooperativeadvertisingexpense": 427000000,
        "operatingincomeloss": 251000000,
        "investmentincomenet": -17000000,
        "interestincomeexpensenet": -132000000,
        "incometaxexpensebenefit": -91000000,
        "earningspersharebasic": 1.6100000000000003,
        "earningspersharediluted": 1.5799999999999996,
        "commonstockdividendspersharedeclared": 0.4200000000000001
    },
    {
        "date": "2019-09-29",
        "symbol": "YUM",
        "period": "Q3",
        "othercomprehensiveincomederivativesqualifyingashedgesbeforetaxportionattributabletoparent": -17000000,
        "netincomeloss": 255000000,
        "othercomprehensiveincomeforeigncurrencytransactionandtranslationgainlossbeforereclassificationandtax": -42000000,
        "othercomprehensiveincomelossforeigncurrencytransactionandtranslationadjustmentbeforetax": -42000000,
        "othercomprehensiveincomelossforeigncurrencytranslationadjustmenttax": -5000000,
        "othercomprehensiveincomelossforeigncurrencytransactionandtranslationadjustmentnetoftax": -37000000,
        "othercomprehensiveincomelossreclassificationadjustmentfromaocipensionandotherpostretirementbenefitplansbeforetax": 3000000,
        "othercomprehensiveincomelosspensionandotherpostretirementbenefitplansadjustmentbeforetax": -3000000,
        "othercomprehensiveincomelosspensionandotherpostretirementbenefitplanstax": -1000000,
        "othercomprehensiveincomelosspensionandotherpostretirementbenefitplansadjustmentnetoftax": -2000000,
        "othercomprehensiveincomeunrealizedgainlossonderivativesarisingduringperiodbeforetax": -5000000,
        "derivativeinstrumentsgainlossreclassifiedfromaccumulatedociintoincomeeffectiveportionnet": -12000000,
        "othercomprehensiveincomelossderivativesqualifyingashedgestax": -4000000,
        "othercomprehensiveincomeunrealizedgainlossonderivativesarisingduringperiodnetoftax": -13000000,
        "othercomprehensiveincomelossnetoftax": -48000000,
        "comprehensiveincomenetoftax": 207000000,
        "revenuefromcontractwithcustomerexcludingassessedtax": 364000000,
        "revenues": 1339000000,
        "costofgoodsandservicessold": 292000000,
        "franchisorcosts": 43000000,
        "generalandadministrativeexpense": 208000000,
        "cooperativeadvertisingexpense": 325000000,
        "gainlossondispositionofassets1": 8000000,
        "otheroperatingincomeexpensenet": 1000000,
        "costsandexpenses": 859000000,
        "operatingincomeloss": 480000000,
        "investmentincomenet": -59000000,
        "otherpensionincomeexpense": 1000000,
        "interestincomeexpensenet": -120000000,
        "incomelossattributabletoparent": 300000000,
        "incomelossfromcontinuingoperationsbeforeincometaxesextraordinaryitemsnoncontrollinginterest": 300000000,
        "incometaxexpensebenefit": 45000000,
        "earningspersharebasic": 0.83,
        "earningspersharediluted": 0.81,
        "commonstockdividendspersharedeclared": 0.42
    },
    {
        "date": "2019-06-29",
        "symbol": "YUM",
        "period": "Q2",
        "othercomprehensiveincomederivativesqualifyingashedgesbeforetaxportionattributabletoparent": -43000000,
        "netincomeloss": 289000000,
        "othercomprehensiveincomeforeigncurrencytransactionandtranslationgainlossbeforereclassificationandtax": -29000000,
        "othercomprehensiveincomelossforeigncurrencytransactionandtranslationadjustmentbeforetax": -29000000,
        "othercomprehensiveincomelossforeigncurrencytransactionandtranslationadjustmentnetoftax": -25000000,
        "othercomprehensiveincomelossreclassificationadjustmentfromaocipensionandotherpostretirementbenefitplansbeforetax": 1000000,
        "othercomprehensiveincomelosspensionandotherpostretirementbenefitplansadjustmentbeforetax": -1000000,
        "othercomprehensiveincomelosspensionandotherpostretirementbenefitplanstax": 0,
        "othercomprehensiveincomelosspensionandotherpostretirementbenefitplansadjustmentnetoftax": -1000000,
        "othercomprehensiveincomeunrealizedgainlossonderivativesarisingduringperiodbeforetax": -71000000,
        "derivativeinstrumentsgainlossreclassifiedfromaccumulatedociintoincomeeffectiveportionnet": -4000000,
        "othercomprehensiveincomelossderivativesqualifyingashedgestax": -11000000,
        "othercomprehensiveincomeunrealizedgainlossonderivativesarisingduringperiodnetoftax": -32000000,
        "othercomprehensiveincomelossnetoftax": -23000000,
        "comprehensiveincomenetoftax": 233000000,
        "revenuefromcontractwithcustomerexcludingassessedtax": 563000000,
        "revenues": 2119000000,
        "costofgoodsandservicessold": 286000000,
        "franchisorcosts": 80000000,
        "generalandadministrativeexpense": 366000000,
        "cooperativeadvertisingexpense": 315000000,
        "gainlossondispositionofassets1": 4000000,
        "costsandexpenses": 839000000,
        "operatingincomeloss": 766000000,
        "investmentincomenet": 25000000,
        "otherpensionincomeexpense": 0,
        "interestincomeexpensenet": -119000000,
        "incomelossattributabletoparent": 377000000,
        "incomelossfromcontinuingoperationsbeforeincometaxesextraordinaryitemsnoncontrollinginterest": 377000000,
        "incometaxexpensebenefit": 88000000,
        "earningspersharebasic": 0.9400000000000001,
        "earningspersharediluted": 0.92,
        "commonstockdividendspersharedeclared": 0.42
    },
    {
        "date": "2019-03-30",
        "symbol": "YUM",
        "period": "Q1",
        "othercomprehensiveincomederivativesqualifyingashedgesbeforetaxportionattributabletoparent": -31000000,
        "netincomeloss": 262000000,
        "othercomprehensiveincomeforeigncurrencytransactionandtranslationgainlossbeforereclassificationandtax": 34000000,
        "othercomprehensiveincomelossforeigncurrencytransactionandtranslationadjustmentbeforetax": 34000000,
        "othercomprehensiveincomelossforeigncurrencytranslationadjustmenttax": 4000000,
        "othercomprehensiveincomelossforeigncurrencytransactionandtranslationadjustmentnetoftax": 30000000,
        "othercomprehensiveincomelossreclassificationadjustmentfromaocipensionandotherpostretirementbenefitplansbeforetax": 4000000,
        "othercomprehensiveincomelosspensionandotherpostretirementbenefitplansadjustmentbeforetax": -4000000,
        "othercomprehensiveincomelosspensionandotherpostretirementbenefitplanstax": -1000000,
        "othercomprehensiveincomelosspensionandotherpostretirementbenefitplansadjustmentnetoftax": -3000000,
        "othercomprehensiveincomeunrealizedgainlossonderivativesarisingduringperiodbeforetax": -16000000,
        "derivativeinstrumentsgainlossreclassifiedfromaccumulatedociintoincomeeffectiveportionnet": -15000000,
        "othercomprehensiveincomelossderivativesqualifyingashedgestax": -8000000,
        "othercomprehensiveincomeunrealizedgainlossonderivativesarisingduringperiodnetoftax": -23000000,
        "othercomprehensiveincomelossnetoftax": 10000000,
        "comprehensiveincomenetoftax": 272000000,
        "revenuefromcontractwithcustomerexcludingassessedtax": 333000000,
        "revenues": 1254000000,
        "costofgoodsandservicessold": 272000000,
        "franchisorcosts": 43000000,
        "generalandadministrativeexpense": 211000000,
        "cooperativeadvertisingexpense": 301000000,
        "gainlossondispositionofassets1": 6000000,
        "costsandexpenses": 821000000,
        "operatingincomeloss": 433000000,
        "investmentincomenet": -16000000,
        "otherpensionincomeexpense": 3000000,
        "interestincomeexpensenet": -115000000,
        "incomelossattributabletoparent": 299000000,
        "incomelossfromcontinuingoperationsbeforeincometaxesextraordinaryitemsnoncontrollinginterest": 299000000,
        "incometaxexpensebenefit": 37000000,
        "earningspersharebasic": 0.85,
        "earningspersharediluted": 0.83,
        "commonstockdividendspersharedeclared": 0.42
    },
    {
        "date": "2018-12-30",
        "symbol": "YUM",
        "period": "Q4",
        "netincomeloss": 337000000,
        "othercomprehensiveincomeforeigncurrencytransactionandtranslationgainlossbeforereclassificationandtax": -17000000,
        "othercomprehensiveincomelossforeigncurrencytransactionandtranslationadjustmentbeforetax": -17000000,
        "othercomprehensiveincomelossforeigncurrencytranslationadjustmenttax": -1000000,
        "othercomprehensiveincomelossforeigncurrencytransactionandtranslationadjustmentnetoftax": -16000000,
        "othercomprehensiveincomelossreclassificationadjustmentfromaocipensionandotherpostretirementbenefitplansbeforetax": 6000000,
        "othercomprehensiveincomelosspensionandotherpostretirementbenefitplansadjustmentbeforetax": -37000000,
        "othercomprehensiveincomelosspensionandotherpostretirementbenefitplanstax": -9000000,
        "othercomprehensiveincomelosspensionandotherpostretirementbenefitplansadjustmentnetoftax": -28000000,
        "othercomprehensiveincomeunrealizedgainlossonderivativesarisingduringperiodbeforetax": -35000000,
        "othercomprehensiveincomelossnetoftax": -19000000,
        "comprehensiveincomenetoftax": 317000000,
        "revenues": 1828000000,
        "generalandadministrativeexpense": 439000000,
        "cooperativeadvertisingexpense": 918000000,
        "gainlossondispositionofassets1": 255000000,
        "operatingincomeloss": 1162000000,
        "investmentincomenet": -176000000,
        "otherpensionincomeexpense": 4000000,
        "interestincomeexpensenet": -122000000,
        "incometaxexpensebenefit": 165000000,
        "earningspersharebasic": 1.0899999999999999,
        "earningspersharediluted": 1.0600000000000003,
        "commonstockdividendspersharedeclared": 0.3600000000000001
    },
    {
        "date": "2018-09-29",
        "symbol": "YUM",
        "period": "Q3",
        "othercomprehensiveincomederivativesqualifyingashedgesbeforetaxportionattributabletoparent": 8000000,
        "netincomeloss": 454000000,
        "othercomprehensiveincomeforeigncurrencytransactionandtranslationgainlossbeforereclassificationandtax": -47000000,
        "othercomprehensiveincomelossforeigncurrencytransactionandtranslationreclassificationadjustmentfromaocirealizeduponsaleorliquidationnetoftax": 4000000,
        "othercomprehensiveincomelossforeigncurrencytransactionandtranslationadjustmentbeforetax": -51000000,
        "othercomprehensiveincomelossforeigncurrencytranslationadjustmenttax": -5000000,
        "othercomprehensiveincomelossforeigncurrencytransactionandtranslationadjustmentnetoftax": -46000000,
        "othercomprehensiveincomelosspensionandotherpostretirementbenefitplansnetunamortizedgainlossarisingduringperiodbeforetax": 1000000,
        "othercomprehensiveincomelossreclassificationadjustmentfromaocipensionandotherpostretirementbenefitplansbeforetax": 5000000,
        "othercomprehensiveincomelosspensionandotherpostretirementbenefitplansadjustmentbeforetax": -6000000,
        "othercomprehensiveincomelosspensionandotherpostretirementbenefitplanstax": -1000000,
        "othercomprehensiveincomelosspensionandotherpostretirementbenefitplansadjustmentnetoftax": -5000000,
        "othercomprehensiveincomeunrealizedgainlossonderivativesarisingduringperiodbeforetax": 16000000,
        "derivativeinstrumentsgainlossreclassifiedfromaccumulatedociintoincomeeffectiveportionnet": -8000000,
        "othercomprehensiveincomelossderivativesqualifyingashedgestax": 2000000,
        "othercomprehensiveincomeunrealizedgainlossonderivativesarisingduringperiodnetoftax": 6000000,
        "othercomprehensiveincomelossnetoftax": -35000000,
        "comprehensiveincomenetoftax": 419000000,
        "revenuefromcontractwithcustomerexcludingassessedtax": 499000000,
        "revenues": 1391000000,
        "costofgoodsandservicessold": 399000000,
        "franchisorcosts": 40000000,
        "generalandadministrativeexpense": 204000000,
        "cooperativeadvertisingexpense": 288000000,
        "gainlossondispositionofassets1": 100000000,
        "otheroperatingincomeexpensenet": -7000000,
        "costsandexpenses": 838000000,
        "operatingincomeloss": 553000000,
        "investmentincomenet": 96000000,
        "otherpensionincomeexpense": 4000000,
        "interestincomeexpensenet": -111000000,
        "incomelossattributabletoparent": 534000000,
        "incomelossfromcontinuingoperationsbeforeincometaxesextraordinaryitemsnoncontrollinginterest": 534000000,
        "incometaxexpensebenefit": 80000000,
        "earningspersharebasic": 1.43,
        "earningspersharediluted": 1.4,
        "commonstockdividendspersharedeclared": 0.36
    },
    {
        "date": "2018-06-29",
        "symbol": "YUM",
        "period": "Q2",
        "othercomprehensiveincomederivativesqualifyingashedgesbeforetaxportionattributabletoparent": -1000000,
        "netincomeloss": 321000000,
        "othercomprehensiveincomeforeigncurrencytransactionandtranslationgainlossbeforereclassificationandtax": -76000000,
        "othercomprehensiveincomelossforeigncurrencytransactionandtranslationadjustmentbeforetax": -76000000,
        "othercomprehensiveincomelossforeigncurrencytranslationadjustmenttax": -6000000,
        "othercomprehensiveincomelossforeigncurrencytransactionandtranslationadjustmentnetoftax": -70000000,
        "othercomprehensiveincomelossreclassificationadjustmentfromaocipensionandotherpostretirementbenefitplansbeforetax": 5000000,
        "othercomprehensiveincomelosspensionandotherpostretirementbenefitplansadjustmentbeforetax": -5000000,
        "othercomprehensiveincomelosspensionandotherpostretirementbenefitplanstax": -2000000,
        "othercomprehensiveincomelosspensionandotherpostretirementbenefitplansadjustmentnetoftax": -3000000,
        "othercomprehensiveincomeunrealizedgainlossonderivativesarisingduringperiodbeforetax": 25000000,
        "derivativeinstrumentsgainlossreclassifiedfromaccumulatedociintoincomeeffectiveportionnet": -26000000,
        "othercomprehensiveincomelossderivativesqualifyingashedgestax": -1000000,
        "othercomprehensiveincomelossnetoftax": -67000000,
        "comprehensiveincomenetoftax": 254000000,
        "revenuefromcontractwithcustomerexcludingassessedtax": 512000000,
        "revenues": 1368000000,
        "costofgoodsandservicessold": 421000000,
        "franchisorcosts": 40000000,
        "generalandadministrativeexpense": 208000000,
        "cooperativeadvertisingexpense": 274000000,
        "gainlossondispositionofassets1": 29000000,
        "otheroperatingincomeexpensenet": -5000000,
        "costsandexpenses": 919000000,
        "operatingincomeloss": 449000000,
        "investmentincomenet": 23000000,
        "otherpensionincomeexpense": 3000000,
        "interestincomeexpensenet": -112000000,
        "incomelossattributabletoparent": 357000000,
        "incomelossfromcontinuingoperationsbeforeincometaxesextraordinaryitemsnoncontrollinginterest": 357000000,
        "incometaxexpensebenefit": 36000000,
        "earningspersharebasic": 0.99,
        "earningspersharediluted": 0.97,
        "commonstockdividendspersharedeclared": 0.36
    },
    {
        "date": "2018-03-30",
        "symbol": "YUM",
        "period": "Q1",
        "netincomeloss": 430000000,
        "othercomprehensiveincomeforeigncurrencytransactionandtranslationgainlossbeforereclassificationandtax": 46000000,
        "othercomprehensiveincomelossforeigncurrencytransactionandtranslationadjustmentbeforetax": 46000000,
        "othercomprehensiveincomelossforeigncurrencytranslationadjustmenttax": 6000000,
        "othercomprehensiveincomelossforeigncurrencytransactionandtranslationadjustmentnetoftax": 40000000,
        "othercomprehensiveincomelossreclassificationadjustmentfromaocipensionandotherpostretirementbenefitplansbeforetax": 6000000,
        "othercomprehensiveincomelosspensionandotherpostretirementbenefitplansadjustmentbeforetax": -6000000,
        "othercomprehensiveincomelosspensionandotherpostretirementbenefitplanstax": -1000000,
        "othercomprehensiveincomelosspensionandotherpostretirementbenefitplansadjustmentnetoftax": -5000000,
        "derivativeinstrumentsgainlossrecognizedinothercomprehensiveincomeeffectiveportionnet": -16000000,
        "derivativeinstrumentsgainlossreclassifiedfromaccumulatedociintoincomeeffectiveportionnet": 12000000,
        "othercomprehensiveincomeunrealizedgainlossonderivativesarisingduringperiodbeforetax": 13000000,
        "othercomprehensiveincomelossderivativesqualifyingashedgestax": 4000000,
        "othercomprehensiveincomeunrealizedgainlossonderivativesarisingduringperiodnetoftax": 9000000,
        "othercomprehensiveincomelossnetoftax": 56000000,
        "comprehensiveincomenetoftax": 487000000,
        "salesrevenuegoodsnet": 512000000,
        "franchiserevenue": 589000000,
        "advertisingrevenue": -275000000,
        "revenues": 1101000000,
        "costofgoodssold": 438000000,
        "generalandadministrativeexpense": 44000000,
        "franchisecosts": 1000000,
        "cooperativeadvertisingexpense": -272000000,
        "gainlossondispositionofassets1": 156000000,
        "otheroperatingincomeexpensenet": 2000000,
        "costsandexpenses": 552000000,
        "operatingincomeloss": 132000000,
        "investmentincomenet": 66000000,
        "otherpensionincomeexpense": 3000000,
        "interestincomeexpensenet": -107000000,
        "incomelossattributabletoparent": 509000000,
        "incometaxexpensebenefit": 16000000,
        "earningspersharebasic": 1.29,
        "earningspersharediluted": 1.26,
        "commonstockdividendspersharedeclared": 0.36
    },
    {
        "date": "2017-09-29",
        "symbol": "YUM",
        "period": "Q3",
        "netincomeloss": 418000000,
        "othercomprehensiveincomeforeigncurrencytransactionandtranslationgainlossbeforereclassificationandtax": 38000000,
        "othercomprehensiveincomelossforeigncurrencytransactionandtranslationadjustmentbeforetax": 80000000,
        "othercomprehensiveincomelossforeigncurrencytranslationadjustmenttax": 1000000,
        "othercomprehensiveincomelossforeigncurrencytransactionandtranslationadjustmentnetoftax": 79000000,
        "othercomprehensiveincomelosspensionandotherpostretirementbenefitplansnetunamortizedgainlossarisingduringperiodbeforetax": 8000000,
        "othercomprehensiveincomelossreclassificationadjustmentfromaocipensionandotherpostretirementbenefitplansbeforetax": 10000000,
        "othercomprehensiveincomelosspensionandotherpostretirementbenefitplansadjustmentbeforetax": -18000000,
        "othercomprehensiveincomelosspensionandotherpostretirementbenefitplanstax": -7000000,
        "othercomprehensiveincomelosspensionandotherpostretirementbenefitplansadjustmentnetoftax": -11000000,
        "derivativeinstrumentsgainlossrecognizedinothercomprehensiveincomeeffectiveportionnet": -18000000,
        "derivativeinstrumentsgainlossreclassifiedfromaccumulatedociintoincomeeffectiveportionnet": 17000000,
        "othercomprehensiveincomeunrealizedgainlossonderivativesarisingduringperiodbeforetax": -2000000,
        "othercomprehensiveincomelossderivativesqualifyingashedgestax": 0,
        "othercomprehensiveincomeunrealizedgainlossonderivativesarisingduringperiodnetoftax": -2000000,
        "othercomprehensiveincomelossnetoftax": 88000000,
        "comprehensiveincomenetoftax": 506000000,
        "salesrevenuegoodsnet": 871000000,
        "franchiserevenue": 565000000,
        "revenues": 1436000000,
        "costofgoodssolddirectmaterials": 275000000,
        "costofgoodssolddirectlabor": 224000000,
        "costofgoodssoldoverhead": 218000000,
        "costofgoodssold": 717000000,
        "generalandadministrativeexpense": 215000000,
        "franchisecosts": 104000000,
        "closuresandimpairmentexpenses": 1000000,
        "gainlossondispositionofassets1": 198000000,
        "costsandexpenses": 793000000,
        "operatingincomeloss": 643000000,
        "interestincomeexpensenet": -214000000,
        "incomelossfromcontinuingoperationsbeforeincometaxesextraordinaryitemsnoncontrollinginterest": 524000000,
        "incometaxexpensebenefit": 106000000,
        "incomelossfromcontinuingoperations": 418000000,
        "earningspersharebasic": 1.2100000000000002,
        "earningspersharediluted": 1.17,
        "commonstockdividendspersharedeclared": 0
    },
    {
        "date": "2017-06-29",
        "symbol": "YUM",
        "period": "Q2",
        "netincomeloss": 206000000,
        "othercomprehensiveincomeforeigncurrencytransactionandtranslationgainlossbeforereclassificationandtax": 7000000,
        "othercomprehensiveincomelossforeigncurrencytransactionandtranslationreclassificationadjustmentfromaocirealizeduponsaleorliquidationnetoftax": 5000000,
        "othercomprehensiveincomelossforeigncurrencytransactionandtranslationadjustmentbeforetax": 2000000,
        "othercomprehensiveincomelossforeigncurrencytranslationadjustmenttax": 3000000,
        "othercomprehensiveincomelossforeigncurrencytransactionandtranslationadjustmentnetoftax": -1000000,
        "othercomprehensiveincomelosspensionandotherpostretirementbenefitplansnetunamortizedgainlossarisingduringperiodbeforetax": -18000000,
        "othercomprehensiveincomelossreclassificationadjustmentfromaocipensionandotherpostretirementbenefitplansbeforetax": 6000000,
        "othercomprehensiveincomelosspensionandotherpostretirementbenefitplansadjustmentbeforetax": 12000000,
        "othercomprehensiveincomelosspensionandotherpostretirementbenefitplanstax": 4000000,
        "othercomprehensiveincomelosspensionandotherpostretirementbenefitplansadjustmentnetoftax": 8000000,
        "derivativeinstrumentsgainlossrecognizedinothercomprehensiveincomeeffectiveportionnet": -37000000,
        "derivativeinstrumentsgainlossreclassifiedfromaccumulatedociintoincomeeffectiveportionnet": 30000000,
        "othercomprehensiveincomeunrealizedgainlossonderivativesarisingduringperiodbeforetax": -7000000,
        "othercomprehensiveincomelossderivativesqualifyingashedgestax": -3000000,
        "othercomprehensiveincomeunrealizedgainlossonderivativesarisingduringperiodnetoftax": -4000000,
        "othercomprehensiveincomelossnetoftax": -13000000,
        "comprehensiveincomenetoftax": 193000000,
        "salesrevenuegoodsnet": 909000000,
        "franchiserevenue": 539000000,
        "revenues": 1448000000,
        "costofgoodssolddirectmaterials": 280000000,
        "costofgoodssolddirectlabor": 239000000,
        "costofgoodssoldoverhead": 229000000,
        "costofgoodssold": 748000000,
        "generalandadministrativeexpense": 247000000,
        "franchisecosts": 54000000,
        "closuresandimpairmentexpenses": 1000000,
        "gainlossondispositionofassets1": 19000000,
        "otheroperatingincomeexpensenet": 2000000,
        "costsandexpenses": 1029000000,
        "operatingincomeloss": 419000000,
        "otherpensionincomeexpense": 4000000,
        "interestincomeexpensenet": -104000000,
        "incomelossfromcontinuingoperationsbeforeincometaxesextraordinaryitemsnoncontrollinginterest": 311000000,
        "incometaxexpensebenefit": 105000000,
        "incomelossfromcontinuingoperations": 206000000,
        "earningspersharebasic": 0.59,
        "earningspersharediluted": 0.58,
        "commonstockdividendspersharedeclared": 0.3
    },
    {
        "date": "2017-03-30",
        "symbol": "YUM",
        "period": "Q1",
        "netincomeloss": 280000000,
        "othercomprehensiveincomeforeigncurrencytransactionandtranslationgainlossbeforereclassificationandtax": 50000000,
        "othercomprehensiveincomelossforeigncurrencytransactionandtranslationadjustmentbeforetax": 50000000,
        "othercomprehensiveincomelossforeigncurrencytranslationadjustmenttax": 1000000,
        "othercomprehensiveincomelossforeigncurrencytransactionandtranslationadjustmentnetoftax": 49000000,
        "othercomprehensiveincomelosspensionandotherpostretirementbenefitplansnetunamortizedgainlossarisingduringperiodbeforetax": 5000000,
        "othercomprehensiveincomelossreclassificationadjustmentfromaocipensionandotherpostretirementbenefitplansbeforetax": 30000000,
        "othercomprehensiveincomelosspensionandotherpostretirementbenefitplansadjustmentbeforetax": -35000000,
        "othercomprehensiveincomelosspensionandotherpostretirementbenefitplanstax": -12000000,
        "othercomprehensiveincomelosspensionandotherpostretirementbenefitplansadjustmentnetoftax": -23000000,
        "derivativeinstrumentsgainlossrecognizedinothercomprehensiveincomeeffectiveportionnet": -2000000,
        "derivativeinstrumentsgainlossreclassifiedfromaccumulatedociintoincomeeffectiveportionnet": 5000000,
        "othercomprehensiveincomeunrealizedgainlossonderivativesarisingduringperiodbeforetax": 4000000,
        "othercomprehensiveincomelossderivativesqualifyingashedgestax": 1000000,
        "othercomprehensiveincomeunrealizedgainlossonderivativesarisingduringperiodnetoftax": 3000000,
        "othercomprehensiveincomelossnetoftax": 75000000,
        "comprehensiveincomenetoftax": 355000000,
        "salesrevenuegoodsnet": 902000000,
        "franchiserevenue": 515000000,
        "revenues": 1417000000,
        "costofgoodssolddirectmaterials": 276000000,
        "costofgoodssolddirectlabor": 244000000,
        "costofgoodssoldoverhead": 238000000,
        "costofgoodssold": 758000000,
        "generalandadministrativeexpense": 237000000,
        "franchisecosts": 3000000,
        "closuresandimpairmentexpenses": 1000000,
        "gainlossondispositionofassets1": 114000000,
        "otheroperatingincomeexpensenet": -2000000,
        "costsandexpenses": 933000000,
        "operatingincomeloss": 484000000,
        "interestincomeexpensenet": -4000000,
        "incomelossfromcontinuingoperationsbeforeincometaxesextraordinaryitemsnoncontrollinginterest": 347000000,
        "incometaxexpensebenefit": 67000000,
        "earningspersharebasic": 0.78,
        "earningspersharediluted": 0.77,
        "commonstockdividendspersharedeclared": 0.3,
        "otherpensionexpense": -28000000,
        "incomelossfromcontinuingoperations": 280000000
    },
    {
        "date": "2016-09-02",
        "symbol": "YUM",
        "period": "Q3",
        "profitloss": 632000000,
        "othercomprehensiveincomeforeigncurrencytransactionandtranslationgainlossbeforereclassificationandtax": -61000000,
        "othercomprehensiveincomelossforeigncurrencytransactionandtranslationadjustmentbeforetax": -61000000,
        "othercomprehensiveincomelossforeigncurrencytranslationadjustmenttax": 0,
        "othercomprehensiveincomelossforeigncurrencytransactionandtranslationadjustmentnetoftax": -61000000,
        "othercomprehensiveincomelossreclassificationadjustmentfromaocipensionandotherpostretirementbenefitplansbeforetax": 2000000,
        "othercomprehensiveincomelosspensionandotherpostretirementbenefitplansadjustmentbeforetax": -2000000,
        "othercomprehensiveincomelosspensionandotherpostretirementbenefitplanstax": -1000000,
        "othercomprehensiveincomelosspensionandotherpostretirementbenefitplansadjustmentnetoftax": -1000000,
        "derivativeinstrumentsgainlossrecognizedinothercomprehensiveincomeeffectiveportionnet": 11000000,
        "derivativeinstrumentsgainlossreclassifiedfromaccumulatedociintoincomeeffectiveportionnet": -12000000,
        "othercomprehensiveincomeunrealizedgainlossonderivativesarisingduringperiodbeforetax": -1000000,
        "othercomprehensiveincomelossderivativesqualifyingashedgestax": -1000000,
        "othercomprehensiveincomeunrealizedgainlossonderivativesarisingduringperiodnetoftax": 0,
        "othercomprehensiveincomelossnetoftax": 2000000,
        "comprehensiveincomenetoftaxincludingportionattributabletononcontrollinginterest": 572000000,
        "comprehensiveincomenetoftaxattributabletononcontrollinginterest": 8000000,
        "comprehensiveincomenetoftax": 564000000,
        "salesrevenuegoodsnet": 2841000000,
        "franchiserevenue": 475000000,
        "revenues": 5861000000,
        "costofgoodssolddirectmaterials": 817000000,
        "costofgoodssolddirectlabor": 638000000,
        "costofgoodssoldoverhead": 816000000,
        "costofgoodssold": 2271000000,
        "generalandadministrativeexpense": 377000000,
        "franchisecosts": 47000000,
        "closuresandimpairmentexpenses": 7000000,
        "gainlossondispositionofassets1": 25000000,
        "otheroperatingincomeexpensenet": 15000000,
        "costsandexpenses": 2662000000,
        "operatingincomeloss": 1221000000,
        "interestincomeexpensenet": -87000000,
        "incomelossfromcontinuingoperationsbeforeincometaxesextraordinaryitemsnoncontrollinginterest": 567000000,
        "incometaxexpensebenefit": -65000000,
        "netincomelossattributabletononcontrollinginterest": 10000000,
        "netincomeloss": 622000000,
        "earningspersharebasic": 1.5700000000000003,
        "earningspersharediluted": 1.5399999999999996,
        "commonstockdividendspersharedeclared": 0
    },
    {
        "date": "2016-06-10",
        "symbol": "YUM",
        "period": "Q2",
        "profitloss": 335000000,
        "othercomprehensiveincomeforeigncurrencytransactionandtranslationgainlossbeforereclassificationandtax": 35000000,
        "othercomprehensiveincomelossforeigncurrencytransactionandtranslationadjustmentbeforetax": 35000000,
        "othercomprehensiveincomelossforeigncurrencytranslationadjustmenttax": -1000000,
        "othercomprehensiveincomelossforeigncurrencytransactionandtranslationadjustmentnetoftax": 36000000,
        "othercomprehensiveincomelosspensionandotherpostretirementbenefitplansnetunamortizedgainlossarisingduringperiodbeforetax": -1000000,
        "othercomprehensiveincomelossreclassificationadjustmentfromaocipensionandotherpostretirementbenefitplansbeforetax": 3000000,
        "othercomprehensiveincomelosspensionandotherpostretirementbenefitplansadjustmentbeforetax": -2000000,
        "othercomprehensiveincomelosspensionandotherpostretirementbenefitplanstax": -1000000,
        "othercomprehensiveincomelosspensionandotherpostretirementbenefitplansadjustmentnetoftax": -1000000,
        "derivativeinstrumentsgainlossrecognizedinothercomprehensiveincomeeffectiveportionnet": -26000000,
        "derivativeinstrumentsgainlossreclassifiedfromaccumulatedociintoincomeeffectiveportionnet": 23000000,
        "othercomprehensiveincomeunrealizedgainlossonderivativesarisingduringperiodbeforetax": -3000000,
        "othercomprehensiveincomelossderivativesqualifyingashedgestax": -1000000,
        "othercomprehensiveincomeunrealizedgainlossonderivativesarisingduringperiodnetoftax": -2000000,
        "othercomprehensiveincomelossnetoftax": -27000000,
        "comprehensiveincomenetoftaxincludingportionattributabletononcontrollinginterest": 370000000,
        "comprehensiveincomenetoftaxattributabletononcontrollinginterest": -3000000,
        "comprehensiveincomenetoftax": 373000000,
        "salesrevenuegoodsnet": 2554000000,
        "franchiserevenue": 454000000,
        "revenues": 463000000,
        "costofgoodssolddirectmaterials": 764000000,
        "costofgoodssolddirectlabor": 603000000,
        "costofgoodssoldoverhead": 779000000,
        "costofgoodssold": 2146000000,
        "generalandadministrativeexpense": 365000000,
        "franchisecosts": 50000000,
        "closuresandimpairmentexpenses": 37000000,
        "gainlossondispositionofassets1": 53000000,
        "otheroperatingincomeexpensenet": 28000000,
        "costsandexpenses": 2517000000,
        "operatingincomeloss": -76000000,
        "interestincomeexpensenet": -40000000,
        "incomelossfromcontinuingoperationsbeforeincometaxesextraordinaryitemsnoncontrollinginterest": 451000000,
        "incometaxexpensebenefit": 116000000,
        "netincomelossattributabletononcontrollinginterest": -4000000,
        "netincomeloss": 339000000,
        "earningspersharebasic": 0.82,
        "earningspersharediluted": 0.81,
        "commonstockdividendspersharedeclared": 0.46
    },
    {
        "date": "2016-03-18",
        "symbol": "YUM",
        "period": "Q1",
        "profitloss": 395000000,
        "othercomprehensiveincomeforeigncurrencytransactionandtranslationgainlossbeforereclassificationandtax": -71000000,
        "othercomprehensiveincomelossforeigncurrencytransactionandtranslationadjustmentbeforetax": -71000000,
        "othercomprehensiveincomelossforeigncurrencytranslationadjustmenttax": -3000000,
        "othercomprehensiveincomelossforeigncurrencytransactionandtranslationadjustmentnetoftax": -68000000,
        "othercomprehensiveincomelosspensionandotherpostretirementbenefitplansnetunamortizedgainlossarisingduringperiodbeforetax": 1000000,
        "othercomprehensiveincomelossreclassificationadjustmentfromaocipensionandotherpostretirementbenefitplansbeforetax": 3000000,
        "othercomprehensiveincomelosspensionandotherpostretirementbenefitplansadjustmentbeforetax": -4000000,
        "othercomprehensiveincomelosspensionandotherpostretirementbenefitplanstax": -1000000,
        "othercomprehensiveincomelosspensionandotherpostretirementbenefitplansadjustmentnetoftax": -3000000,
        "derivativeinstrumentsgainlossrecognizedinothercomprehensiveincomeeffectiveportionnet": -5000000,
        "derivativeinstrumentsgainlossreclassifiedfromaccumulatedociintoincomeeffectiveportionnet": 10000000,
        "othercomprehensiveincomeunrealizedgainlossonderivativesarisingduringperiodbeforetax": 5000000,
        "othercomprehensiveincomelossderivativesqualifyingashedgestax": 1000000,
        "othercomprehensiveincomeunrealizedgainlossonderivativesarisingduringperiodnetoftax": 4000000,
        "othercomprehensiveincomelossnetoftax": -61000000,
        "comprehensiveincomenetoftaxincludingportionattributabletononcontrollinginterest": 334000000,
        "comprehensiveincomenetoftaxattributabletononcontrollinginterest": 4000000,
        "comprehensiveincomenetoftax": 330000000,
        "salesrevenuegoodsnet": 2165000000,
        "franchiserevenue": 454000000,
        "revenues": 2619000000,
        "costofgoodssolddirectmaterials": 649000000,
        "costofgoodssolddirectlabor": 486000000,
        "costofgoodssoldoverhead": 597000000,
        "costofgoodssold": 1732000000,
        "generalandadministrativeexpense": 286000000,
        "franchisecosts": 48000000,
        "closuresandimpairmentexpenses": 3000000,
        "gainlossondispositionofassets1": 7000000,
        "otheroperatingincomeexpensenet": 7000000,
        "costsandexpenses": 2055000000,
        "operatingincomeloss": 564000000,
        "interestincomeexpensenet": -37000000,
        "incomelossfromcontinuingoperationsbeforeincometaxesextraordinaryitemsnoncontrollinginterest": 527000000,
        "incometaxexpensebenefit": 132000000,
        "netincomelossattributabletononcontrollinginterest": 4000000,
        "netincomeloss": 391000000,
        "earningspersharebasic": 0.94,
        "earningspersharediluted": 0.93,
        "commonstockdividendspersharedeclared": 0.46
    },
    {
        "date": "2015-09-04",
        "symbol": "YUM",
        "period": "Q3",
        "profitloss": 426000000,
        "othercomprehensiveincomeforeigncurrencytransactionandtranslationgainlossbeforereclassificationandtax": -122000000,
        "othercomprehensiveincomelossforeigncurrencytransactionandtranslationadjustmentbeforetax": -110000000,
        "othercomprehensiveincomelossforeigncurrencytranslationadjustmenttax": -1000000,
        "othercomprehensiveincomelossforeigncurrencytransactionandtranslationadjustmentnetoftax": -109000000,
        "othercomprehensiveincomelossreclassificationadjustmentfromaocipensionandotherpostretirementbenefitplansbeforetax": 11000000,
        "othercomprehensiveincomelosspensionandotherpostretirementbenefitplansadjustmentbeforetax": -8000000,
        "othercomprehensiveincomelosspensionandotherpostretirementbenefitplanstax": -3000000,
        "othercomprehensiveincomelosspensionandotherpostretirementbenefitplansadjustmentnetoftax": -5000000,
        "derivativeinstrumentsgainlossrecognizedinothercomprehensiveincomeeffectiveportionnet": 8000000,
        "derivativeinstrumentsgainlossreclassifiedfromaccumulatedociintoincomeeffectiveportionnet": -10000000,
        "othercomprehensiveincomelossnetoftax": -105000000,
        "comprehensiveincomenetoftaxincludingportionattributabletononcontrollinginterest": 320000000,
        "comprehensiveincomenetoftaxattributabletononcontrollinginterest": 4000000,
        "comprehensiveincomenetoftax": 316000000,
        "salesrevenuegoodsnet": 2968000000,
        "franchiserevenue": 459000000,
        "revenues": -1718000000,
        "costofgoodssolddirectmaterials": 933000000,
        "costofgoodssolddirectlabor": 625000000,
        "costofgoodssoldoverhead": 871000000,
        "costofgoodssold": 2429000000,
        "generalandadministrativeexpense": 328000000,
        "franchisecosts": 65000000,
        "closuresandimpairmentexpenses": 3000000,
        "otheroperatingincomeexpensenet": 3000000,
        "costsandexpenses": 2824000000,
        "operatingincomeloss": -605000000,
        "interestincomeexpensenet": -32000000,
        "incomelossfromcontinuingoperationsbeforeincometaxesextraordinaryitemsnoncontrollinginterest": 571000000,
        "incometaxexpensebenefit": 145000000,
        "netincomelossattributabletononcontrollinginterest": 0,
        "netincomeloss": 421000000,
        "earningspersharebasic": 0.9600000000000001,
        "earningspersharediluted": 0.95
    },
    {
        "date": "2015-06-12",
        "symbol": "YUM",
        "period": "Q2",
        "profitloss": 236000000,
        "othercomprehensiveincomeforeigncurrencytransactionandtranslationgainlossbeforereclassificationandtax": 39000000,
        "othercomprehensiveincomelossforeigncurrencytransactionandtranslationreclassificationadjustmentfromaocirealizeduponsaleorliquidationbeforetax": -68000000,
        "othercomprehensiveincomelossforeigncurrencytransactionandtranslationadjustmentbeforetax": 107000000,
        "othercomprehensiveincomelossforeigncurrencytranslationadjustmenttax": 2000000,
        "othercomprehensiveincomelossforeigncurrencytransactionandtranslationadjustmentnetoftax": 105000000,
        "othercomprehensiveincomelosspensionandotherpostretirementbenefitplansnetunamortizedgainlossarisingduringperiodbeforetax": 2000000,
        "othercomprehensiveincomelossreclassificationadjustmentfromaocipensionandotherpostretirementbenefitplansbeforetax": 12000000,
        "othercomprehensiveincomelosspensionandotherpostretirementbenefitplansadjustmentbeforetax": -14000000,
        "othercomprehensiveincomelosspensionandotherpostretirementbenefitplanstax": -5000000,
        "othercomprehensiveincomelosspensionandotherpostretirementbenefitplansadjustmentnetoftax": -9000000,
        "derivativeinstrumentsgainlossrecognizedinothercomprehensiveincomeeffectiveportionnet": -1000000,
        "derivativeinstrumentsgainlossreclassifiedfromaccumulatedociintoincomeeffectiveportionnet": 1000000,
        "othercomprehensiveincomelossnetoftax": 114000000,
        "comprehensiveincomenetoftaxincludingportionattributabletononcontrollinginterest": 350000000,
        "comprehensiveincomenetoftaxattributabletononcontrollinginterest": 1000000,
        "comprehensiveincomenetoftax": 349000000,
        "salesrevenuegoodsnet": 2659000000,
        "franchiserevenue": 446000000,
        "revenues": 476000000,
        "costofgoodssolddirectmaterials": 841000000,
        "costofgoodssolddirectlabor": 602000000,
        "costofgoodssoldoverhead": 805000000,
        "costofgoodssold": 2248000000,
        "generalandadministrativeexpense": 353000000,
        "franchisecosts": 47000000,
        "closuresandimpairmentexpenses": 24000000,
        "gainlossondispositionofassets": -68000000,
        "otheroperatingincomeexpensenet": 6000000,
        "costsandexpenses": 2734000000,
        "operatingincomeloss": -54000000,
        "interestincomeexpensenet": -33000000,
        "incomelossfromcontinuingoperationsbeforeincometaxesextraordinaryitemsnoncontrollinginterest": 338000000,
        "incometaxexpensebenefit": 102000000,
        "netincomelossattributabletononcontrollinginterest": 7000000,
        "netincomeloss": 235000000,
        "earningspersharebasic": 0.54,
        "earningspersharediluted": 0.53,
        "commonstockdividendspersharedeclared": 0.82
    },
    {
        "date": "2015-03-20",
        "symbol": "YUM",
        "period": "Q1",
        "profitloss": 361000000,
        "othercomprehensiveincomeforeigncurrencytransactionandtranslationgainlossbeforereclassificationandtax": -91000000,
        "othercomprehensiveincomelossforeigncurrencytransactionandtranslationadjustmentbeforetax": -91000000,
        "othercomprehensiveincomelossforeigncurrencytranslationadjustmenttax": -2000000,
        "othercomprehensiveincomelossforeigncurrencytransactionandtranslationadjustmentnetoftax": -89000000,
        "othercomprehensiveincomelossreclassificationadjustmentfromaocipensionandotherpostretirementbenefitplansbeforetax": 11000000,
        "othercomprehensiveincomelosspensionandotherpostretirementbenefitplansadjustmentbeforetax": -11000000,
        "othercomprehensiveincomelosspensionandotherpostretirementbenefitplanstax": -4000000,
        "othercomprehensiveincomelosspensionandotherpostretirementbenefitplansadjustmentnetoftax": -7000000,
        "derivativeinstrumentsgainlossrecognizedinothercomprehensiveincomeeffectiveportionnet": 13000000,
        "derivativeinstrumentsgainlossreclassifiedfromaccumulatedociintoincomeeffectiveportionnet": -13000000,
        "othercomprehensiveincomelossnetoftax": -81000000,
        "comprehensiveincomenetoftaxincludingportionattributabletononcontrollinginterest": 279000000,
        "comprehensiveincomenetoftaxattributabletononcontrollinginterest": -2000000,
        "comprehensiveincomenetoftax": 281000000,
        "salesrevenuegoodsnet": 2179000000,
        "franchiserevenue": 443000000,
        "revenues": 2622000000,
        "costofgoodssolddirectmaterials": 688000000,
        "costofgoodssolddirectlabor": 493000000,
        "costofgoodssoldoverhead": 616000000,
        "costofgoodssold": 1797000000,
        "generalandadministrativeexpense": 295000000,
        "franchisecosts": 34000000,
        "closuresandimpairmentexpenses": 3000000,
        "gainlossondispositionofassets": 10000000,
        "otheroperatingincomeexpensenet": 3000000,
        "costsandexpenses": 2116000000,
        "operatingincomeloss": 506000000,
        "interestincomeexpensenet": -34000000,
        "incomelossfromcontinuingoperationsbeforeincometaxesextraordinaryitemsnoncontrollinginterest": 472000000,
        "incometaxexpensebenefit": 111000000,
        "netincomelossattributabletononcontrollinginterest": -1000000,
        "netincomeloss": 362000000,
        "earningspersharebasic": 0.83,
        "earningspersharediluted": 0.81
    },
    {
        "date": "2014-09-05",
        "symbol": "YUM",
        "period": "Q3",
        "profitloss": 403000000,
        "othercomprehensiveincomeforeigncurrencytransactionandtranslationgainlossbeforereclassificationandtax": 33000000,
        "othercomprehensiveincomelossforeigncurrencytransactionandtranslationadjustmentbeforetax": 33000000,
        "othercomprehensiveincomelossforeigncurrencytranslationadjustmenttax": -1000000,
        "othercomprehensiveincomelossforeigncurrencytransactionandtranslationadjustmentnetoftax": 34000000,
        "othercomprehensiveincomelosspensionandotherpostretirementbenefitplansnetunamortizedgainlossarisingduringperiodbeforetax": -9000000,
        "othercomprehensiveincomelossreclassificationadjustmentfromaocipensionandotherpostretirementbenefitplansbeforetax": 6000000,
        "derivativeinstrumentsgainlossreclassifiedfromaccumulatedociintoincomeeffectiveportionnet": 0,
        "othercomprehensiveincomeunrealizedgainlossonderivativesarisingduringperiodbeforetax": 0,
        "othercomprehensiveincomeunrealizedgainlossonderivativesarisingduringperiodnetoftax": 0,
        "othercomprehensiveincomelossnetoftax": -4000000,
        "comprehensiveincomenetoftaxincludingportionattributabletononcontrollinginterest": 435000000,
        "comprehensiveincomenetoftax": 434000000,
        "salesrevenuegoodsnet": 2891000000,
        "franchiserevenue": 463000000,
        "revenues": 4624000000,
        "costofgoodssolddirectmaterials": 951000000,
        "costofgoodssolddirectlabor": 642000000,
        "costofgoodssoldoverhead": 869000000,
        "costofgoodssold": 2462000000,
        "generalandadministrativeexpense": 323000000,
        "franchisecosts": 42000000,
        "closuresandimpairmentexpenses": 6000000,
        "gainlossondispositionofassets": 20000000,
        "costsandexpenses": 2804000000,
        "operatingincomeloss": -279000000,
        "interestincomeexpensenet": -28000000,
        "incomelossfromcontinuingoperationsbeforeincometaxesextraordinaryitemsnoncontrollinginterest": 522000000,
        "incometaxexpensebenefit": 119000000,
        "netincomelossattributabletononcontrollinginterest": 0,
        "netincomeloss": 404000000,
        "earningspersharebasic": 0.9099999999999998,
        "earningspersharediluted": 0.9,
        "commonstockdividendspersharedeclared": 0
    },
    {
        "date": "2014-06-13",
        "symbol": "YUM",
        "period": "Q2",
        "profitloss": 338000000,
        "othercomprehensiveincomeforeigncurrencytransactionandtranslationgainlossbeforereclassificationandtax": -25000000,
        "othercomprehensiveincomelossforeigncurrencytransactionandtranslationreclassificationadjustmentfromaocirealizeduponsaleorliquidationbeforetax": -2000000,
        "othercomprehensiveincomelossforeigncurrencytransactionandtranslationadjustmentbeforetax": -23000000,
        "othercomprehensiveincomelossforeigncurrencytranslationadjustmenttax": 1000000,
        "othercomprehensiveincomelossforeigncurrencytransactionandtranslationadjustmentnetoftax": -24000000,
        "othercomprehensiveincomelosspensionandotherpostretirementbenefitplansnetunamortizedgainlossarisingduringperiodbeforetax": -5000000,
        "othercomprehensiveincomelossreclassificationadjustmentfromaocipensionandotherpostretirementbenefitplansbeforetax": 6000000,
        "othercomprehensiveincomelosspensionandotherpostretirementbenefitplansadjustmentbeforetax": -1000000,
        "othercomprehensiveincomelosspensionandotherpostretirementbenefitplansadjustmentnetoftax": -1000000,
        "derivativeinstrumentsgainlossrecognizedinothercomprehensiveincomeeffectiveportionnet": -5000000,
        "derivativeinstrumentsgainlossreclassifiedfromaccumulatedociintoincomeeffectiveportionnet": 3000000,
        "othercomprehensiveincomeunrealizedgainlossonderivativesarisingduringperiodbeforetax": -2000000,
        "othercomprehensiveincomeunrealizedgainlossonderivativesarisingduringperiodnetoftax": -2000000,
        "othercomprehensiveincomelossnetoftax": -25000000,
        "comprehensiveincomenetoftaxincludingportionattributabletononcontrollinginterest": 313000000,
        "comprehensiveincomenetoftax": 313000000,
        "salesrevenuegoodsnet": 2758000000,
        "franchiserevenue": 446000000,
        "revenues": 37000000,
        "costofgoodssolddirectmaterials": 886000000,
        "costofgoodssolddirectlabor": 620000000,
        "costofgoodssoldoverhead": 824000000,
        "costofgoodssold": 2330000000,
        "generalandadministrativeexpense": 352000000,
        "franchisecosts": 34000000,
        "closuresandimpairmentexpenses": 21000000,
        "gainlossondispositionofassets": 4000000,
        "otheroperatingincomeexpensenet": 8000000,
        "costsandexpenses": 2725000000,
        "operatingincomeloss": 109000000,
        "interestincomeexpensenet": -29000000,
        "incomelossfromcontinuingoperationsbeforeincometaxesextraordinaryitemsnoncontrollinginterest": 450000000,
        "incometaxexpensebenefit": 112000000,
        "netincomelossattributabletononcontrollinginterest": 4000000,
        "netincomeloss": 334000000,
        "earningspersharebasic": 0.75,
        "earningspersharediluted": 0.73,
        "commonstockdividendspersharedeclared": 0.37
    },
    {
        "date": "2014-03-21",
        "symbol": "YUM",
        "period": "Q1",
        "profitloss": 399000000,
        "othercomprehensiveincomeforeigncurrencytransactionandtranslationgainlossbeforereclassificationandtax": -37000000,
        "othercomprehensiveincomelossforeigncurrencytransactionandtranslationadjustmentbeforetax": -37000000,
        "othercomprehensiveincomelossforeigncurrencytranslationadjustmenttax": 2000000,
        "othercomprehensiveincomelossforeigncurrencytransactionandtranslationadjustmentnetoftax": -39000000,
        "othercomprehensiveincomelosspensionandotherpostretirementbenefitplansnetunamortizedgainlossarisingduringperiodbeforetax": -6000000,
        "othercomprehensiveincomelossreclassificationadjustmentfromaocipensionandotherpostretirementbenefitplansbeforetax": 8000000,
        "othercomprehensiveincomelosspensionandotherpostretirementbenefitplansadjustmentbeforetax": -2000000,
        "othercomprehensiveincomelosspensionandotherpostretirementbenefitplanstax": -1000000,
        "othercomprehensiveincomelosspensionandotherpostretirementbenefitplansadjustmentnetoftax": -1000000,
        "derivativeinstrumentsgainlossrecognizedinothercomprehensiveincomeeffectiveportionnet": 5000000,
        "derivativeinstrumentsgainlossreclassifiedfromaccumulatedociintoincomeeffectiveportionnet": -4000000,
        "othercomprehensiveincomeunrealizedgainlossonderivativesarisingduringperiodbeforetax": 1000000,
        "othercomprehensiveincomeunrealizedgainlossonderivativesarisingduringperiodnetoftax": 1000000,
        "othercomprehensiveincomelossnetoftax": 1000000,
        "comprehensiveincomenetoftaxincludingportionattributabletononcontrollinginterest": 362000000,
        "comprehensiveincomenetoftax": 362000000,
        "salesrevenuegoodsnet": 2292000000,
        "franchiserevenue": 432000000,
        "revenues": 267000000,
        "costofgoodssolddirectmaterials": 725000000,
        "costofgoodssolddirectlabor": 493000000,
        "costofgoodssoldoverhead": 633000000,
        "costofgoodssold": 1851000000,
        "generalandadministrativeexpense": 271000000,
        "franchisecosts": 33000000,
        "closuresandimpairmentexpenses": 3000000,
        "gainlossondispositionofassets": 3000000,
        "otherincomeexpense": -2000000,
        "costsandexpenses": 2153000000,
        "operatingincomeloss": 163000000,
        "interestincomeexpensenet": -33000000,
        "incomelossfromcontinuingoperationsbeforeincometaxesextraordinaryitemsnoncontrollinginterest": 538000000,
        "incometaxexpensebenefit": 139000000,
        "netincomelossattributabletononcontrollinginterest": 1000000,
        "netincomeloss": 399000000,
        "earningspersharebasic": 0.89,
        "earningspersharediluted": 0.87,
        "commonstockdividendspersharedeclared": 0.37
    },
    {
        "date": "2013-09-06",
        "symbol": "YUM",
        "period": "Q3",
        "profitloss": 137000000,
        "othercomprehensiveincomelossforeigncurrencytransactionandtranslationadjustmentbeforetax": -42000000,
        "othercomprehensiveincomelossforeigncurrencytranslationadjustmenttax": 1000000,
        "othercomprehensiveincomelosspensionandotherpostretirementbenefitplansnetunamortizedgainlossarisingduringperiodbeforetax": 3000000,
        "othercomprehensiveincomedefinedbenefitplansnetunamortizedgainlossarisingduringperiodtax": 2000000,
        "othercomprehensiveincomelosspensionandotherpostretirementbenefitplansreclassificationsadjustmentsbeforetax": 17000000,
        "othercomprehensiveincomelosspensionandotherpostretirementbenefitplansreclassificationadjustmentstax": 6000000,
        "othercomprehensiveincomeunrealizedgainlossonderivativesarisingduringperiodbeforetax": 0,
        "comprehensiveincomenetoftaxincludingportionattributabletononcontrollinginterest": 106000000,
        "comprehensiveincomenetoftaxattributabletononcontrollinginterest": -15000000,
        "comprehensiveincomenetoftax": 121000000,
        "salesrevenuegoodsnet": 3021000000,
        "franchiserevenue": 445000000,
        "revenues": 1359000000,
        "costofgoodssolddirectmaterials": 996000000,
        "costofgoodssolddirectlabor": 621000000,
        "costofgoodssoldoverhead": 873000000,
        "costofgoodssold": 2490000000,
        "generalandadministrativeexpense": 327000000,
        "franchisecosts": 44000000,
        "closuresandimpairmentexpenses": 288000000,
        "gainlossondispositionofassets": 246000000,
        "otherincomeexpense": 13000000,
        "costsandexpenses": 3116000000,
        "operatingincomeloss": 195000000,
        "interestincomeexpensenet": -31000000,
        "incomelossfromcontinuingoperationsbeforeincometaxesextraordinaryitemsnoncontrollinginterest": 319000000,
        "incometaxexpensebenefit": 182000000,
        "netincomelossattributabletononcontrollinginterest": 5000000,
        "netincomeloss": 152000000,
        "earningspersharebasic": 0.3400000000000001,
        "earningspersharediluted": 0.32999999999999985,
        "commonstockdividendspersharedeclared": 0
    },
    {
        "date": "2013-06-14",
        "symbol": "YUM",
        "period": "Q2",
        "profitloss": 276000000,
        "othercomprehensiveincomelossforeigncurrencytransactionandtranslationadjustmentbeforetax": 8000000,
        "othercomprehensiveincomelossforeigncurrencytranslationadjustmenttax": 1000000,
        "othercomprehensiveincomelosspensionandotherpostretirementbenefitplansnetunamortizedgainlossarisingduringperiodbeforetax": 8000000,
        "othercomprehensiveincomedefinedbenefitplansnetunamortizedgainlossarisingduringperiodtax": 3000000,
        "othercomprehensiveincomelosspensionandotherpostretirementbenefitplansreclassificationsadjustmentsbeforetax": 14000000,
        "othercomprehensiveincomelosspensionandotherpostretirementbenefitplansreclassificationadjustmentstax": 5000000,
        "othercomprehensiveincomeunrealizedgainlossonderivativesarisingduringperiodbeforetax": 1000000,
        "othercomprehensiveincomeunrealizedgainlossonderivativesarisingduringperiodtax": 1000000,
        "othercomprehensiveincomelossnetoftax": 21000000,
        "comprehensiveincomenetoftaxincludingportionattributabletononcontrollinginterest": 297000000,
        "comprehensiveincomenetoftaxattributabletononcontrollinginterest": -3000000,
        "comprehensiveincomenetoftax": 300000000,
        "salesrevenuegoodsnet": 2474000000,
        "franchiserevenue": 430000000,
        "revenues": 709000000,
        "costofgoodssolddirectmaterials": 805000000,
        "costofgoodssolddirectlabor": 590000000,
        "costofgoodssoldoverhead": 769000000,
        "costofgoodssold": 2164000000,
        "generalandadministrativeexpense": 333000000,
        "franchisecosts": 34000000,
        "closuresandimpairmentexpenses": 6000000,
        "gainlossondispositionofassets": 32000000,
        "otherincomeexpense": 1000000,
        "costsandexpenses": 2514000000,
        "operatingincomeloss": 163000000,
        "interestincomeexpensenet": -32000000,
        "incomelossfromcontinuingoperationsbeforeincometaxesextraordinaryitemsnoncontrollinginterest": 358000000,
        "incometaxexpensebenefit": 82000000,
        "netincomelossattributabletononcontrollinginterest": -5000000,
        "netincomeloss": 281000000,
        "earningspersharebasic": 0.62,
        "earningspersharediluted": 0.61,
        "commonstockdividendspersharedeclared": 0.335
    },
    {
        "date": "2013-03-22",
        "symbol": "YUM",
        "period": "Q1",
        "profitloss": 336000000,
        "othercomprehensiveincomelossforeigncurrencytransactionandtranslationadjustmentbeforetax": -5000000,
        "othercomprehensiveincomelossforeigncurrencytranslationadjustmenttax": -7000000,
        "othercomprehensiveincomelosspensionandotherpostretirementbenefitplansnetunamortizedgainlossarisingduringperiodbeforetax": -8000000,
        "othercomprehensiveincomedefinedbenefitplansnetunamortizedgainlossarisingduringperiodtax": -1000000,
        "othercomprehensiveincomelosspensionandotherpostretirementbenefitplansreclassificationsadjustmentsbeforetax": 25000000,
        "othercomprehensiveincomelosspensionandotherpostretirementbenefitplansreclassificationadjustmentstax": 9000000,
        "othercomprehensiveincomeunrealizedgainlossonderivativesarisingduringperiodbeforetax": 1000000,
        "othercomprehensiveincomelossnetoftaxportionattributabletoparent": 12000000,
        "comprehensiveincomenetoftaxincludingportionattributabletononcontrollinginterest": 348000000,
        "comprehensiveincomenetoftaxattributabletononcontrollinginterest": -1000000,
        "comprehensiveincomenetoftax": 349000000,
        "salesrevenuegoodsnet": 2099000000,
        "franchiserevenue": 436000000,
        "revenues": 20000000,
        "costofgoodssolddirectmaterials": 680000000,
        "costofgoodssolddirectlabor": 490000000,
        "costofgoodssoldoverhead": 596000000,
        "costofgoodssold": 1766000000,
        "generalandadministrativeexpense": 273000000,
        "franchisecosts": 30000000,
        "closuresandimpairmentexpenses": 1000000,
        "gainlossondispositionofassets": 17000000,
        "otherincomeexpense": -8000000,
        "costsandexpenses": 2048000000,
        "operatingincomeloss": 199000000,
        "interestincomeexpensenet": -31000000,
        "incomelossfromcontinuingoperationsbeforeincometaxesextraordinaryitemsnoncontrollinginterest": 456000000,
        "incometaxexpensebenefit": 120000000,
        "netincomelossattributabletononcontrollinginterest": -1000000,
        "netincomeloss": 337000000,
        "earningspersharebasic": 0.74,
        "earningspersharediluted": 0.72,
        "commonstockdividendspersharedeclared": 0.335
    },
    {
        "date": "2012-09-07",
        "symbol": "YUM",
        "period": "Q3",
        "profitloss": 478000000,
        "comprehensiveincomenetoftaxincludingportionattributabletononcontrollinginterest": 468000000,
        "comprehensiveincomenetoftax": 461000000,
        "salesrevenuegoodsnet": 3142000000,
        "franchiserevenue": 427000000,
        "revenues": 1673000000,
        "costofgoodssolddirectmaterials": 1029000000,
        "costofgoodssolddirectlabor": 650000000,
        "costofgoodssoldoverhead": -3000000,
        "costofgoodssold": 2543000000,
        "generalandadministrativeexpense": 332000000,
        "franchisecosts": 32000000,
        "closuresandimpairmentexpenses": 4000000,
        "gainlossondispositionofassets": -59000000,
        "otherincomeexpense": 9000000,
        "costsandexpenses": 2898000000,
        "operatingincomeloss": 656000000,
        "interestincomeexpensenet": -32000000,
        "incomelossfromcontinuingoperationsbeforeincometaxesextraordinaryitemsnoncontrollinginterest": 639000000,
        "incometaxexpensebenefit": 161000000,
        "netincomelossattributabletononcontrollinginterest": 7000000,
        "netincomeloss": 471000000,
        "earningspersharebasic": 1.0200000000000002,
        "earningspersharediluted": 1,
        "commonstockdividendspersharedeclared": 0
    },
    {
        "date": "2012-06-15",
        "symbol": "YUM",
        "period": "Q2",
        "profitloss": 333000000,
        "othercomprehensiveincomeforeigncurrencytransactionandtranslationadjustmentbeforetaxperiodincreasedecrease": -33000000,
        "othercomprehensiveincomereclassificationofdefinedbenefitplansnetgainlossrecognizedinnetperiodicbenefitcostbeforetax": 16000000,
        "othercomprehensiveincomeunrealizedgainlossonderivativesarisingduringperiodbeforetax": 1000000,
        "othercomprehensiveincomelosstax": -4000000,
        "othercomprehensiveincomelossnetoftaxperiodincreasedecrease": -20000000,
        "comprehensiveincomenetoftaxincludingportionattributabletononcontrollinginterest": 313000000,
        "comprehensiveincomenetoftax": 313000000,
        "salesrevenuegoodsnet": 2762000000,
        "franchiserevenue": 406000000,
        "revenues": 24000000,
        "costofgoodssolddirectmaterials": 916000000,
        "costofgoodssolddirectlabor": 623000000,
        "costofgoodssoldoverhead": -5000000,
        "costofgoodssold": 2339000000,
        "generalandadministrativeexpense": 346000000,
        "franchisecosts": 26000000,
        "closuresandimpairmentexpenses": -1000000,
        "gainlossondispositionofassets": 13000000,
        "otherincomeexpense": -7000000,
        "costsandexpenses": 2695000000,
        "operatingincomeloss": -2000000,
        "interestincomeexpensenet": -38000000,
        "incomelossfromcontinuingoperationsbeforeincometaxesextraordinaryitemsnoncontrollinginterest": 435000000,
        "incometaxexpensebenefit": 102000000,
        "netincomelossattributabletononcontrollinginterest": 2000000,
        "netincomeloss": 331000000,
        "earningspersharebasic": 0.71,
        "earningspersharediluted": 0.69,
        "commonstockdividendspersharedeclared": 0.285
    },
    {
        "date": "2012-03-23",
        "symbol": "YUM",
        "period": "Q1",
        "profitloss": 461000000,
        "othercomprehensiveincomeforeigncurrencytransactionandtranslationgainlossarisingduringperiodnetoftax": 14000000,
        "othercomprehensiveincomedefinedbenefitplansadjustmentnetoftaxperiodincreasedecrease": 9000000,
        "othercomprehensiveincomeunrealizedgainlossonderivativesarisingduringperiodnetoftax": -1000000,
        "othercomprehensiveincomelossnetoftaxperiodincreasedecrease": 22000000,
        "comprehensiveincomenetoftaxincludingportionattributabletononcontrollinginterest": 483000000,
        "comprehensiveincomenetoftaxattributabletononcontrollinginterest": 3000000,
        "comprehensiveincomenetoftax": 480000000,
        "othercomprehensiveincomeforeigncurrencytranslationadjustmenttax": -2000000,
        "othercomprehensiveincomedefinedbenefitplanstax": -6000000,
        "othercomprehensiveincomeunrealizedgainlossonderivativesarisingduringperiodtax": 1000000,
        "salesrevenuegoodsnet": 2344000000,
        "franchiserevenue": 399000000,
        "revenues": 708000000,
        "costofgoodssolddirectmaterials": 767000000,
        "costofgoodssolddirectlabor": 513000000,
        "costofgoodssoldoverhead": -4000000,
        "costofgoodssold": 1904000000,
        "generalandadministrativeexpense": 272000000,
        "franchisecosts": 26000000,
        "closuresandimpairmentexpenses": 1000000,
        "gainlossondispositionofassets": 26000000,
        "otherincomeexpense": -74000000,
        "costsandexpenses": 2098000000,
        "operatingincomeloss": 158000000,
        "interestincomeexpensenet": -37000000,
        "incomelossfromcontinuingoperationsbeforeincometaxesextraordinaryitemsnoncontrollinginterest": 608000000,
        "incometaxexpensebenefit": 147000000,
        "netincomelossattributabletononcontrollinginterest": 3000000,
        "netincomeloss": 458000000,
        "earningspersharebasic": 0.99,
        "earningspersharediluted": 0.96,
        "commonstockdividendspersharedeclared": 0.285
    },
    {
        "date": "2011-09-02",
        "symbol": "YUM",
        "period": "Q3",
        "salesrevenuegoodsnet": 2854000000,
        "franchiserevenue": 420000000,
        "revenues": 576000000,
        "costofgoodssolddirectmaterials": 970000000,
        "costofgoodssolddirectlabor": 600000000,
        "costofgoodssoldoverhead": 790000000,
        "costofgoodssold": 2360000000,
        "generalandadministrativeexpense": 310000000,
        "franchisecosts": 41000000,
        "closuresandimpairmentexpenses": 25000000,
        "gainlossondispositionofassets": -76000000,
        "otherincomeexpense": -16000000,
        "costsandexpenses": 2786000000,
        "operatingincomeloss": -59000000,
        "interestincomeexpensenet": -32000000,
        "incomebeforeincometaxes": 456000000,
        "incometaxexpensebenefit": 67000000,
        "profitloss": 389000000,
        "netincomelossattributabletononcontrollinginterest": 6000000,
        "netincomeloss": 383000000,
        "earningspersharebasic": 0.8199999999999998,
        "earningspersharediluted": 0.7999999999999998
    },
    {
        "date": "2011-06-10",
        "symbol": "YUM",
        "period": "Q2",
        "salesrevenuegoodsnet": 2431000000,
        "franchiserevenue": 385000000,
        "revenues": 1180000000,
        "costofgoodssolddirectmaterials": 792000000,
        "costofgoodssolddirectlabor": 548000000,
        "costofgoodssoldoverhead": 705000000,
        "costofgoodssold": 2045000000,
        "generalandadministrativeexpense": 308000000,
        "franchisecosts": 33000000,
        "closuresandimpairmentexpenses": 19000000,
        "gainlossondispositionofassets": 1000000,
        "otherincomeexpense": -13000000,
        "costsandexpenses": 2397000000,
        "operatingincomeloss": 3000000,
        "interestincomeexpensenet": -35000000,
        "incomebeforeincometaxes": 384000000,
        "incometaxexpensebenefit": 62000000,
        "profitloss": 322000000,
        "netincomelossattributabletononcontrollinginterest": 6000000,
        "netincomeloss": 316000000,
        "earningspersharebasic": 0.67,
        "earningspersharediluted": 0.65,
        "commonstockdividendspersharedeclared": 0.5
    },
    {
        "date": "2011-03-18",
        "symbol": "YUM",
        "period": "Q1",
        "salesrevenuegoodsnet": 2051000000,
        "franchiserevenue": 374000000,
        "revenues": 853000000,
        "costofgoodssolddirectmaterials": 662000000,
        "costofgoodssolddirectlabor": 461000000,
        "costofgoodssoldoverhead": 568000000,
        "costofgoodssold": 1691000000,
        "generalandadministrativeexpense": 255000000,
        "franchisecosts": 30000000,
        "closuresandimpairmentexpenses": 69000000,
        "gainlossondispositionofassets": 1000000,
        "otherincomeexpense": -19000000,
        "costsandexpenses": 2024000000,
        "operatingincomeloss": -66000000,
        "interestincomeexpensenet": -43000000,
        "incomebeforeincometaxes": 358000000,
        "incometaxexpensebenefit": 91000000,
        "profitloss": 267000000,
        "netincomelossattributabletononcontrollinginterest": 3000000,
        "netincomeloss": 264000000,
        "earningspersharebasic": 0.56,
        "earningspersharediluted": 0.54
    },
    {
        "date": "2010-09-03",
        "symbol": "YUM",
        "period": "Q3",
        "salesrevenuegoodsnet": 2496000000,
        "franchiserevenue": 366000000,
        "revenues": -2818000000,
        "costofgoodssolddirectmaterials": 788000000,
        "costofgoodssolddirectlabor": 516000000,
        "costofgoodssoldoverhead": 713000000,
        "costofgoodssold": 2017000000,
        "generalandadministrativeexpense": 285000000,
        "franchisecosts": 24000000,
        "closuresandimpairmentexpenses": -6000000,
        "gainlossondispositionofassets": 2000000,
        "otherincomeexpense": -11000000,
        "costsandexpenses": 2318000000,
        "operatingincomeloss": -836000000,
        "interestincomeexpensenet": -204000000,
        "incomebeforeincometaxes": 506000000,
        "incometaxexpensebenefit": 139000000,
        "profitloss": 367000000,
        "netincomelossattributabletononcontrollinginterest": 10000000,
        "netincomeloss": 357000000,
        "earningspersharebasic": 0.7500000000000002,
        "earningspersharediluted": 0.73,
        "commonstockdividendspersharedeclared": 0
    },
    {
        "date": "2010-06-11",
        "symbol": "YUM",
        "period": "Q2",
        "salesrevenuegoodsnet": 2220000000,
        "franchiserevenue": 354000000,
        "revenues": 2574000000,
        "costofgoodssolddirectmaterials": 699000000,
        "costofgoodssolddirectlabor": 503000000,
        "costofgoodssoldoverhead": 652000000,
        "costofgoodssold": 1854000000,
        "generalandadministrativeexpense": 283000000,
        "franchisecosts": 24000000,
        "closuresandimpairmentexpenses": 12000000,
        "gainlossondispositionofassets": 10000000,
        "otherincomeexpense": -10000000,
        "costsandexpenses": 2153000000,
        "operatingincomeloss": 421000000,
        "interestincomeexpensenet": 42000000,
        "incomebeforeincometaxes": 379000000,
        "incometaxexpensebenefit": 90000000,
        "profitloss": 289000000,
        "netincomelossattributabletononcontrollinginterest": 3000000,
        "netincomeloss": 286000000,
        "earningspersharebasic": 0.61,
        "earningspersharediluted": 0.59,
        "commonstockdividendspersharedeclared": 0.21
    },
    {
        "date": "2010-03-19",
        "symbol": "YUM",
        "period": "Q1",
        "salesrevenuegoodsnet": 1996000000,
        "franchiserevenue": 349000000,
        "revenues": 2345000000,
        "costofgoodssolddirectmaterials": 625000000,
        "costofgoodssolddirectlabor": 461000000,
        "costofgoodssoldoverhead": 570000000,
        "costofgoodssold": 1656000000,
        "generalandadministrativeexpense": 245000000,
        "franchisecosts": 23000000,
        "closuresandimpairmentexpenses": 4000000,
        "gainlossondispositionofassets": -63000000,
        "otherincomeexpense": -10000000,
        "costsandexpenses": 1981000000,
        "operatingincomeloss": 364000000,
        "interestincomeexpensenet": 41000000,
        "incomebeforeincometaxes": 323000000,
        "incometaxexpensebenefit": 78000000,
        "profitloss": 245000000,
        "netincomelossattributabletononcontrollinginterest": 4000000,
        "netincomeloss": 241000000,
        "earningspersharebasic": 0.51,
        "earningspersharediluted": 0.5,
        "commonstockdividendspersharedeclared": 0.21
    }
]