[
    {
        "date": "2024-09-29",
        "symbol": "CMS",
        "period": "Q3",
        "revenues": 1661000000,
        "fuelcosts": 179000000,
        "costofgoodsandservicessold": 32000000,
        "purchasedpowerrelatedparties": 19000000,
        "othercostandexpenseoperating": 412000000,
        "depreciationdepletionandamortization": 273000000,
        "taxesexcludingincomeandexcisetaxes": 99000000,
        "costsandexpenses": 1376000000,
        "operatingincomeloss": 378000000,
        "othernonoperatingincomeexpenseretirementbenefitsnet": 39000000,
        "othernonoperatingincome": 24000000,
        "othernonoperatingexpense": 3000000,
        "nonoperatingincomeexpense": 60000000,
        "interestexpensedebt": 123000000,
        "interestexpenseother": 3000000,
        "interestcostscapitalizedadjustment": 4000000,
        "interestexpensenonoperating": 131000000,
        "incomelossfromcontinuingoperationsbeforeincometaxesextraordinaryitemsnoncontrollinginterest": 307000000,
        "incometaxexpensebenefit": 34000000,
        "incomelossfromcontinuingoperationsincludingportionattributabletononcontrollinginterest": 247000000,
        "profitloss": -6000000,
        "netincomelossattributabletononcontrollinginterest": -6000000,
        "netincomeloss": 273000000,
        "preferredstockdividendsincomestatementimpact": 2000000,
        "netincomelossavailabletocommonstockholdersbasic": 273000000,
        "earningspersharebasic": 0.84,
        "earningspersharediluted": 0.84,
        "othercomprehensiveincomelossreclassificationadjustmentfromaocipensionandotherpostretirementbenefitplansfornetgainlossnetoftax": -1000000,
        "othercomprehensiveincomelossnetoftax": 1000000,
        "comprehensiveincomenetoftaxincludingportionattributabletononcontrollinginterest": 247000000,
        "comprehensiveincomenetoftaxattributabletononcontrollinginterest": -6000000,
        "comprehensiveincomenetoftax": 274000000,
        "othercomprehensiveincomelossreclassificationadjustmentfromaocipensionandotherpostretirementbenefitplansfornetgainlosstax": 1000000,
        "utilitiesoperatingexpensefuelused": 150000000,
        "utilitiesoperatingexpensepurchasedpower": 346000000,
        "utilitiesoperatingexpensepurchasedpowerrelatedparties": 19000000,
        "utilitiesoperatingexpensegasandpetroleumpurchased": 31000000,
        "utilitiesoperatingexpensemaintenanceandoperations": 381000000,
        "utilitiesoperatingexpensedepreciationandamortization": 261000000,
        "utilitiesoperatingexpensetaxes": 95000000,
        "utilitiesoperatingexpense": 1283000000
    },
    {
        "date": "2020-09-29",
        "symbol": "CMS",
        "period": "Q3",
        "profitloss": 210000000,
        "othercomprehensiveincomelossreclassificationadjustmentfromaocipensionandotherpostretirementbenefitplansfornetgainlossnetoftax": -1000000,
        "comprehensiveincomenetoftaxincludingportionattributabletononcontrollinginterest": 207000000,
        "revenues": 1575000000,
        "fuelcosts": 108000000,
        "utilitiesoperatingexpensefuelused": 85000000,
        "costofgoodsandservicessold": 430000000,
        "utilitiesoperatingexpensepurchasedpower": 420000000,
        "purchasedpowerrelatedparties": 13000000,
        "utilitiesoperatingexpensepurchasedpowerrelatedparties": 13000000,
        "utilitiesoperatingexpensegasandpetroleumpurchased": 33000000,
        "othercostandexpenseoperating": 317000000,
        "utilitiesoperatingexpensemaintenanceandoperations": 266000000,
        "depreciationdepletionandamortization": 228000000,
        "utilitiesoperatingexpensedepreciationandamortization": 223000000,
        "taxesexcludingincomeandexcisetaxes": 75000000,
        "utilitiesoperatingexpensetaxes": 72000000,
        "costsandexpenses": 1206000000,
        "utilitiesoperatingexpense": 1112000000,
        "operatingincomeloss": 369000000,
        "investmentincomeinterestanddividend": 1000000,
        "publicutilitiesallowanceforfundsusedduringconstructioncapitalizedcostofequity": 1000000,
        "incomelossfromequitymethodinvestments": 0,
        "othernonoperatingincomeexpenseretirementbenefitsnet": 29000000,
        "othernonoperatingexpense": 4000000,
        "nonoperatingincomeexpense": 28000000,
        "interestexpensedebt": 124000000,
        "interestexpenserelatedparty": 3000000,
        "interestexpenseother": 17000000,
        "interestexpense": 143000000,
        "incomelossfromcontinuingoperationsbeforeincometaxesextraordinaryitemsnoncontrollinginterest": 254000000,
        "incometaxexpensebenefit": 44000000,
        "earningspersharebasic": 0.7699999999999999,
        "earningspersharediluted": 0.7599999999999999
    },
    {
        "date": "2020-06-29",
        "symbol": "CMS",
        "period": "Q2",
        "othercomprehensiveincomelossreclassificationadjustmentfromaocipensionandotherpostretirementbenefitplansfornetgainlosstax": 0,
        "othercomprehensiveincomelosscashflowhedgegainlossafterreclassificationtax": 0,
        "profitloss": 137000000,
        "othercomprehensiveincomelossreclassificationadjustmentfromaocipensionandotherpostretirementbenefitplansfornetgainlossnetoftax": -1000000,
        "othercomprehensiveincomelosscashflowhedgegainlossafterreclassificationandtax": 0,
        "othercomprehensiveincomelossnetoftax": 0,
        "comprehensiveincomenetoftaxincludingportionattributabletononcontrollinginterest": 137000000,
        "revenues": 1443000000,
        "fuelcosts": 63000000,
        "utilitiesoperatingexpensefuelused": 43000000,
        "costofgoodsandservicessold": 362000000,
        "utilitiesoperatingexpensepurchasedpower": 354000000,
        "purchasedpowerrelatedparties": 14000000,
        "utilitiesoperatingexpensepurchasedpowerrelatedparties": 14000000,
        "utilitiesoperatingexpensegasandpetroleumpurchased": 80000000,
        "othercostandexpenseoperating": 351000000,
        "utilitiesoperatingexpensemaintenanceandoperations": 302000000,
        "depreciationdepletionandamortization": 223000000,
        "utilitiesoperatingexpensedepreciationandamortization": 218000000,
        "taxesexcludingincomeandexcisetaxes": 75000000,
        "utilitiesoperatingexpensetaxes": 73000000,
        "costsandexpenses": 1170000000,
        "utilitiesoperatingexpense": 1084000000,
        "operatingincomeloss": 273000000,
        "investmentincomeinterestanddividend": 1000000,
        "interestanddividendincomerelatedparties": 0,
        "publicutilitiesallowanceforfundsusedduringconstructioncapitalizedcostofequity": 2000000,
        "incomelossfromequitymethodinvestments": -2000000,
        "othernonoperatingincomeexpenseretirementbenefitsnet": 30000000,
        "othernonoperatingexpense": 1000000,
        "nonoperatingincomeexpense": 32000000,
        "interestexpensedebt": 121000000,
        "interestexpenserelatedparty": 3000000,
        "interestexpenseother": 17000000,
        "interestcostscapitalizedadjustment": 0,
        "interestexpense": 141000000,
        "incomelossfromcontinuingoperationsbeforeincometaxesextraordinaryitemsnoncontrollinginterest": 164000000,
        "incometaxexpensebenefit": 27000000,
        "earningspersharebasic": 0.4700000000000001,
        "earningspersharediluted": 0.4800000000000001
    },
    {
        "date": "2020-03-30",
        "symbol": "CMS",
        "period": "Q1",
        "othercomprehensiveincomelossreclassificationadjustmentfromaocipensionandotherpostretirementbenefitplansfornetgainlosstax": 1000000,
        "othercomprehensiveincomelosscashflowhedgegainlossafterreclassificationtax": -1000000,
        "profitloss": 243000000,
        "othercomprehensiveincomelossreclassificationadjustmentfromaocipensionandotherpostretirementbenefitplansfornetgainlossnetoftax": -1000000,
        "othercomprehensiveincomelosscashflowhedgegainlossafterreclassificationandtax": -4000000,
        "othercomprehensiveincomelossnetoftax": -3000000,
        "comprehensiveincomenetoftaxincludingportionattributabletononcontrollinginterest": 240000000,
        "revenues": 1864000000,
        "fuelcosts": 103000000,
        "utilitiesoperatingexpensefuelused": 79000000,
        "costofgoodsandservicessold": 357000000,
        "utilitiesoperatingexpensepurchasedpower": 347000000,
        "purchasedpowerrelatedparties": 18000000,
        "utilitiesoperatingexpensepurchasedpowerrelatedparties": 18000000,
        "utilitiesoperatingexpensegasandpetroleumpurchased": 270000000,
        "othercostandexpenseoperating": 315000000,
        "utilitiesoperatingexpensemaintenanceandoperations": 278000000,
        "depreciationdepletionandamortization": 316000000,
        "utilitiesoperatingexpensedepreciationandamortization": 312000000,
        "taxesexcludingincomeandexcisetaxes": 114000000,
        "utilitiesoperatingexpensetaxes": 111000000,
        "costsandexpenses": 1496000000,
        "utilitiesoperatingexpense": 1415000000,
        "operatingincomeloss": 368000000,
        "investmentincomeinterestanddividend": 1000000,
        "interestanddividendincomerelatedparties": 7000000,
        "publicutilitiesallowanceforfundsusedduringconstructioncapitalizedcostofequity": 1000000,
        "incomelossfromequitymethodinvestments": 3000000,
        "othernonoperatingincomeexpenseretirementbenefitsnet": 31000000,
        "othernonoperatingexpense": 4000000,
        "nonoperatingincomeexpense": 39000000,
        "interestexpensedebt": 116000000,
        "interestexpenserelatedparty": 3000000,
        "interestexpenseother": 19000000,
        "interestcostscapitalizedadjustment": 1000000,
        "interestexpense": 137000000,
        "incomelossfromcontinuingoperationsbeforeincometaxesextraordinaryitemsnoncontrollinginterest": 270000000,
        "incometaxexpensebenefit": 27000000,
        "earningspersharebasic": 0.86,
        "earningspersharediluted": 0.85
    },
    {
        "date": "2019-09-29",
        "symbol": "CMS",
        "period": "Q3",
        "profitloss": 207000000,
        "othercomprehensiveincomelossreclassificationadjustmentfromaocipensionandotherpostretirementbenefitplansfornetgainlossnetoftax": 0,
        "othercomprehensiveincomelosscashflowhedgegainlossafterreclassificationandtax": 0,
        "othercomprehensiveincomelossnetoftax": 0,
        "comprehensiveincomenetoftaxincludingportionattributabletononcontrollinginterest": 207000000,
        "comprehensiveincomenetoftax": 207000000,
        "revenues": 1546000000,
        "fuelcosts": 130000000,
        "utilitiesoperatingexpensefuelused": 101000000,
        "costofgoodsandservicessold": 413000000,
        "utilitiesoperatingexpensepurchasedpower": 408000000,
        "purchasedpowerrelatedparties": 19000000,
        "utilitiesoperatingexpensepurchasedpowerrelatedparties": 19000000,
        "utilitiesoperatingexpensegasandpetroleumpurchased": 32000000,
        "othercostandexpenseoperating": 313000000,
        "utilitiesoperatingexpensemaintenanceandoperations": 272000000,
        "depreciationdepletionandamortization": 215000000,
        "utilitiesoperatingexpensedepreciationandamortization": 210000000,
        "taxesexcludingincomeandexcisetaxes": 70000000,
        "utilitiesoperatingexpensetaxes": 68000000,
        "costsandexpenses": 1195000000,
        "utilitiesoperatingexpense": 1110000000,
        "operatingincomeloss": 351000000,
        "investmentincomeinterestanddividend": 2000000,
        "interestanddividendincomerelatedparties": 1000000,
        "publicutilitiesallowanceforfundsusedduringconstructioncapitalizedcostofequity": 2000000,
        "incomelossfromequitymethodinvestments": 5000000,
        "othernonoperatingincomeexpenseretirementbenefitsnet": 22000000,
        "othernonoperatingincome": 0,
        "othernonoperatingexpense": 0,
        "nonoperatingincomeexpense": 31000000,
        "interestexpensedebt": 111000000,
        "interestexpenseother": 20000000,
        "interestcostscapitalizedadjustment": 1000000,
        "interestexpense": 133000000,
        "incomelossfromcontinuingoperationsbeforeincometaxesextraordinaryitemsnoncontrollinginterest": 249000000,
        "incometaxexpensebenefit": 42000000,
        "earningspersharebasic": 0.73,
        "earningspersharediluted": 0.73
    },
    {
        "date": "2019-06-29",
        "symbol": "CMS",
        "period": "Q2",
        "profitloss": 94000000,
        "othercomprehensiveincomelossreclassificationadjustmentfromaocipensionandotherpostretirementbenefitplansfornetgainlossnetoftax": -1000000,
        "othercomprehensiveincomelossamortizationadjustmentfromaocipensionandotherpostretirementbenefitplansfornetpriorservicecostcreditnetoftax": 0,
        "othercomprehensiveincomelosscashflowhedgegainlossafterreclassificationandtax": -2000000,
        "othercomprehensiveincomelossnetoftax": -1000000,
        "comprehensiveincomenetoftaxincludingportionattributabletononcontrollinginterest": 93000000,
        "comprehensiveincomenetoftax": 78000000,
        "revenues": 2664000000,
        "fuelcosts": 119000000,
        "utilitiesoperatingexpensefuelused": 88000000,
        "costofgoodsandservicessold": 330000000,
        "utilitiesoperatingexpensepurchasedpower": 350000000,
        "purchasedpowerrelatedparties": 16000000,
        "utilitiesoperatingexpensepurchasedpowerrelatedparties": 16000000,
        "utilitiesoperatingexpensegasandpetroleumpurchased": 104000000,
        "othercostandexpenseoperating": 343000000,
        "utilitiesoperatingexpensemaintenanceandoperations": 320000000,
        "depreciationdepletionandamortization": 216000000,
        "utilitiesoperatingexpensedepreciationandamortization": 212000000,
        "taxesexcludingincomeandexcisetaxes": 71000000,
        "utilitiesoperatingexpensetaxes": 69000000,
        "costsandexpenses": 1227000000,
        "utilitiesoperatingexpense": 1159000000,
        "operatingincomeloss": 249000000,
        "investmentincomeinterestanddividend": 2000000,
        "interestanddividendincomerelatedparties": 1000000,
        "publicutilitiesallowanceforfundsusedduringconstructioncapitalizedcostofequity": 3000000,
        "incomelossfromequitymethodinvestments": 2000000,
        "othernonoperatingincomeexpenseretirementbenefitsnet": 25000000,
        "othernonoperatingincome": 2000000,
        "othernonoperatingexpense": 5000000,
        "nonoperatingincomeexpense": 27000000,
        "interestexpensedebt": 147000000,
        "interestexpenseother": 32000000,
        "interestcostscapitalizedadjustment": 1000000,
        "interestexpense": 181000000,
        "incomelossfromcontinuingoperationsbeforeincometaxesextraordinaryitemsnoncontrollinginterest": 95000000,
        "incometaxexpensebenefit": 14000000,
        "earningspersharebasic": 0.33000000000000007,
        "earningspersharediluted": 0.33000000000000007
    },
    {
        "date": "2019-03-30",
        "symbol": "CMS",
        "period": "Q1",
        "profitloss": 213000000,
        "othercomprehensiveincomelossreclassificationadjustmentfromaocipensionandotherpostretirementbenefitplansfornetgainlossnetoftax": -1000000,
        "othercomprehensiveincomelossamortizationadjustmentfromaocipensionandotherpostretirementbenefitplansfornetpriorservicecostcreditnetoftax": -1000000,
        "othercomprehensiveincomelosscashflowhedgegainlossafterreclassificationandtax": -1000000,
        "othercomprehensiveincomelossnetoftax": -1000000,
        "comprehensiveincomenetoftaxincludingportionattributabletononcontrollinginterest": 212000000,
        "comprehensiveincomenetoftax": 226000000,
        "revenues": 840000000,
        "fuelcosts": 142000000,
        "utilitiesoperatingexpensefuelused": 106000000,
        "costofgoodsandservicessold": 404000000,
        "utilitiesoperatingexpensepurchasedpower": 374000000,
        "purchasedpowerrelatedparties": 18000000,
        "utilitiesoperatingexpensepurchasedpowerrelatedparties": 18000000,
        "utilitiesoperatingexpensegasandpetroleumpurchased": 401000000,
        "othercostandexpenseoperating": 354000000,
        "utilitiesoperatingexpensemaintenanceandoperations": 319000000,
        "depreciationdepletionandamortization": 298000000,
        "utilitiesoperatingexpensedepreciationandamortization": 294000000,
        "taxesexcludingincomeandexcisetaxes": 106000000,
        "utilitiesoperatingexpensetaxes": 103000000,
        "costsandexpenses": 1700000000,
        "utilitiesoperatingexpense": 1615000000,
        "operatingincomeloss": 328000000,
        "investmentincomeinterestanddividend": 1000000,
        "interestanddividendincomerelatedparties": 1000000,
        "publicutilitiesallowanceforfundsusedduringconstructioncapitalizedcostofequity": 2000000,
        "incomelossfromequitymethodinvestments": -1000000,
        "othernonoperatingincomeexpenseretirementbenefitsnet": 21000000,
        "othernonoperatingincome": 1000000,
        "othernonoperatingexpense": 3000000,
        "nonoperatingincomeexpense": 23000000,
        "interestexpensedebt": 69000000,
        "interestexpenseother": 3000000,
        "interestcostscapitalizedadjustment": 1000000,
        "interestexpense": 71000000,
        "incomelossfromcontinuingoperationsbeforeincometaxesextraordinaryitemsnoncontrollinginterest": 280000000,
        "incometaxexpensebenefit": 54000000,
        "earningspersharebasic": 0.75,
        "earningspersharediluted": 0.75
    },
    {
        "date": "2018-09-29",
        "symbol": "CMS",
        "period": "Q3",
        "profitloss": 169000000,
        "othercomprehensiveincomelossreclassificationadjustmentfromaocipensionandotherpostretirementbenefitplansfornetgainlossnetoftax": -1000000,
        "comprehensiveincomenetoftaxincludingportionattributabletononcontrollinginterest": 182000000,
        "revenues": 189000000,
        "fuelcosts": 209000000,
        "utilitiesoperatingexpensepurchasedpower": 440000000,
        "purchasedpowerrelatedparties": 20000000,
        "othercostandexpenseoperating": 422000000,
        "depreciationdepletionandamortization": 211000000,
        "taxesexcludingincomeandexcisetaxes": 71000000,
        "costsandexpenses": 1445000000,
        "operatingincomeloss": 271000000,
        "investmentincomeinterestanddividend": 2000000,
        "publicutilitiesallowanceforfundsusedduringconstructioncapitalizedcostofequity": 2000000,
        "incomelossfromequitymethodinvestments": -1000000,
        "othernonoperatingincomeexpenseretirementbenefitsnet": 21000000,
        "othernonoperatingexpense": 4000000,
        "nonoperatingincomeexpense": 22000000,
        "interestexpensedebt": 69000000,
        "interestexpenseother": 5000000,
        "interestexpense": 73000000,
        "incomelossfromcontinuingoperationsbeforeincometaxesextraordinaryitemsnoncontrollinginterest": 220000000,
        "incometaxexpensebenefit": 40000000,
        "earningspersharebasic": 0.6,
        "earningspersharediluted": 0.5899999999999997,
        "commonstockdividendspersharedeclared": 0.3575000000000001
    },
    {
        "date": "2018-06-29",
        "symbol": "CMS",
        "period": "Q2",
        "profitloss": 138000000,
        "othercomprehensiveincomelossreclassificationadjustmentfromaocipensionandotherpostretirementbenefitplansfornetgainlossnetoftax": -1000000,
        "othercomprehensiveincomeunrealizedholdinggainlossonsecuritiesarisingduringperiodnetoftax": 0,
        "comprehensiveincomenetoftaxincludingportionattributabletononcontrollinginterest": 152000000,
        "revenues": 1048000000,
        "fuelcosts": 86000000,
        "utilitiesoperatingexpensepurchasedpower": 388000000,
        "purchasedpowerrelatedparties": 19000000,
        "costofnaturalgaspurchases": 108000000,
        "othercostandexpenseoperating": 298000000,
        "depreciationdepletionandamortization": 201000000,
        "taxesexcludingincomeandexcisetaxes": 66000000,
        "costsandexpenses": 1166000000,
        "operatingincomeloss": 229000000,
        "investmentincomeinterestanddividend": 2000000,
        "publicutilitiesallowanceforfundsusedduringconstructioncapitalizedcostofequity": 1000000,
        "incomelossfromequitymethodinvestments": 4000000,
        "othernonoperatingincomeexpenseretirementbenefitsnet": 20000000,
        "othernonoperatingincome": 0,
        "othernonoperatingexpense": 3000000,
        "nonoperatingincomeexpense": 20000000,
        "interestexpensedebt": 67000000,
        "interestexpenseother": 4000000,
        "interestexpense": 70000000,
        "incomelossfromcontinuingoperationsbeforeincometaxesextraordinaryitemsnoncontrollinginterest": 179000000,
        "incometaxexpensebenefit": 27000000,
        "earningspersharebasic": 0.4900000000000001,
        "earningspersharediluted": 0.4900000000000001,
        "commonstockdividendspersharedeclared": 0.3575
    },
    {
        "date": "2018-03-30",
        "symbol": "CMS",
        "period": "Q1",
        "revenues": 35000000,
        "fuelcosts": 102000000,
        "utilitiesoperatingexpensepurchasedpower": 378000000,
        "purchasedpowerrelatedparties": 20000000,
        "costofnaturalgaspurchases": 377000000,
        "othercostandexpenseoperating": 282000000,
        "depreciationdepletionandamortization": 277000000,
        "taxesexcludingincomeandexcisetaxes": 85000000,
        "costsandexpenses": 1521000000,
        "operatingincomeloss": 334000000,
        "investmentincomeinterestanddividend": 2000000,
        "publicutilitiesallowanceforfundsusedduringconstructioncapitalizedcostofequity": 1000000,
        "incomelossfromequitymethodinvestments": 3000000,
        "othernonoperatingincomeexpenseretirementbenefitsnet": 22000000,
        "othernonoperatingincome": 1000000,
        "othernonoperatingexpense": 2000000,
        "nonoperatingincomeexpense": 24000000,
        "interestexpensedebt": 67000000,
        "interestexpenseother": 5000000,
        "interestexpense": 72000000,
        "incomelossfromcontinuingoperationsbeforeincometaxesextraordinaryitemsnoncontrollinginterest": 286000000,
        "incometaxexpensebenefit": 44000000,
        "profitloss": 242000000,
        "earningspersharebasic": 0.86,
        "earningspersharediluted": 0.86,
        "commonstockdividendspersharedeclared": 0.3575,
        "othercomprehensiveincomelossreclassificationadjustmentfromaocipensionandotherpostretirementbenefitplansfornetgainlossnetoftax": -1000000,
        "othercomprehensiveincomeunrealizedholdinggainlossonsecuritiesarisingduringperiodnetoftax": -1000000,
        "comprehensiveincomenetoftaxincludingportionattributabletononcontrollinginterest": 242000000
    },
    {
        "date": "2017-09-29",
        "symbol": "CMS",
        "period": "Q3",
        "revenues": 190000000,
        "fuelcosts": 115000000,
        "utilitiesoperatingexpensepurchasedpower": 424000000,
        "purchasedpowerrelatedparties": 23000000,
        "costofnaturalgaspurchases": 42000000,
        "othercostandexpenseoperating": 274000000,
        "depreciationdepletionandamortization": 191000000,
        "taxesexcludingincomeandexcisetaxes": 60000000,
        "costsandexpenses": 1129000000,
        "operatingincomeloss": 308000000,
        "investmentincomeinterestanddividend": 2000000,
        "publicutilitiesallowanceforfundsusedduringconstructioncapitalizedcostofequity": 1000000,
        "incomelossfromequitymethodinvestments": 3000000,
        "othernonoperatingincomeexpenseretirementbenefitsnet": 3000000,
        "othernonoperatingexpense": 2000000,
        "nonoperatingincomeexpense": 5000000,
        "interestexpensedebt": 66000000,
        "interestexpenseother": 4000000,
        "interestcostscapitalizedadjustment": 0,
        "interestexpense": 70000000,
        "incomelossfromcontinuingoperationsbeforeincometaxesextraordinaryitemsnoncontrollinginterest": 243000000,
        "incometaxexpensebenefit": 62000000,
        "profitloss": 181000000,
        "earningspersharebasic": 0.6099999999999999,
        "earningspersharediluted": 0.6099999999999999,
        "commonstockdividendspersharedeclared": 0.3325000000000001,
        "othercomprehensiveincomelossnetoftax": 0,
        "comprehensiveincomenetoftaxincludingportionattributabletononcontrollinginterest": 173000000
    },
    {
        "date": "2017-06-29",
        "symbol": "CMS",
        "period": "Q2",
        "revenues": 285000000,
        "fuelcosts": 100000000,
        "utilitiesoperatingexpensepurchasedpower": 369000000,
        "purchasedpowerrelatedparties": 22000000,
        "costofnaturalgaspurchases": 105000000,
        "othercostandexpenseoperating": 285000000,
        "depreciationdepletionandamortization": 195000000,
        "taxesexcludingincomeandexcisetaxes": 64000000,
        "costsandexpenses": 1140000000,
        "operatingincomeloss": 222000000,
        "investmentincomeinterestanddividend": 2000000,
        "publicutilitiesallowanceforfundsusedduringconstructioncapitalizedcostofequity": 2000000,
        "incomelossfromequitymethodinvestments": 3000000,
        "othernonoperatingincomeexpenseretirementbenefitsnet": 2000000,
        "othernonoperatingincome": 0,
        "othernonoperatingexpense": 2000000,
        "nonoperatingincomeexpense": 4000000,
        "interestexpensedebt": 66000000,
        "interestexpenseother": 4000000,
        "interestcostscapitalizedadjustment": 1000000,
        "interestexpense": 69000000,
        "incomelossfromcontinuingoperationsbeforeincometaxesextraordinaryitemsnoncontrollinginterest": 157000000,
        "incometaxexpensebenefit": 53000000,
        "profitloss": 104000000,
        "earningspersharebasic": 0.33000000000000007,
        "earningspersharediluted": 0.33000000000000007,
        "commonstockdividendspersharedeclared": 0.335,
        "othercomprehensiveincomeunrealizedholdinggainlossonsecuritiesarisingduringperiodnetoftax": 0,
        "othercomprehensiveincomelossreclassificationadjustmentfromaociforsaleofsecuritiesnetoftax": 0,
        "othercomprehensiveincomelossnetoftax": 1000000,
        "comprehensiveincomenetoftaxincludingportionattributabletononcontrollinginterest": 89000000,
        "othercomprehensiveincomelossreclassificationadjustmentfromaociforsaleofsecuritiestax": 0
    },
    {
        "date": "2017-03-30",
        "symbol": "CMS",
        "period": "Q1",
        "revenues": 701000000,
        "fuelcosts": 89000000,
        "utilitiesoperatingexpensepurchasedpower": 331000000,
        "purchasedpowerrelatedparties": 22000000,
        "costofnaturalgaspurchases": 332000000,
        "othercostandexpenseoperating": 265000000,
        "depreciationdepletionandamortization": 260000000,
        "taxesexcludingincomeandexcisetaxes": 79000000,
        "costsandexpenses": 1378000000,
        "operatingincomeloss": 359000000,
        "investmentincomeinterestanddividend": 4000000,
        "publicutilitiesallowanceforfundsusedduringconstructioncapitalizedcostofequity": 2000000,
        "incomelossfromequitymethodinvestments": 4000000,
        "othernonoperatingincomeexpenseretirementbenefitsnet": 3000000,
        "othernonoperatingincome": 14000000,
        "othernonoperatingexpense": 2000000,
        "nonoperatingincomeexpense": 21000000,
        "interestexpensedebt": 66000000,
        "interestexpenseother": 3000000,
        "interestcostscapitalizedadjustment": 1000000,
        "interestexpense": 68000000,
        "incomelossfromcontinuingoperationsbeforeincometaxesextraordinaryitemsnoncontrollinginterest": 312000000,
        "incometaxexpensebenefit": 101000000,
        "profitloss": 211000000,
        "earningspersharebasic": 0.71,
        "earningspersharediluted": 0.71,
        "commonstockdividendspersharedeclared": 0.33,
        "othercomprehensiveincomeunrealizedholdinggainlossonsecuritiesarisingduringperiodnetoftax": 2000000,
        "othercomprehensiveincomelossreclassificationadjustmentfromaociforsaleofsecuritiesnetoftax": 8000000,
        "othercomprehensiveincomelossnetoftax": -6000000,
        "comprehensiveincomenetoftaxincludingportionattributabletononcontrollinginterest": 205000000,
        "othercomprehensiveincomelossreclassificationadjustmentfromaociforsaleofsecuritiestax": -5000000
    },
    {
        "date": "2016-09-29",
        "symbol": "CMS",
        "period": "Q3",
        "revenues": 185000000,
        "fuelcosts": 118000000,
        "utilitiesoperatingexpensepurchasedpower": 445000000,
        "purchasedpowerrelatedparties": 23000000,
        "costofnaturalgaspurchases": 39000000,
        "othercostandexpenseoperating": 265000000,
        "depreciationdepletionandamortization": 182000000,
        "taxesexcludingincomeandexcisetaxes": 61000000,
        "costsandexpenses": 1133000000,
        "operatingincomeloss": 365000000,
        "investmentincomeinterestanddividend": 1000000,
        "publicutilitiesallowanceforfundsusedduringconstructioncapitalizedcostofequity": 3000000,
        "incomelossfromequitymethodinvestments": 5000000,
        "othernonoperatingincome": 2000000,
        "othernonoperatingexpense": 6000000,
        "nonoperatingincomeexpense": 0,
        "interestexpensedebt": 65000000,
        "interestexpenseother": 3000000,
        "interestcostscapitalizedadjustment": 1000000,
        "interestexpense": 67000000,
        "incomelossfromcontinuingoperationsbeforeincometaxesextraordinaryitemsnoncontrollinginterest": 298000000,
        "incometaxexpensebenefit": 179000000,
        "profitloss": 195000000,
        "earningspersharebasic": 0.67,
        "earningspersharediluted": 0.66,
        "commonstockdividendspersharedeclared": 0.3100000000000001,
        "othercomprehensiveincomeunrealizedholdinggainlossonsecuritiesarisingduringperiodnetoftax": -2000000,
        "othercomprehensiveincomelossnetoftax": -2000000,
        "comprehensiveincomenetoftax": 193000000,
        "othercomprehensiveincomeunrealizedholdinggainlossonsecuritiesarisingduringperiodtax": -1000000
    },
    {
        "date": "2016-06-29",
        "symbol": "CMS",
        "period": "Q2",
        "revenues": 271000000,
        "fuelcosts": 73000000,
        "utilitiesoperatingexpensepurchasedpower": 360000000,
        "purchasedpowerrelatedparties": 21000000,
        "costofnaturalgaspurchases": 87000000,
        "othercostandexpenseoperating": 254000000,
        "depreciationdepletionandamortization": 173000000,
        "taxesexcludingincomeandexcisetaxes": 61000000,
        "costsandexpenses": 1029000000,
        "operatingincomeloss": 264000000,
        "investmentincomeinterestanddividend": 1000000,
        "interestanddividendincomerelatedparties": 1000000,
        "publicutilitiesallowanceforfundsusedduringconstructioncapitalizedcostofequity": 3000000,
        "incomelossfromequitymethodinvestments": 3000000,
        "othernonoperatingincome": 2000000,
        "othernonoperatingexpense": 4000000,
        "nonoperatingincomeexpense": 3000000,
        "interestexpensedebt": 65000000,
        "interestexpenseother": 3000000,
        "interestcostscapitalizedadjustment": 2000000,
        "interestexpense": 66000000,
        "incomelossfromcontinuingoperationsbeforeincometaxesextraordinaryitemsnoncontrollinginterest": 201000000,
        "incometaxexpensebenefit": 69000000,
        "profitloss": 132000000,
        "netincomelossattributabletononcontrollinginterest": 1000000,
        "preferredstockdividendsandotheradjustments": 1000000,
        "netincomeloss": -10000000,
        "netincomelossavailabletocommonstockholdersbasic": 18000000,
        "earningspersharebasic": 0.45,
        "earningspersharediluted": 0.45,
        "commonstockdividendspersharedeclared": 0.31,
        "othercomprehensiveincomelossreclassificationadjustmentfromaocipensionandotherpostretirementbenefitplansfornetgainlossnetoftax": -1000000,
        "othercomprehensiveincomelossamortizationadjustmentfromaocipensionandotherpostretirementbenefitplansfornetpriorservicecostcreditnetoftax": -1000000,
        "othercomprehensiveincomeunrealizedholdinggainlossonsecuritiesarisingduringperiodnetoftax": 2000000,
        "othercomprehensiveincomelossnetoftax": 2000000,
        "comprehensiveincomenetoftaxincludingportionattributabletononcontrollinginterest": 125000000,
        "comprehensiveincomenetoftaxattributabletononcontrollinginterest": 1000000,
        "comprehensiveincomenetoftax": 134000000,
        "othercomprehensiveincomeunrealizedholdinggainlossonsecuritiesarisingduringperiodtax": 1000000
    },
    {
        "date": "2016-03-30",
        "symbol": "CMS",
        "period": "Q1",
        "revenues": 710000000,
        "fuelcosts": 99000000,
        "utilitiesoperatingexpensepurchasedpower": 343000000,
        "purchasedpowerrelatedparties": 22000000,
        "costofnaturalgaspurchases": 351000000,
        "othercostandexpenseoperating": 269000000,
        "depreciationdepletionandamortization": 237000000,
        "taxesexcludingincomeandexcisetaxes": 85000000,
        "costsandexpenses": 1406000000,
        "operatingincomeloss": 317000000,
        "investmentincomeinterestanddividend": 1000000,
        "publicutilitiesallowanceforfundsusedduringconstructioncapitalizedcostofequity": 3000000,
        "incomelossfromequitymethodinvestments": 4000000,
        "othernonoperatingincome": 3000000,
        "othernonoperatingexpense": 3000000,
        "nonoperatingincomeexpense": 4000000,
        "interestexpensedebt": 65000000,
        "interestexpenseother": 3000000,
        "interestcostscapitalizedadjustment": 1000000,
        "interestexpense": 67000000,
        "incomelossfromcontinuingoperationsbeforeincometaxesextraordinaryitemsnoncontrollinginterest": 254000000,
        "incometaxexpensebenefit": 6000000,
        "profitloss": 172000000,
        "earningspersharebasic": 0.59,
        "earningspersharediluted": 0.59,
        "commonstockdividendspersharedeclared": 0.31,
        "othercomprehensiveincomeunrealizedholdinggainlossonsecuritiesarisingduringperiodnetoftax": 3000000,
        "othercomprehensiveincomelossnetoftax": 3000000,
        "comprehensiveincomenetoftax": 175000000,
        "othercomprehensiveincomeunrealizedholdinggainlossonsecuritiesarisingduringperiodtax": 2000000
    },
    {
        "date": "2015-09-29",
        "symbol": "CMS",
        "period": "Q3",
        "revenues": 184000000,
        "fuelcosts": 138000000,
        "utilitiesoperatingexpensepurchasedpower": 389000000,
        "purchasedpowerrelatedparties": 21000000,
        "costofnaturalgaspurchases": 46000000,
        "othercostandexpenseoperating": 289000000,
        "depreciationdepletionandamortization": 172000000,
        "taxesexcludingincomeandexcisetaxes": 57000000,
        "operatingexpenses": 1112000000,
        "operatingincomeloss": 305000000,
        "investmentincomeinterestanddividend": 1000000,
        "publicutilitiesallowanceforfundsusedduringconstructioncapitalizedcostofequity": 3000000,
        "incomelossfromequitymethodinvestments": 4000000,
        "othernonoperatingincome": 2000000,
        "othernonoperatingexpense": 3000000,
        "nonoperatingincomeexpense": 3000000,
        "interestexpensedebt": 62000000,
        "interestexpenseother": 4000000,
        "interestcostscapitalizedadjustment": 1000000,
        "interestexpense": 65000000,
        "incomelossfromcontinuingoperationsbeforeincometaxesextraordinaryitemsnoncontrollinginterest": 243000000,
        "incometaxexpensebenefit": 83000000,
        "profitloss": 160000000,
        "earningspersharebasic": 0.53,
        "earningspersharediluted": 0.53,
        "commonstockdividendspersharedeclared": 0.2900000000000001,
        "othercomprehensiveincomelossreclassificationadjustmentfromaocipensionandotherpostretirementbenefitplansfornetgainlossnetoftax": -1000000,
        "othercomprehensiveincomelossnetoftax": 1000000,
        "comprehensiveincomenetoftax": 161000000
    },
    {
        "date": "2015-06-29",
        "symbol": "CMS",
        "period": "Q2",
        "revenues": 274000000,
        "fuelcosts": 110000000,
        "utilitiesoperatingexpensepurchasedpower": 337000000,
        "purchasedpowerrelatedparties": 17000000,
        "costofnaturalgaspurchases": 108000000,
        "othercostandexpenseoperating": 291000000,
        "depreciationdepletionandamortization": 168000000,
        "taxesexcludingincomeandexcisetaxes": 58000000,
        "operatingexpenses": 1089000000,
        "operatingincomeloss": 192000000,
        "investmentincomeinterestanddividend": 1000000,
        "publicutilitiesallowanceforfundsusedduringconstructioncapitalizedcostofequity": 2000000,
        "incomelossfromequitymethodinvestments": 1000000,
        "othernonoperatingincome": 3000000,
        "othernonoperatingexpense": 4000000,
        "nonoperatingincomeexpense": 2000000,
        "interestexpensedebt": 63000000,
        "interestexpenseother": 4000000,
        "interestcostscapitalizedadjustment": 1000000,
        "interestexpense": 66000000,
        "incomelossfromcontinuingoperationsbeforeincometaxesextraordinaryitemsnoncontrollinginterest": 128000000,
        "incometaxexpensebenefit": 44000000,
        "profitloss": 84000000,
        "earningspersharebasic": 0.25,
        "earningspersharediluted": 0.25,
        "commonstockdividendspersharedeclared": 0.29,
        "othercomprehensiveincomelossreclassificationadjustmentfromaocipensionandotherpostretirementbenefitplansfornetgainlossnetoftax": -1000000,
        "othercomprehensiveincomelossreclassificationadjustmentfromaociforsaleofsecuritiesnetoftax": 0,
        "othercomprehensiveincomelossnetoftax": -1000000,
        "comprehensiveincomenetoftax": 83000000,
        "othercomprehensiveincomelossreclassificationadjustmentfromaocipensionandotherpostretirementbenefitplansfornetgainlosstax": 0,
        "othercomprehensiveincomelossreclassificationadjustmentfromaociforsaleofsecuritiestax": 0
    },
    {
        "date": "2015-03-30",
        "symbol": "CMS",
        "period": "Q1",
        "revenues": 995000000,
        "fuelcosts": 133000000,
        "utilitiesoperatingexpensepurchasedpower": 346000000,
        "purchasedpowerrelatedparties": 23000000,
        "costofnaturalgaspurchases": 583000000,
        "othercostandexpenseoperating": 265000000,
        "depreciationdepletionandamortization": 220000000,
        "taxesexcludingincomeandexcisetaxes": 79000000,
        "operatingexpenses": 1649000000,
        "operatingincomeloss": 379000000,
        "investmentincomeinterestanddividend": 1000000,
        "publicutilitiesallowanceforfundsusedduringconstructioncapitalizedcostofequity": 2000000,
        "incomelossfromequitymethodinvestments": 4000000,
        "othernonoperatingincome": 12000000,
        "othernonoperatingexpense": 4000000,
        "nonoperatingincomeexpense": 11000000,
        "interestexpensedebt": 63000000,
        "interestexpenseother": 3000000,
        "interestcostscapitalizedadjustment": 1000000,
        "interestexpense": 65000000,
        "incomelossfromcontinuingoperationsbeforeincometaxesextraordinaryitemsnoncontrollinginterest": 325000000,
        "incometaxexpensebenefit": 110000000,
        "profitloss": 215000000,
        "earningspersharebasic": 0.73,
        "earningspersharediluted": 0.73,
        "commonstockdividendspersharedeclared": 0.29,
        "othercomprehensiveincomelossreclassificationadjustmentfromaocipensionandotherpostretirementbenefitplansfornetgainlossnetoftax": -1000000,
        "othercomprehensiveincomelossreclassificationadjustmentfromaociforsaleofsecuritiesnetoftax": -5000000,
        "othercomprehensiveincomelossnetoftax": -4000000,
        "comprehensiveincomenetoftax": 211000000,
        "othercomprehensiveincomelossreclassificationadjustmentfromaocipensionandotherpostretirementbenefitplansfornetgainlosstax": 1000000,
        "othercomprehensiveincomelossreclassificationadjustmentfromaociforsaleofsecuritiestax": -3000000
    },
    {
        "date": "2014-09-29",
        "symbol": "CMS",
        "period": "Q3",
        "revenues": 0,
        "fuelcosts": 137000000,
        "utilitiesoperatingexpensepurchasedpower": 382000000,
        "purchasedpowerrelatedparties": 21000000,
        "costofnaturalgaspurchases": 71000000,
        "othercostandexpenseoperating": 296000000,
        "depreciationdepletionandamortization": 152000000,
        "taxesexcludingincomeandexcisetaxes": 55000000,
        "operatingexpenses": 1114000000,
        "operatingincomeloss": 245000000,
        "publicutilitiesallowanceforfundsusedduringconstructioncapitalizedcostofequity": 2000000,
        "incomelossfromequitymethodinvestments": 4000000,
        "othernonoperatingincome": 2000000,
        "othernonoperatingexpense": 3000000,
        "nonoperatingincomeexpense": 3000000,
        "interestexpensedebt": 62000000,
        "interestexpenseother": 3000000,
        "interestexpense": 64000000,
        "incometaxexpensebenefit": 65000000,
        "profitloss": 119000000,
        "netincomelossavailabletocommonstockholdersbasic": 0,
        "earningspersharebasic": 0.33999999999999986,
        "earningspersharediluted": 0.33999999999999986,
        "commonstockdividendspersharedeclared": 0.27,
        "othercomprehensiveincomeunrealizedholdinggainlossonsecuritiesarisingduringperiodnetoftax": -1000000,
        "othercomprehensiveincomelossnetoftax": 0,
        "comprehensiveincomenetoftaxincludingportionattributabletononcontrollinginterest": 94000000,
        "comprehensiveincomenetoftax": 119000000,
        "othercomprehensiveincomeunrealizedholdinggainlossonsecuritiesarisingduringperiodtax": -1000000
    },
    {
        "date": "2014-06-29",
        "symbol": "CMS",
        "period": "Q2",
        "revenues": -1157000000,
        "fuelcosts": 132000000,
        "utilitiesoperatingexpensepurchasedpower": 348000000,
        "purchasedpowerrelatedparties": 22000000,
        "costofnaturalgaspurchases": 167000000,
        "othercostandexpenseoperating": 288000000,
        "depreciationdepletionandamortization": 149000000,
        "taxesexcludingincomeandexcisetaxes": 54000000,
        "operatingexpenses": 1160000000,
        "operatingincomeloss": 227000000,
        "publicutilitiesallowanceforfundsusedduringconstructioncapitalizedcostofequity": 2000000,
        "incomelossfromequitymethodinvestments": 3000000,
        "othernonoperatingincome": 3000000,
        "othernonoperatingexpense": 4000000,
        "nonoperatingincomeexpense": 2000000,
        "interestexpensedebt": 59000000,
        "interestexpenseother": 2000000,
        "publicutilitiesallowanceforfundsusedduringconstructioncapitalizedinterest": -1000000,
        "interestexpense": 60000000,
        "incomelossfromcontinuingoperationsbeforeincometaxesdomestic": 169000000,
        "incometaxexpensebenefit": 60000000,
        "profitloss": 109000000,
        "netincomelossavailabletocommonstockholdersbasic": -120000000,
        "earningspersharebasic": 0.30000000000000004,
        "earningspersharediluted": 0.30000000000000004,
        "commonstockdividendspersharedeclared": 0.27,
        "othercomprehensiveincomeunrealizedholdinggainlossonsecuritiesarisingduringperiodnetoftax": 1000000,
        "othercomprehensiveincomelossreclassificationadjustmentfromaocionderivativesnetoftax": 0,
        "othercomprehensiveincomelossnetoftax": 2000000,
        "comprehensiveincomenetoftaxincludingportionattributabletononcontrollinginterest": 85000000,
        "comprehensiveincomenetoftax": 111000000,
        "othercomprehensiveincomeunrealizedholdinggainlossonsecuritiesarisingduringperiodtax": 1000000
    },
    {
        "date": "2014-03-30",
        "symbol": "CMS",
        "period": "Q1",
        "revenues": 1158000000,
        "fuelcosts": 186000000,
        "utilitiesoperatingexpensepurchasedpower": 484000000,
        "purchasedpowerrelatedparties": 24000000,
        "costofnaturalgaspurchases": 768000000,
        "othercostandexpenseoperating": 250000000,
        "depreciationdepletionandamortization": 197000000,
        "taxesexcludingincomeandexcisetaxes": 74000000,
        "operatingexpenses": 1983000000,
        "operatingincomeloss": 399000000,
        "publicutilitiesallowanceforfundsusedduringconstructioncapitalizedcostofequity": 2000000,
        "incomelossfromequitymethodinvestments": 4000000,
        "othernonoperatingincome": 3000000,
        "othernonoperatingexpense": 6000000,
        "nonoperatingincomeexpense": -1000000,
        "interestexpensedebt": 59000000,
        "interestexpenseother": 3000000,
        "publicutilitiesallowanceforfundsusedduringconstructioncapitalizedinterest": -1000000,
        "interestexpense": 61000000,
        "incomelossfromcontinuingoperationsbeforeincometaxesdomestic": 337000000,
        "incometaxexpensebenefit": 116000000,
        "netincomelossavailabletocommonstockholdersbasic": 121000000,
        "earningspersharebasic": 0.77,
        "earningspersharediluted": 0.75,
        "commonstockdividendspersharedeclared": 0.27,
        "profitloss": 221000000,
        "othercomprehensiveincomelossreclassificationadjustmentfromaocionderivativesnetoftax": 1000000,
        "othercomprehensiveincomeunrealizedholdinggainlossonsecuritiesarisingduringperiodnetoftax": 2000000,
        "othercomprehensiveincomelossnetoftax": 2000000,
        "comprehensiveincomenetoftaxincludingportionattributabletononcontrollinginterest": 205000000,
        "comprehensiveincomenetoftax": 223000000,
        "othercomprehensiveincomeunrealizedholdinggainlossonsecuritiesarisingduringperiodtax": 1000000
    },
    {
        "date": "2013-09-29",
        "symbol": "CMS",
        "period": "Q3",
        "revenues": 198000000,
        "fuelcosts": 148000000,
        "utilitiesoperatingexpensepurchasedpower": 374000000,
        "purchasedpowerrelatedparties": 21000000,
        "costofnaturalgaspurchases": 64000000,
        "othercostandexpenseoperating": 270000000,
        "taxesexcludingincomeandexcisetaxes": 53000000,
        "operatingexpenses": 1072000000,
        "operatingincomeloss": 314000000,
        "publicutilitiesallowanceforfundsusedduringconstructioncapitalizedcostofequity": 1000000,
        "incomelossfromequitymethodinvestments": 3000000,
        "othernonoperatingincome": 2000000,
        "othernonoperatingexpense": 3000000,
        "nonoperatingincomeexpense": 1000000,
        "interestexpensedebt": 58000000,
        "interestexpenseother": 2000000,
        "publicutilitiesallowanceforfundsusedduringconstructioncapitalizedinterest": 0,
        "interestexpense": 60000000,
        "incomelossfromcontinuingoperationsbeforeincometaxesdomestic": 255000000,
        "incometaxexpensebenefit": -166000000,
        "incomelossfromcontinuingoperationsincludingportionattributabletononcontrollinginterest": 127000000,
        "profitloss": 153000000,
        "incomelossfromcontinuingoperations": 126000000,
        "netincomelossavailabletocommonstockholdersbasic": 0,
        "incomelossfromcontinuingoperationsperbasicshare": 0.47,
        "earningspersharebasic": 0.47,
        "incomelossfromcontinuingoperationsperdilutedshare": 0.4600000000000001,
        "earningspersharediluted": 0.4600000000000001,
        "commonstockdividendspersharedeclared": 0.255,
        "othercomprehensiveincomeunrealizedholdinggainlossonsecuritiesarisingduringperiodnetoftax": 1000000,
        "othercomprehensiveincomelossnetoftax": 0,
        "comprehensiveincomenetoftaxincludingportionattributabletononcontrollinginterest": 144000000,
        "comprehensiveincomenetoftax": 153000000,
        "othercomprehensiveincomelossnetoftaxportionattributabletoparent": 143000000
    },
    {
        "date": "2013-06-29",
        "symbol": "CMS",
        "period": "Q2",
        "revenues": 316000000,
        "fuelcosts": 125000000,
        "utilitiesoperatingexpensepurchasedpower": 340000000,
        "purchasedpowerrelatedparties": 23000000,
        "costofnaturalgaspurchases": 154000000,
        "othercostandexpenseoperating": 289000000,
        "otherdepreciationandamortization": 136000000,
        "taxesexcludingincomeandexcisetaxes": 48000000,
        "operatingexpenses": 1115000000,
        "operatingincomeloss": 227000000,
        "publicutilitiesallowanceforfundsusedduringconstructioncapitalizedcostofequity": 1000000,
        "incomelossfromequitymethodinvestments": 3000000,
        "othernonoperatingincome": 2000000,
        "othernonoperatingexpense": 3000000,
        "nonoperatingincomeexpense": 2000000,
        "interestexpensedebt": 60000000,
        "interestexpenseother": 3000000,
        "publicutilitiesallowanceforfundsusedduringconstructioncapitalizedinterest": -1000000,
        "interestexpense": 62000000,
        "incomelossfromcontinuingoperationsbeforeincometaxesdomestic": 167000000,
        "incometaxexpensebenefit": 67000000,
        "incomelossfromcontinuingoperationsincludingportionattributabletononcontrollinginterest": 81000000,
        "profitloss": 100000000,
        "incomelossfromcontinuingoperations": 80000000,
        "netincomelossavailabletocommonstockholdersbasic": -95000000,
        "incomelossfromcontinuingoperationsperbasicshare": 0.29999999999999993,
        "earningspersharebasic": 0.29999999999999993,
        "incomelossfromcontinuingoperationsperdilutedshare": 0.29999999999999993,
        "earningspersharediluted": 0.29999999999999993,
        "commonstockdividendspersharedeclared": 0.255,
        "othercomprehensiveincomelosspensionandotherpostretirementbenefitplansadjustmentnetoftax": 1000000,
        "othercomprehensiveincomeunrealizedholdinggainlossonsecuritiesarisingduringperiodnetoftax": -7000000,
        "othercomprehensiveincomelossnetoftax": -3000000,
        "comprehensiveincomenetoftaxincludingportionattributabletononcontrollinginterest": 79000000,
        "comprehensiveincomenetoftax": 97000000,
        "othercomprehensiveincomelossnetoftaxportionattributabletoparent": 78000000
    },
    {
        "date": "2013-03-30",
        "symbol": "CMS",
        "period": "Q1",
        "revenues": 958000000,
        "fuelcosts": 133000000,
        "utilitiesoperatingexpensepurchasedpower": 329000000,
        "purchasedpowerrelatedparties": 23000000,
        "costofnaturalgaspurchases": 600000000,
        "othercostandexpenseoperating": 266000000,
        "otherdepreciationandamortization": 180000000,
        "taxesexcludingincomeandexcisetaxes": 69000000,
        "operatingexpenses": 1600000000,
        "operatingincomeloss": 319000000,
        "publicutilitiesallowanceforfundsusedduringconstructioncapitalizedcostofequity": 3000000,
        "incomelossfromequitymethodinvestments": 5000000,
        "othernonoperatingincome": 7000000,
        "othernonoperatingexpense": 3000000,
        "nonoperatingincomeexpense": 7000000,
        "interestexpensedebt": 59000000,
        "interestexpenseother": 3000000,
        "publicutilitiesallowanceforfundsusedduringconstructioncapitalizedinterest": -1000000,
        "interestexpense": 61000000,
        "incomelossfromcontinuingoperationsbeforeincometaxesdomestic": 265000000,
        "incometaxexpensebenefit": 103000000,
        "incomelossfromcontinuingoperationsincludingportionattributabletononcontrollinginterest": 144000000,
        "profitloss": 162000000,
        "incomelossfromcontinuingoperations": 144000000,
        "netincomelossavailabletocommonstockholdersbasic": 96000000,
        "incomelossfromcontinuingoperationsperbasicshare": 0.55,
        "earningspersharebasic": 0.55,
        "incomelossfromcontinuingoperationsperdilutedshare": 0.53,
        "earningspersharediluted": 0.53,
        "commonstockdividendspersharedeclared": 0.255,
        "othercomprehensiveincomelosspensionandotherpostretirementbenefitplansadjustmentnetoftax": 1000000,
        "othercomprehensiveincomedefinedbenefitplansnetunamortizedgainlossarisingduringperiodnetoftax": 1000000,
        "othercomprehensiveincomeunrealizedholdinggainlossonsecuritiesarisingduringperiodnetoftax": 4000000,
        "othercomprehensiveincomelossreclassificationadjustmentforsaleofsecuritiesincludedinnetincomenetoftax": -3000000,
        "othercomprehensiveincomelossnetoftax": 2000000,
        "comprehensiveincomenetoftaxincludingportionattributabletononcontrollinginterest": 145000000,
        "comprehensiveincomenetoftax": 164000000,
        "othercomprehensiveincomelossnetoftaxportionattributabletoparent": 145000000,
        "othercomprehensiveincomelossreclassificationadjustmentforsaleofsecuritiesincludedinnetincometax": -1000000
    },
    {
        "date": "2012-03-30",
        "symbol": "CMS",
        "period": "Q1",
        "revenues": 839000000,
        "fuelcosts": 106000000,
        "utilitiesoperatingexpensepurchasedpower": 313000000,
        "purchasedpowerrelatedparties": 21000000,
        "costofnaturalgaspurchases": 536000000,
        "othercostandexpenseoperating": 277000000,
        "otherdepreciationandamortization": 171000000,
        "taxesexcludingincomeandexcisetaxes": 68000000,
        "operatingexpenses": 1492000000,
        "operatingincomeloss": 183000000,
        "investmentincomeinterestanddividend": 1000000,
        "publicutilitiesallowanceforfundsusedduringconstructioncapitalizedcostofequity": 2000000,
        "incomelossfromequitymethodinvestments": 5000000,
        "othernonoperatingincome": 8000000,
        "othernonoperatingexpense": 2000000,
        "nonoperatingincomeexpense": 9000000,
        "interestexpensedebt": 61000000,
        "interestexpenseother": 4000000,
        "publicutilitiesallowanceforfundsusedduringconstructioncapitalizedinterest": -1000000,
        "interestexpense": 64000000,
        "incomelossfromcontinuingoperationsbeforeincometaxesdomestic": 128000000,
        "incometaxexpensebenefit": 52000000,
        "incomelossfromcontinuingoperationsincludingportionattributabletononcontrollinginterest": 60000000,
        "incomelossfromdiscontinuedoperationsnetoftax": 7000000,
        "profitloss": 76000000,
        "netincomelossavailabletocommonstockholdersbasic": 55000000,
        "incomelossfromcontinuingoperations": 60000000,
        "incomelossfromdiscontinuedoperationsnetoftaxattributabletoreportingentity": 7000000,
        "incomelossfromcontinuingoperationsperbasicshare": 0.23,
        "incomelossfromdiscontinuedoperationsnetoftaxperbasicshare": 0.03,
        "earningspersharebasic": 0.26,
        "incomelossfromcontinuingoperationsperdilutedshare": 0.22,
        "incomelossfromdiscontinuedoperationsnetoftaxperdilutedshare": 0.03,
        "earningspersharediluted": 0.25,
        "commonstockdividendspersharedeclared": 0.24,
        "discontinuedoperationtaxeffectofdiscontinuedoperation": 4000000,
        "othercomprehensiveincomeminimumpensionliabilitynetadjustmentnetoftax": -1000000,
        "othercomprehensiveincomeunrealizedholdinggainlossonsecuritiesarisingduringperiodnetoftax": -3000000,
        "othercomprehensiveincomelossnetoftaxperiodincreasedecrease": -2000000,
        "comprehensiveincomenetoftax": 74000000,
        "othercomprehensiveincomeunrealizedholdinggainlossonsecuritiesarisingduringperiodtax": -2000000
    },
    {
        "date": "2010-06-29",
        "symbol": "CMS",
        "period": "Q2",
        "revenues": 1276000000,
        "fuelcosts": 125000000,
        "costofpurchasedpower": 310000000,
        "purchasedpowerrelatedparties": 20000000,
        "costofgassold": 163000000,
        "othercostandexpenseoperating": 281000000,
        "otherdepreciationandamortization": 130000000,
        "taxesexcludingincomeandexcisetaxes": 40000000,
        "insurancerecoveries": 50000000,
        "gainslossesonsalesofassets": 4000000,
        "operatingexpenses": 1069000000,
        "operatingincomeloss": 207000000,
        "investmentincomeinterestanddividend": 4000000,
        "publicutilitiesallowanceforfundsusedduringconstructioncapitalizedcostofequity": 2000000,
        "incomelossfromequitymethodinvestments": 2000000,
        "othernonoperatingincome": 9000000,
        "othernonoperatingexpense": 3000000,
        "nonoperatingincomeexpense": 12000000,
        "interestexpensedebt": 60000000,
        "interestexpenseother": 19000000,
        "publicutilitiesallowanceforfundsusedduringconstructioncapitalizedinterest": -1000000,
        "interestexpense": 78000000,
        "incomelossfromcontinuingoperationsbeforeincometaxesdomestic": 141000000,
        "incometaxexpensebenefit": 53000000,
        "incomelossfromcontinuingoperationsincludingportionattributabletononcontrollinginterest": 100000000,
        "incomelossfromdiscontinuedoperationsnetoftax": -16000000,
        "profitloss": 84000000,
        "netincomelossattributabletononcontrollinginterest": 2000000,
        "netincomeloss": 88000000,
        "preferredstockdividends": 1000000,
        "netincomelossavailabletocommonstockholdersbasic": 87000000,
        "incomelossfromcontinuingoperations": 96000000,
        "incomelossfromdiscontinuedoperationsnetoftaxattributabletoreportingentity": -16000000,
        "incomelossfromcontinuingoperationsattributabletononcontrollingentity": 2000000,
        "incomelossfromcontinuingoperationsperbasicshare": 0.42,
        "incomelossfromdiscontinuedoperationsnetoftaxperbasicshare": -0.07,
        "earningspersharebasic": 0.35,
        "incomelossfromcontinuingoperationsperdilutedshare": 0.39,
        "incomelossfromdiscontinuedoperationsnetoftaxperdilutedshare": -0.07,
        "earningspersharediluted": 0.32,
        "commonstockdividendspersharedeclared": 0.15,
        "discontinuedoperationtaxeffectofdiscontinuedoperation": 6000000
    }
]