[
    {
        "date": "2024-09-29",
        "symbol": "TXN",
        "period": "Q3",
        "revenuefromcontractwithcustomerexcludingassessedtax": 4151000000,
        "costofgoodsandservicessold": 1677000000,
        "grossprofit": 2474000000,
        "researchanddevelopmentexpense": 492000000,
        "sellinggeneralandadministrativeexpense": 428000000,
        "operatingincomeloss": 1554000000,
        "othernonoperatingincomeexpense": -6000000,
        "interestanddebtexpense": 131000000,
        "incomelossfromcontinuingoperationsbeforeincometaxesextraordinaryitemsnoncontrollinginterest": 1554000000,
        "incometaxexpensebenefit": 1000000,
        "netincomeloss": -4000000,
        "earningspersharebasic": 1.48,
        "earningspersharediluted": 1.47,
        "weightedaveragenumberofsharesoutstandingbasic": 912000000,
        "weightedaveragenumberofdilutedsharesoutstanding": 919000000,
        "undistributedearningslossallocatedtoparticipatingsecuritiesdiluted": 7000000,
        "netincomelossavailabletocommonstockholdersdiluted": 1355000000,
        "othercomprehensiveincomedefinedbenefitplansnetunamortizedgainlossarisingduringperiodnetoftax": -11000000,
        "othercomprehensiveincomelossreclassificationadjustmentfromaocipensionandotherpostretirementbenefitplansfornetgainlossnetoftax": -2000000,
        "othercomprehensiveincomeunrealizedholdinggainlossonsecuritiesarisingduringperiodnetoftax": 13000000,
        "othercomprehensiveincomelossnetoftax": 5000000,
        "comprehensiveincomenetoftax": 1367000000,
        "othercomprehensiveincomedefinedbenefitplansnetunamortizedgainlossarisingduringperiodtax": 5000000,
        "othercomprehensiveincomelossreclassificationadjustmentfromaocipensionandotherpostretirementbenefitplansfornetgainlosstax": -1000000
    },
    {
        "date": "2024-06-29",
        "symbol": "TXN",
        "period": "Q2",
        "revenuefromcontractwithcustomerexcludingassessedtax": 3822000000,
        "costofgoodsandservicessold": 1611000000,
        "grossprofit": 2211000000,
        "researchanddevelopmentexpense": 498000000,
        "sellinggeneralandadministrativeexpense": 465000000,
        "restructuringchargesandothernet": 0,
        "operatingincomeloss": 1248000000,
        "othernonoperatingincomeexpense": 4000000,
        "interestanddebtexpense": 131000000,
        "incomelossfromcontinuingoperationsbeforeincometaxesextraordinaryitemsnoncontrollinginterest": 1247000000,
        "incometaxexpensebenefit": 1000000,
        "netincomeloss": 3000000,
        "earningspersharebasic": 1.23,
        "earningspersharediluted": 1.22,
        "weightedaveragenumberofsharesoutstandingbasic": 911000000,
        "weightedaveragenumberofdilutedsharesoutstanding": 918000000,
        "undistributedearningslossallocatedtoparticipatingsecuritiesdiluted": 6000000,
        "netincomelossavailabletocommonstockholdersdiluted": 1121000000,
        "othercomprehensiveincomedefinedbenefitplansnetunamortizedgainlossarisingduringperiodnetoftax": 1000000,
        "othercomprehensiveincomelossreclassificationadjustmentfromaocipensionandotherpostretirementbenefitplansfornetgainlossnetoftax": -3000000,
        "othercomprehensiveincomelosscashflowhedgegainlossbeforereclassificationaftertax": 0,
        "othercomprehensiveincomeunrealizedholdinggainlossonsecuritiesarisingduringperiodnetoftax": -1000000,
        "othercomprehensiveincomelossnetoftax": 3000000,
        "comprehensiveincomenetoftax": 1130000000,
        "othercomprehensiveincomedefinedbenefitplansnetunamortizedgainlossarisingduringperiodtax": -1000000,
        "othercomprehensiveincomelossreclassificationadjustmentfromaocipensionandotherpostretirementbenefitplansfornetgainlosstax": -1000000,
        "othercomprehensiveincomelossavailableforsalesecuritiesbeforereclassificationadjustmentstax": 0
    },
    {
        "date": "2024-03-30",
        "symbol": "TXN",
        "period": "Q1",
        "revenuefromcontractwithcustomerexcludingassessedtax": 3661000000,
        "costofgoodsandservicessold": 1566000000,
        "grossprofit": 2095000000,
        "researchanddevelopmentexpense": 478000000,
        "sellinggeneralandadministrativeexpense": 455000000,
        "restructuringchargesandothernet": -124000000,
        "operatingincomeloss": 1286000000,
        "othernonoperatingincomeexpense": 3000000,
        "interestanddebtexpense": 116000000,
        "incomelossfromcontinuingoperationsbeforeincometaxesextraordinaryitemsnoncontrollinginterest": 1293000000,
        "incometaxexpensebenefit": 1000000,
        "netincomeloss": 2000000,
        "earningspersharebasic": 1.21,
        "earningspersharediluted": 1.2,
        "weightedaveragenumberofsharesoutstandingbasic": 910000000,
        "weightedaveragenumberofdilutedsharesoutstanding": 917000000,
        "undistributedearningslossallocatedtoparticipatingsecuritiesdiluted": 5000000,
        "netincomelossavailabletocommonstockholdersdiluted": 1100000000,
        "othercomprehensiveincomedefinedbenefitplansnetunamortizedgainlossarisingduringperiodnetoftax": 5000000,
        "othercomprehensiveincomelossreclassificationadjustmentfromaocipensionandotherpostretirementbenefitplansfornetgainlossnetoftax": -2000000,
        "othercomprehensiveincomelosscashflowhedgegainlossbeforereclassificationaftertax": 1000000,
        "othercomprehensiveincomeunrealizedholdinggainlossonsecuritiesarisingduringperiodnetoftax": -6000000,
        "othercomprehensiveincomelossnetoftax": 2000000,
        "comprehensiveincomenetoftax": 1107000000,
        "othercomprehensiveincomedefinedbenefitplansnetunamortizedgainlossarisingduringperiodtax": -2000000,
        "othercomprehensiveincomelossreclassificationadjustmentfromaocipensionandotherpostretirementbenefitplansfornetgainlosstax": -1000000,
        "othercomprehensiveincomelossavailableforsalesecuritiesbeforereclassificationadjustmentstax": 2000000
    },
    {
        "date": "2023-12-30",
        "symbol": "TXN",
        "period": "Q4",
        "revenuefromcontractwithcustomerexcludingassessedtax": 4077000000,
        "grossprofit": 2431000000,
        "researchanddevelopmentexpense": 460000000,
        "sellinggeneralandadministrativeexpense": 438000000,
        "operatingincomeloss": 1533000000,
        "othernonoperatingincomeexpense": 0,
        "interestanddebtexpense": 98000000,
        "incomelossfromcontinuingoperationsbeforeincometaxesextraordinaryitemsnoncontrollinginterest": 1548000000,
        "incometaxexpensebenefit": 2000000,
        "netincomeloss": 0,
        "earningspersharebasic": 1.5,
        "earningspersharediluted": 1.4900000000000007,
        "weightedaveragenumberofsharesoutstandingbasic": 908000000,
        "weightedaveragenumberofdilutedsharesoutstanding": 916000000,
        "undistributedearningslossallocatedtoparticipatingsecuritiesdiluted": 7000000,
        "netincomelossavailabletocommonstockholdersdiluted": 1364000000,
        "othercomprehensiveincomedefinedbenefitplansnetunamortizedgainlossarisingduringperiodnetoftax": 21000000,
        "othercomprehensiveincomelossreclassificationadjustmentfromaocipensionandotherpostretirementbenefitplansfornetgainlossnetoftax": -6000000,
        "othercomprehensiveincomeunrealizedholdinggainlossonsecuritiesarisingduringperiodnetoftax": 3000000,
        "othercomprehensiveincomelossnetoftax": 30000000,
        "comprehensiveincomenetoftax": 1401000000,
        "othercomprehensiveincomedefinedbenefitplansnetunamortizedgainlossarisingduringperiodtax": -5000000,
        "othercomprehensiveincomelossreclassificationadjustmentfromaocipensionandotherpostretirementbenefitplansfornetgainlosstax": -2000000
    },
    {
        "date": "2023-09-29",
        "symbol": "TXN",
        "period": "Q3",
        "revenuefromcontractwithcustomerexcludingassessedtax": 4532000000,
        "grossprofit": 2815000000,
        "researchanddevelopmentexpense": 471000000,
        "sellinggeneralandadministrativeexpense": 452000000,
        "operatingincomeloss": 1892000000,
        "othernonoperatingincomeexpense": -7000000,
        "interestanddebtexpense": 98000000,
        "incomelossfromcontinuingoperationsbeforeincometaxesextraordinaryitemsnoncontrollinginterest": 1922000000,
        "incometaxexpensebenefit": 1000000,
        "netincomeloss": -5000000,
        "earningspersharebasic": 1.87,
        "earningspersharediluted": 1.8599999999999999,
        "weightedaveragenumberofsharesoutstandingbasic": 908000000,
        "weightedaveragenumberofdilutedsharesoutstanding": 916000000,
        "undistributedearningslossallocatedtoparticipatingsecuritiesdiluted": 9000000,
        "netincomelossavailabletocommonstockholdersdiluted": 1700000000,
        "othercomprehensiveincomedefinedbenefitplansnetunamortizedgainlossarisingduringperiodnetoftax": 6000000,
        "othercomprehensiveincomelossreclassificationadjustmentfromaocipensionandotherpostretirementbenefitplansfornetgainlossnetoftax": -3000000,
        "othercomprehensiveincomelosscashflowhedgegainlossbeforereclassificationaftertax": 0,
        "othercomprehensiveincomeunrealizedholdinggainlossonsecuritiesarisingduringperiodnetoftax": 1000000,
        "othercomprehensiveincomelossnetoftax": 11000000,
        "comprehensiveincomenetoftax": 1720000000,
        "othercomprehensiveincomedefinedbenefitplansnetunamortizedgainlossarisingduringperiodtax": -3000000,
        "othercomprehensiveincomelossreclassificationadjustmentfromaocipensionandotherpostretirementbenefitplansfornetgainlosstax": -1000000
    },
    {
        "date": "2023-06-29",
        "symbol": "TXN",
        "period": "Q2",
        "revenuefromcontractwithcustomerexcludingassessedtax": 4531000000,
        "costofrevenue": 1621000000,
        "grossprofit": 2910000000,
        "researchanddevelopmentexpense": 477000000,
        "sellinggeneralandadministrativeexpense": 461000000,
        "operatingincomeloss": 1972000000,
        "othernonoperatingincomeexpense": 4000000,
        "interestanddebtexpense": 89000000,
        "incomelossfromcontinuingoperationsbeforeincometaxesextraordinaryitemsnoncontrollinginterest": 2002000000,
        "incometaxexpensebenefit": 1000000,
        "netincomeloss": 3000000,
        "earningspersharebasic": 1.89,
        "earningspersharediluted": 1.87,
        "weightedaveragenumberofsharesoutstandingbasic": 908000000,
        "weightedaveragenumberofdilutedsharesoutstanding": 916000000,
        "undistributedearningslossallocatedtoparticipatingsecuritiesdiluted": 8000000,
        "netincomelossavailabletocommonstockholdersdiluted": 1714000000,
        "othercomprehensiveincomedefinedbenefitplansnetunamortizedgainlossarisingduringperiodnetoftax": 2000000,
        "othercomprehensiveincomelossreclassificationadjustmentfromaocipensionandotherpostretirementbenefitplansfornetgainlossnetoftax": -3000000,
        "othercomprehensiveincomelosscashflowhedgegainlossbeforereclassificationaftertax": 3000000,
        "othercomprehensiveincomeunrealizedholdinggainlossonsecuritiesarisingduringperiodnetoftax": -2000000,
        "othercomprehensiveincomelossnetoftax": 6000000,
        "comprehensiveincomenetoftax": 1728000000,
        "othercomprehensiveincomedefinedbenefitplansnetunamortizedgainlossarisingduringperiodtax": -2000000,
        "othercomprehensiveincomelossreclassificationadjustmentfromaocipensionandotherpostretirementbenefitplansfornetgainlosstax": -1000000,
        "othercomprehensiveincomelosscashflowhedgegainlossbeforereclassificationtax": -1000000
    },
    {
        "date": "2023-03-30",
        "symbol": "TXN",
        "period": "Q1",
        "revenuefromcontractwithcustomerexcludingassessedtax": 4379000000,
        "costofrevenue": 1516000000,
        "grossprofit": 2863000000,
        "researchanddevelopmentexpense": 455000000,
        "sellinggeneralandadministrativeexpense": 474000000,
        "operatingincomeloss": 1934000000,
        "othernonoperatingincomeexpense": 4000000,
        "interestanddebtexpense": 68000000,
        "incomelossfromcontinuingoperationsbeforeincometaxesextraordinaryitemsnoncontrollinginterest": 1946000000,
        "incometaxexpensebenefit": 1000000,
        "netincomeloss": 3000000,
        "earningspersharebasic": 1.87,
        "earningspersharediluted": 1.85,
        "weightedaveragenumberofsharesoutstandingbasic": 907000000,
        "weightedaveragenumberofdilutedsharesoutstanding": 916000000,
        "undistributedearningslossallocatedtoparticipatingsecuritiesdiluted": 9000000,
        "netincomelossavailabletocommonstockholdersdiluted": 1699000000,
        "othercomprehensiveincomedefinedbenefitplansnetunamortizedgainlossarisingduringperiodnetoftax": -2000000,
        "othercomprehensiveincomelossreclassificationadjustmentfromaocipensionandotherpostretirementbenefitplansfornetgainlossnetoftax": -3000000,
        "othercomprehensiveincomelosscashflowhedgegainlossbeforereclassificationaftertax": -2000000,
        "othercomprehensiveincomeunrealizedholdinggainlossonsecuritiesarisingduringperiodnetoftax": 3000000,
        "othercomprehensiveincomelossnetoftax": 2000000,
        "comprehensiveincomenetoftax": 1710000000,
        "othercomprehensiveincomedefinedbenefitplansnetunamortizedgainlossarisingduringperiodtax": 1000000,
        "othercomprehensiveincomelossreclassificationadjustmentfromaocipensionandotherpostretirementbenefitplansfornetgainlosstax": -1000000,
        "othercomprehensiveincomelosscashflowhedgegainlossbeforereclassificationtax": 1000000
    },
    {
        "date": "2022-12-30",
        "symbol": "TXN",
        "period": "Q4",
        "revenuefromcontractwithcustomerexcludingassessedtax": 12328000000,
        "costofrevenue": 1583000000,
        "grossprofit": 3087000000,
        "researchanddevelopmentexpense": 434000000,
        "sellinggeneralandadministrativeexpense": 429000000,
        "othercostandexpenseoperating": 48000000,
        "operatingincomeloss": 2176000000,
        "othernonoperatingincomeexpense": 0,
        "interestanddebtexpense": 60000000,
        "incomelossfromcontinuingoperationsbeforeincometaxesextraordinaryitemsnoncontrollinginterest": 2167000000,
        "incometaxexpensebenefit": 8000000,
        "netincomeloss": 0,
        "earningspersharebasic": 2.160000000000001,
        "earningspersharediluted": 2.140000000000001,
        "weightedaveragenumberofsharesoutstandingbasic": 916000000,
        "weightedaveragenumberofdilutedsharesoutstanding": 926000000,
        "undistributedearningslossallocatedtoparticipatingsecuritiesdiluted": 9000000,
        "netincomelossavailabletocommonstockholdersdiluted": 1953000000,
        "othercomprehensiveincomedefinedbenefitplansnetunamortizedgainlossarisingduringperiodnetoftax": -132000000,
        "othercomprehensiveincomelossreclassificationadjustmentfromaocipensionandotherpostretirementbenefitplansfornetgainlossnetoftax": -28000000,
        "othercomprehensiveincomeunrealizedholdinggainlossonsecuritiesarisingduringperiodnetoftax": 5000000,
        "othercomprehensiveincomelossnetoftax": -100000000,
        "comprehensiveincomenetoftax": 1862000000,
        "othercomprehensiveincomedefinedbenefitplansnetunamortizedgainlossarisingduringperiodtax": 46000000,
        "othercomprehensiveincomelossreclassificationadjustmentfromaocipensionandotherpostretirementbenefitplansfornetgainlosstax": -8000000
    },
    {
        "date": "2022-09-29",
        "symbol": "TXN",
        "period": "Q3",
        "revenuefromcontractwithcustomerexcludingassessedtax": 2400000000,
        "costofrevenue": 1624000000,
        "grossprofit": 3617000000,
        "researchanddevelopmentexpense": 431000000,
        "sellinggeneralandadministrativeexpense": 431000000,
        "othercostandexpenseoperating": 77000000,
        "operatingincomeloss": 2678000000,
        "othernonoperatingincomeexpense": -24000000,
        "interestanddebtexpense": 53000000,
        "incomelossfromcontinuingoperationsbeforeincometaxesextraordinaryitemsnoncontrollinginterest": 2658000000,
        "incometaxexpensebenefit": 4000000,
        "netincomeloss": -19000000,
        "earningspersharebasic": 2.499999999999999,
        "earningspersharediluted": 2.4699999999999993,
        "weightedaveragenumberofsharesoutstandingbasic": 919000000,
        "weightedaveragenumberofdilutedsharesoutstanding": 929000000,
        "undistributedearningslossallocatedtoparticipatingsecuritiesdiluted": 11000000,
        "netincomelossavailabletocommonstockholdersdiluted": 2284000000,
        "othercomprehensiveincomedefinedbenefitplansnetunamortizedgainlossarisingduringperiodnetoftax": 11000000,
        "othercomprehensiveincomelossreclassificationadjustmentfromaocipensionandotherpostretirementbenefitplansfornetgainlossnetoftax": -15000000,
        "othercomprehensiveincomeunrealizedholdinggainlossonsecuritiesarisingduringperiodnetoftax": -1000000,
        "othercomprehensiveincomelossnetoftax": 26000000,
        "comprehensiveincomenetoftax": 2321000000,
        "othercomprehensiveincomedefinedbenefitplansnetunamortizedgainlossarisingduringperiodtax": -4000000,
        "othercomprehensiveincomelossreclassificationadjustmentfromaocipensionandotherpostretirementbenefitplansfornetgainlosstax": -4000000,
        "othercomprehensiveincomelossavailableforsalesecuritiesbeforereclassificationadjustmentstax": 0
    },
    {
        "date": "2022-06-29",
        "symbol": "TXN",
        "period": "Q2",
        "revenuefromcontractwithcustomerexcludingassessedtax": 2800000000,
        "costofrevenue": 1587000000,
        "grossprofit": 3625000000,
        "researchanddevelopmentexpense": 414000000,
        "sellinggeneralandadministrativeexpense": 422000000,
        "othercostandexpenseoperating": 66000000,
        "operatingincomeloss": 2723000000,
        "othernonoperatingincomeexpense": 20000000,
        "interestanddebtexpense": 49000000,
        "incomelossfromcontinuingoperationsbeforeincometaxesextraordinaryitemsnoncontrollinginterest": 2681000000,
        "incometaxexpensebenefit": 4000000,
        "netincomeloss": 16000000,
        "earningspersharebasic": 2.48,
        "earningspersharediluted": 2.45,
        "weightedaveragenumberofsharesoutstandingbasic": 920000000,
        "weightedaveragenumberofdilutedsharesoutstanding": 930000000,
        "undistributedearningslossallocatedtoparticipatingsecuritiesdiluted": 10000000,
        "netincomelossavailabletocommonstockholdersdiluted": 2281000000,
        "othercomprehensiveincomedefinedbenefitplansnetunamortizedgainlossarisingduringperiodnetoftax": -40000000,
        "othercomprehensiveincomelossreclassificationadjustmentfromaocipensionandotherpostretirementbenefitplansfornetgainlossnetoftax": -16000000,
        "othercomprehensiveincomeunrealizedholdinggainlossonsecuritiesarisingduringperiodnetoftax": -3000000,
        "othercomprehensiveincomelossnetoftax": -27000000,
        "comprehensiveincomenetoftax": 2264000000,
        "othercomprehensiveincomedefinedbenefitplansnetunamortizedgainlossarisingduringperiodtax": 8000000,
        "othercomprehensiveincomelossreclassificationadjustmentfromaocipensionandotherpostretirementbenefitplansfornetgainlosstax": -4000000,
        "othercomprehensiveincomelossavailableforsalesecuritiesbeforereclassificationadjustmentstax": 1000000
    },
    {
        "date": "2022-03-30",
        "symbol": "TXN",
        "period": "Q1",
        "revenuefromcontractwithcustomerexcludingassessedtax": 2500000000,
        "costofrevenue": 1463000000,
        "grossprofit": 3442000000,
        "researchanddevelopmentexpense": 391000000,
        "sellinggeneralandadministrativeexpense": 422000000,
        "othercostandexpenseoperating": 66000000,
        "operatingincomeloss": 2563000000,
        "othernonoperatingincomeexpense": 3000000,
        "interestanddebtexpense": 52000000,
        "incomelossfromcontinuingoperationsbeforeincometaxesextraordinaryitemsnoncontrollinginterest": 2526000000,
        "incometaxexpensebenefit": 1000000,
        "netincomeloss": 2000000,
        "earningspersharebasic": 2.37,
        "earningspersharediluted": 2.35,
        "weightedaveragenumberofsharesoutstandingbasic": 923000000,
        "weightedaveragenumberofdilutedsharesoutstanding": 934000000,
        "undistributedearningslossallocatedtoparticipatingsecuritiesdiluted": 9000000,
        "netincomelossavailabletocommonstockholdersdiluted": 2192000000,
        "othercomprehensiveincomedefinedbenefitplansnetunamortizedgainlossarisingduringperiodnetoftax": 6000000,
        "othercomprehensiveincomelossreclassificationadjustmentfromaocipensionandotherpostretirementbenefitplansfornetgainlossnetoftax": -2000000,
        "othercomprehensiveincomeunrealizedholdinggainlossonsecuritiesarisingduringperiodnetoftax": -4000000,
        "othercomprehensiveincomelossnetoftax": 4000000,
        "comprehensiveincomenetoftax": 2205000000,
        "othercomprehensiveincomedefinedbenefitplansnetunamortizedgainlossarisingduringperiodtax": -2000000,
        "othercomprehensiveincomelossreclassificationadjustmentfromaocipensionandotherpostretirementbenefitplansfornetgainlosstax": -1000000,
        "othercomprehensiveincomelossavailableforsalesecuritiesbeforereclassificationadjustmentstax": 1000000
    },
    {
        "date": "2021-12-30",
        "symbol": "TXN",
        "period": "Q4",
        "revenuefromcontractwithcustomerexcludingassessedtax": 2700000000,
        "costofrevenue": 1482000000,
        "grossprofit": 3350000000,
        "researchanddevelopmentexpense": 389000000,
        "sellinggeneralandadministrativeexpense": 404000000,
        "amortizationofacquisitioncosts": 0,
        "operatingincomeloss": 112000000,
        "othernonoperatingincomeexpense": -21000000,
        "interestanddebtexpense": 49000000,
        "incomelossfromcontinuingoperationsbeforeincometaxesextraordinaryitemsnoncontrollinginterest": 2463000000,
        "incometaxexpensebenefit": 1000000,
        "netincomeloss": -16000000,
        "earningspersharebasic": 2.3100000000000014,
        "earningspersharediluted": 2.2699999999999996,
        "weightedaveragenumberofsharesoutstandingbasic": -1845000000,
        "weightedaveragenumberofdilutedsharesoutstanding": -1872000000,
        "undistributedearningslossallocatedtoparticipatingsecuritiesdiluted": 9000000,
        "netincomelossavailabletocommonstockholdersdiluted": 2129000000,
        "othercomprehensiveincomedefinedbenefitplansnetunamortizedgainlossarisingduringperiodnetoftax": 151000000,
        "othercomprehensiveincomelossreclassificationadjustmentfromaocipensionandotherpostretirementbenefitplansfornetgainlossnetoftax": -5000000,
        "othercomprehensiveincomelossnetoftax": 156000000,
        "comprehensiveincomenetoftax": 2294000000,
        "othercomprehensiveincomedefinedbenefitplansnetunamortizedgainlossarisingduringperiodtax": -48000000,
        "othercomprehensiveincomelossreclassificationadjustmentfromaocipensionandotherpostretirementbenefitplansfornetgainlosstax": -1000000
    },
    {
        "date": "2021-09-29",
        "symbol": "TXN",
        "period": "Q3",
        "revenuefromcontractwithcustomerexcludingassessedtax": 2500000000,
        "costofrevenue": 1491000000,
        "grossprofit": 3152000000,
        "researchanddevelopmentexpense": 388000000,
        "sellinggeneralandadministrativeexpense": 412000000,
        "amortizationofacquisitioncosts": 47000000,
        "operatingincomeloss": 152000000,
        "othernonoperatingincomeexpense": -1000000,
        "interestanddebtexpense": 45000000,
        "incomelossfromcontinuingoperationsbeforeincometaxesextraordinaryitemsnoncontrollinginterest": 2275000000,
        "incometaxexpensebenefit": 2000000,
        "netincomeloss": -1000000,
        "earningspersharebasic": 2.1,
        "earningspersharediluted": 2.07,
        "weightedaveragenumberofsharesoutstandingbasic": 923000000,
        "weightedaveragenumberofdilutedsharesoutstanding": 936000000,
        "undistributedearningslossallocatedtoparticipatingsecuritiesdiluted": 9000000,
        "netincomelossavailabletocommonstockholdersdiluted": 1938000000,
        "othercomprehensiveincomedefinedbenefitplansnetunamortizedgainlossarisingduringperiodnetoftax": 3000000,
        "othercomprehensiveincomelossreclassificationadjustmentfromaocipensionandotherpostretirementbenefitplansfornetgainlossnetoftax": -8000000,
        "othercomprehensiveincomelossamortizationadjustmentfromaocipensionandotherpostretirementbenefitplansfornetpriorservicecostcreditnetoftax": -1000000,
        "othercomprehensiveincomelossnetoftax": 10000000,
        "comprehensiveincomenetoftax": 1957000000,
        "othercomprehensiveincomedefinedbenefitplansnetunamortizedgainlossarisingduringperiodtax": -1000000,
        "othercomprehensiveincomelossreclassificationadjustmentfromaocipensionandotherpostretirementbenefitplansfornetgainlosstax": -2000000
    },
    {
        "date": "2021-06-29",
        "symbol": "TXN",
        "period": "Q2",
        "revenuefromcontractwithcustomerexcludingassessedtax": 4580000000,
        "costofrevenue": 1503000000,
        "grossprofit": 3077000000,
        "researchanddevelopmentexpense": 391000000,
        "sellinggeneralandadministrativeexpense": 425000000,
        "amortizationofacquisitioncosts": 48000000,
        "operatingincomeloss": 2213000000,
        "othernonoperatingincomeexpense": 73000000,
        "interestanddebtexpense": 44000000,
        "incomelossfromcontinuingoperationsbeforeincometaxesextraordinaryitemsnoncontrollinginterest": 2242000000,
        "incometaxexpensebenefit": 311000000,
        "netincomeloss": 1931000000,
        "earningspersharebasic": 2.08,
        "earningspersharediluted": 2.05,
        "weightedaveragenumberofsharesoutstandingbasic": 923000000,
        "weightedaveragenumberofdilutedsharesoutstanding": 937000000,
        "undistributedearningslossallocatedtoparticipatingsecuritiesdiluted": 7000000,
        "netincomelossavailabletocommonstockholdersdiluted": 1924000000,
        "othercomprehensiveincomedefinedbenefitplansnetunamortizedgainlossarisingduringperiodnetoftax": 16000000,
        "othercomprehensiveincomelossreclassificationadjustmentfromaocipensionandotherpostretirementbenefitplansfornetgainlossnetoftax": -8000000,
        "othercomprehensiveincomelossnetoftax": 24000000,
        "comprehensiveincomenetoftax": 1955000000,
        "othercomprehensiveincomedefinedbenefitplansnetunamortizedgainlossarisingduringperiodtax": -5000000,
        "othercomprehensiveincomelossreclassificationadjustmentfromaocipensionandotherpostretirementbenefitplansfornetgainlosstax": -2000000
    },
    {
        "date": "2021-03-30",
        "symbol": "TXN",
        "period": "Q1",
        "revenuefromcontractwithcustomerexcludingassessedtax": 4289000000,
        "costofrevenue": 1492000000,
        "grossprofit": 2797000000,
        "researchanddevelopmentexpense": 386000000,
        "sellinggeneralandadministrativeexpense": 425000000,
        "amortizationofacquisitioncosts": 47000000,
        "operatingincomeloss": 1939000000,
        "othernonoperatingincomeexpense": 46000000,
        "interestanddebtexpense": 46000000,
        "incomelossfromcontinuingoperationsbeforeincometaxesextraordinaryitemsnoncontrollinginterest": 1939000000,
        "incometaxexpensebenefit": 186000000,
        "netincomeloss": 1753000000,
        "earningspersharebasic": 1.89,
        "earningspersharediluted": 1.87,
        "weightedaveragenumberofsharesoutstandingbasic": 922000000,
        "weightedaveragenumberofdilutedsharesoutstanding": 935000000,
        "undistributedearningslossallocatedtoparticipatingsecuritiesdiluted": 8000000,
        "netincomelossavailabletocommonstockholdersdiluted": 1745000000,
        "othercomprehensiveincomedefinedbenefitplansnetunamortizedgainlossarisingduringperiodnetoftax": 5000000,
        "othercomprehensiveincomelossreclassificationadjustmentfromaocipensionandotherpostretirementbenefitplansfornetgainlossnetoftax": -8000000,
        "othercomprehensiveincomelossnetoftax": 13000000,
        "comprehensiveincomenetoftax": 1766000000,
        "othercomprehensiveincomedefinedbenefitplansnetunamortizedgainlossarisingduringperiodtax": -2000000,
        "othercomprehensiveincomelossreclassificationadjustmentfromaocipensionandotherpostretirementbenefitplansfornetgainlosstax": -3000000
    },
    {
        "date": "2020-12-30",
        "symbol": "TXN",
        "period": "Q4",
        "revenuefromcontractwithcustomerexcludingassessedtax": 4076000000,
        "costofgoodsandservicessold": 1430000000,
        "grossprofit": 2646000000,
        "researchanddevelopmentexpense": 388000000,
        "sellinggeneralandadministrativeexpense": 398000000,
        "businesscombinationacquisitionrelatedcosts": 47000000,
        "operatingincomeloss": 1813000000,
        "othernonoperatingincomeexpense": 162000000,
        "interestanddebtexpense": 48000000,
        "incomelossfromcontinuingoperationsbeforeincometaxesextraordinaryitemsnoncontrollinginterest": 1927000000,
        "incometaxexpensebenefit": 239000000,
        "netincomeloss": 1688000000,
        "earningspersharebasic": 1.83,
        "earningspersharediluted": 1.7999999999999996,
        "weightedaveragenumberofsharesoutstandingbasic": 0,
        "weightedaveragenumberofdilutedsharesoutstanding": 0,
        "undistributedearningslossallocatedtoparticipatingsecuritiesdiluted": 8000000,
        "netincomelossavailabletocommonstockholdersdiluted": 1680000000,
        "othercomprehensiveincomedefinedbenefitplansnetunamortizedgainlossarisingduringperiodnetoftax": -33000000,
        "othercomprehensiveincomelossreclassificationadjustmentfromaocipensionandotherpostretirementbenefitplansfornetgainlossnetoftax": -8000000,
        "othercomprehensiveincomelossnetoftax": -25000000,
        "comprehensiveincomenetoftax": 1663000000,
        "othercomprehensiveincomedefinedbenefitplansnetunamortizedgainlossarisingduringperiodtax": -7000000,
        "othercomprehensiveincomelossreclassificationadjustmentfromaocipensionandotherpostretirementbenefitplansfornetgainlosstax": -2000000
    },
    {
        "date": "2020-09-29",
        "symbol": "TXN",
        "period": "Q3",
        "revenuefromcontractwithcustomerexcludingassessedtax": 5446000000,
        "costofgoodsandservicessold": 1364000000,
        "grossprofit": 2453000000,
        "researchanddevelopmentexpense": 386000000,
        "sellinggeneralandadministrativeexpense": 407000000,
        "businesscombinationacquisitionrelatedcosts": 51000000,
        "operatingincomeloss": 2816000000,
        "othernonoperatingincomeexpense": 42000000,
        "interestanddebtexpense": 49000000,
        "incomelossfromcontinuingoperationsbeforeincometaxesextraordinaryitemsnoncontrollinginterest": 1587000000,
        "incometaxexpensebenefit": 282000000,
        "netincomeloss": 2519000000,
        "earningspersharebasic": 1.4699999999999998,
        "earningspersharediluted": 1.45,
        "weightedaveragenumberofsharesoutstandingbasic": -926000000,
        "weightedaveragenumberofdilutedsharesoutstanding": -937000000,
        "undistributedearningslossallocatedtoparticipatingsecuritiesdiluted": 6000000,
        "netincomelossavailabletocommonstockholdersdiluted": 1347000000,
        "othercomprehensiveincomedefinedbenefitplansnetunamortizedgainlossarisingduringperiodnetoftax": -7000000,
        "othercomprehensiveincomelossreclassificationadjustmentfromaocipensionandotherpostretirementbenefitplansfornetgainlossnetoftax": -7000000,
        "othercomprehensiveincomelossnetoftax": -1000000,
        "comprehensiveincomenetoftax": 1352000000,
        "othercomprehensiveincomedefinedbenefitplansnetunamortizedgainlossarisingduringperiodtax": 3000000,
        "othercomprehensiveincomelossreclassificationadjustmentfromaocipensionandotherpostretirementbenefitplansfornetgainlosstax": -2000000
    },
    {
        "date": "2020-06-29",
        "symbol": "TXN",
        "period": "Q2",
        "revenuefromcontractwithcustomerexcludingassessedtax": 3239000000,
        "costofgoodsandservicessold": 1157000000,
        "grossprofit": 2082000000,
        "researchanddevelopmentexpense": 379000000,
        "sellinggeneralandadministrativeexpense": 401000000,
        "businesscombinationacquisitionrelatedcosts": 50000000,
        "restructuringandothercharges": 24000000,
        "operatingincomeloss": 1228000000,
        "othernonoperatingincomeexpense": 99000000,
        "interestanddebtexpense": 48000000,
        "incomelossfromcontinuingoperationsbeforeincometaxesextraordinaryitemsnoncontrollinginterest": 1279000000,
        "incometaxexpensebenefit": -101000000,
        "netincomeloss": 1380000000,
        "earningspersharebasic": 1.5,
        "earningspersharediluted": 1.48,
        "weightedaveragenumberofsharesoutstandingbasic": 916000000,
        "weightedaveragenumberofdilutedsharesoutstanding": 927000000,
        "undistributedearningslossallocatedtoparticipatingsecuritiesdiluted": 7000000,
        "netincomelossavailabletocommonstockholdersdiluted": 1373000000,
        "othercomprehensiveincomedefinedbenefitplansnetunamortizedgainlossarisingduringperiodnetoftax": -10000000,
        "othercomprehensiveincomelossreclassificationadjustmentfromaocipensionandotherpostretirementbenefitplansfornetgainlossnetoftax": -6000000,
        "othercomprehensiveincomeunrealizedholdinggainlossonsecuritiesarisingduringperiodnetoftax": -2000000,
        "othercomprehensiveincomelossnetoftax": -6000000,
        "comprehensiveincomenetoftax": 1374000000,
        "othercomprehensiveincomedefinedbenefitplansnetunamortizedgainlossarisingduringperiodtax": 4000000,
        "othercomprehensiveincomelossreclassificationadjustmentfromaocipensionandotherpostretirementbenefitplansfornetgainlosstax": -3000000
    },
    {
        "date": "2020-03-30",
        "symbol": "TXN",
        "period": "Q1",
        "revenuefromcontractwithcustomerexcludingassessedtax": 3329000000,
        "costofgoodsandservicessold": 1241000000,
        "grossprofit": 2088000000,
        "researchanddevelopmentexpense": 377000000,
        "sellinggeneralandadministrativeexpense": 417000000,
        "businesscombinationacquisitionrelatedcosts": 50000000,
        "operatingincomeloss": 1244000000,
        "othernonoperatingincomeexpense": 25000000,
        "interestanddebtexpense": 45000000,
        "incomelossfromcontinuingoperationsbeforeincometaxesextraordinaryitemsnoncontrollinginterest": 1224000000,
        "incometaxexpensebenefit": 50000000,
        "netincomeloss": 1174000000,
        "earningspersharebasic": 1.25,
        "earningspersharediluted": 1.24,
        "weightedaveragenumberofsharesoutstandingbasic": 931000000,
        "weightedaveragenumberofdilutedsharesoutstanding": 943000000,
        "undistributedearningslossallocatedtoparticipatingsecuritiesdiluted": 6000000,
        "netincomelossavailabletocommonstockholdersdiluted": 1168000000,
        "othercomprehensiveincomedefinedbenefitplansnetunamortizedgainlossarisingduringperiodnetoftax": 9000000,
        "othercomprehensiveincomelossreclassificationadjustmentfromaocipensionandotherpostretirementbenefitplansfornetgainlossnetoftax": -8000000,
        "othercomprehensiveincomeunrealizedholdinggainlossonsecuritiesarisingduringperiodnetoftax": 2000000,
        "othercomprehensiveincomelossnetoftax": 19000000,
        "comprehensiveincomenetoftax": 1193000000,
        "othercomprehensiveincomedefinedbenefitplansnetunamortizedgainlossarisingduringperiodtax": -3000000,
        "othercomprehensiveincomelossreclassificationadjustmentfromaocipensionandotherpostretirementbenefitplansfornetgainlosstax": -2000000
    },
    {
        "date": "2019-12-30",
        "symbol": "TXN",
        "period": "Q4",
        "revenuefromcontractwithcustomerexcludingassessedtax": 8983000000,
        "costofgoodsandservicessold": 1253000000,
        "grossprofit": 2097000000,
        "researchanddevelopmentexpense": 386000000,
        "sellinggeneralandadministrativeexpense": 412000000,
        "businesscombinationacquisitionrelatedcosts": 50000000,
        "operatingincomeloss": 5423000000,
        "othernonoperatingincomeexpense": 75000000,
        "interestanddebtexpense": 45000000,
        "incomelossfromcontinuingoperationsbeforeincometaxesextraordinaryitemsnoncontrollinginterest": 1257000000,
        "incometaxexpensebenefit": 339000000,
        "netincomeloss": 2486000000,
        "earningspersharebasic": 1.1500000000000004,
        "earningspersharediluted": 1.1299999999999997,
        "weightedaveragenumberofsharesoutstandingbasic": -1875000000,
        "weightedaveragenumberofdilutedsharesoutstanding": -1907000000,
        "undistributedearningslossallocatedtoparticipatingsecuritiesdiluted": 7000000,
        "netincomelossavailabletocommonstockholdersdiluted": 1063000000,
        "othercomprehensiveincomedefinedbenefitplansnetunamortizedgainlossarisingduringperiodnetoftax": 88000000,
        "othercomprehensiveincomelossreclassificationadjustmentfromaocipensionandotherpostretirementbenefitplansfornetgainlossnetoftax": -8000000,
        "othercomprehensiveincomelossnetoftax": 96000000,
        "comprehensiveincomenetoftax": 1166000000
    },
    {
        "date": "2019-09-29",
        "symbol": "TXN",
        "period": "Q3",
        "revenuefromcontractwithcustomerexcludingassessedtax": 3771000000,
        "costofgoodsandservicessold": 1325000000,
        "grossprofit": 2446000000,
        "researchanddevelopmentexpense": 379000000,
        "sellinggeneralandadministrativeexpense": 399000000,
        "businesscombinationacquisitionrelatedcosts": 79000000,
        "operatingincomeloss": 1589000000,
        "othernonoperatingincomeexpense": 34000000,
        "interestanddebtexpense": 43000000,
        "incomelossfromcontinuingoperationsbeforeincometaxesextraordinaryitemsnoncontrollinginterest": 1580000000,
        "incometaxexpensebenefit": 155000000,
        "netincomeloss": 1425000000,
        "earningspersharebasic": 1.51,
        "earningspersharediluted": 1.49,
        "weightedaveragenumberofsharesoutstandingbasic": 935000000,
        "weightedaveragenumberofdilutedsharesoutstanding": 950000000,
        "undistributedearningslossallocatedtoparticipatingsecuritiesdiluted": 8000000,
        "netincomelossavailabletocommonstockholdersdiluted": 1417000000,
        "othercomprehensiveincomedefinedbenefitplansnetunamortizedgainlossarisingduringperiodnetoftax": 5000000,
        "othercomprehensiveincomelossreclassificationadjustmentfromaocipensionandotherpostretirementbenefitplansfornetgainlossnetoftax": -9000000,
        "othercomprehensiveincomelossnetoftax": 14000000,
        "comprehensiveincomenetoftax": 1439000000
    },
    {
        "date": "2019-06-29",
        "symbol": "TXN",
        "period": "Q2",
        "revenuefromcontractwithcustomerexcludingassessedtax": 1800000000,
        "costofgoodsandservicessold": 1308000000,
        "grossprofit": 2360000000,
        "researchanddevelopmentexpense": 390000000,
        "sellinggeneralandadministrativeexpense": 420000000,
        "businesscombinationacquisitionrelatedcosts": 80000000,
        "restructuringchargesother": -36000000,
        "operatingincomeloss": 133000000,
        "othernonoperatingincomeexpense": 52000000,
        "interestanddebtexpense": 44000000,
        "incomelossfromcontinuingoperationsbeforeincometaxesextraordinaryitemsnoncontrollinginterest": 1514000000,
        "incometaxexpensebenefit": 209000000,
        "netincomeloss": 1305000000,
        "earningspersharebasic": 1.38,
        "earningspersharediluted": 1.36,
        "weightedaveragenumberofsharesoutstandingbasic": 937000000,
        "weightedaveragenumberofdilutedsharesoutstanding": 953000000,
        "undistributedearningslossallocatedtoparticipatingsecuritiesdiluted": 8000000,
        "netincomelossavailabletocommonstockholdersdiluted": 1297000000,
        "othercomprehensiveincomedefinedbenefitplansnetunamortizedgainlossarisingduringperiodnetoftax": -3000000,
        "othercomprehensiveincomelossreclassificationadjustmentfromaocipensionandotherpostretirementbenefitplansfornetgainlossnetoftax": -11000000,
        "othercomprehensiveincomelossnetoftax": 8000000,
        "comprehensiveincomenetoftax": 1313000000
    },
    {
        "date": "2019-03-30",
        "symbol": "TXN",
        "period": "Q1",
        "revenuefromcontractwithcustomerexcludingassessedtax": 1700000000,
        "costofgoodsandservicessold": 1333000000,
        "grossprofit": 2261000000,
        "researchanddevelopmentexpense": 389000000,
        "sellinggeneralandadministrativeexpense": 414000000,
        "businesscombinationacquisitionrelatedcosts": 79000000,
        "operatingincomeloss": 42000000,
        "othernonoperatingincomeexpense": 36000000,
        "interestanddebtexpense": 38000000,
        "incomelossfromcontinuingoperationsbeforeincometaxesextraordinaryitemsnoncontrollinginterest": 1377000000,
        "incometaxexpensebenefit": 160000000,
        "netincomeloss": 1217000000,
        "earningspersharebasic": 1.29,
        "earningspersharediluted": 1.26,
        "weightedaveragenumberofsharesoutstandingbasic": 939000000,
        "weightedaveragenumberofdilutedsharesoutstanding": 956000000,
        "undistributedearningslossallocatedtoparticipatingsecuritiesdiluted": 8000000,
        "netincomelossavailabletocommonstockholdersdiluted": 1209000000,
        "othercomprehensiveincomedefinedbenefitplansnetunamortizedgainlossarisingduringperiodnetoftax": -2000000,
        "othercomprehensiveincomelossreclassificationadjustmentfromaocipensionandotherpostretirementbenefitplansfornetgainlossnetoftax": -10000000,
        "othercomprehensiveincomelossnetoftax": 8000000,
        "comprehensiveincomenetoftax": 1225000000
    },
    {
        "date": "2018-03-30",
        "symbol": "TXN",
        "period": "Q1",
        "salesrevenuenet": 1600000000,
        "costofrevenue": 1342000000,
        "grossprofit": 2447000000,
        "researchanddevelopmentexpense": 385000000,
        "sellinggeneralandadministrativeexpense": 433000000,
        "businesscombinationacquisitionrelatedcosts": 80000000,
        "restructuringchargesother": 1000000,
        "operatingincomeloss": 54000000,
        "othernonoperatingincomeexpense": 28000000,
        "interestanddebtexpense": 23000000,
        "incomelossfromcontinuingoperationsbeforeincometaxesextraordinaryitemsnoncontrollinginterest": 1553000000,
        "incometaxexpensebenefit": 187000000,
        "netincomeloss": 1366000000,
        "earningspersharebasic": 1.38,
        "earningspersharediluted": 1.35,
        "weightedaveragenumberofsharesoutstandingbasic": 983000000,
        "weightedaveragenumberofdilutedsharesoutstanding": 1005000000,
        "commonstockdividendspersharedeclared": 0.62,
        "undistributedearningslossallocatedtoparticipatingsecuritiesdiluted": 11000000,
        "netincomelossavailabletocommonstockholdersdiluted": 1355000000,
        "othercomprehensiveincomedefinedbenefitplansnetunamortizedgainlossarisingduringperiodnetoftax": -16000000,
        "othercomprehensiveincomelossreclassificationadjustmentfromaocipensionandotherpostretirementbenefitplansfornetgainlossnetoftax": -9000000,
        "othercomprehensiveincomelossamortizationadjustmentfromaocipensionandotherpostretirementbenefitplansfornetpriorservicecostcreditnetoftax": -1000000,
        "othercomprehensiveincomelossnetoftax": -8000000,
        "comprehensiveincomenetoftax": 1358000000
    },
    {
        "date": "2017-12-30",
        "symbol": "TXN",
        "period": "Q4",
        "salesrevenuenet": 5356000000,
        "costofrevenue": 1310000000,
        "grossprofit": 2440000000,
        "researchanddevelopmentexpense": 386000000,
        "sellinggeneralandadministrativeexpense": 409000000,
        "businesscombinationacquisitionrelatedcosts": 79000000,
        "restructuringchargesother": 3000000,
        "operatingincomeloss": 68000000,
        "othernonoperatingincomeexpense": 8000000,
        "interestanddebtexpense": 21000000,
        "incomelossfromcontinuingoperationsbeforeincometaxesextraordinaryitemsnoncontrollinginterest": 1550000000,
        "incometaxexpensebenefit": 1206000000,
        "netincomeloss": 344000000,
        "earningspersharebasic": 0.3500000000000001,
        "earningspersharediluted": 0.34999999999999964,
        "weightedaveragenumberofsharesoutstandingbasic": -1989000000,
        "weightedaveragenumberofdilutedsharesoutstanding": -2030000000,
        "commonstockdividendspersharedeclared": 0.6200000000000001,
        "undistributedearningslossallocatedtoparticipatingsecuritiesdiluted": 2000000,
        "netincomelossavailabletocommonstockholdersdiluted": 342000000,
        "othercomprehensiveincomedefinedbenefitplansnetunamortizedgainlossarisingduringperiodnetoftax": 108000000,
        "othercomprehensiveincomelossreclassificationadjustmentfromaocipensionandotherpostretirementbenefitplansfornetgainlossnetoftax": -16000000,
        "othercomprehensiveincomelossnetoftax": 121000000,
        "comprehensiveincomenetoftax": 465000000
    },
    {
        "date": "2017-09-29",
        "symbol": "TXN",
        "period": "Q3",
        "salesrevenuenet": 487000000,
        "costofrevenue": 1460000000,
        "grossprofit": 2656000000,
        "researchanddevelopmentexpense": 375000000,
        "sellinggeneralandadministrativeexpense": 412000000,
        "businesscombinationacquisitionrelatedcosts": 80000000,
        "restructuringchargesother": 1000000,
        "operatingincomeloss": 195000000,
        "othernonoperatingincomeexpense": 20000000,
        "interestanddebtexpense": 19000000,
        "incomelossfromcontinuingoperationsbeforeincometaxesextraordinaryitemsnoncontrollinginterest": 1789000000,
        "incometaxexpensebenefit": 504000000,
        "netincomeloss": 1285000000,
        "earningspersharebasic": 1.29,
        "earningspersharediluted": 1.26,
        "weightedaveragenumberofsharesoutstandingbasic": 988000000,
        "weightedaveragenumberofdilutedsharesoutstanding": 1008000000,
        "commonstockdividendspersharedeclared": 0.5,
        "undistributedearningslossallocatedtoparticipatingsecuritiesdiluted": 11000000,
        "netincomelossavailabletocommonstockholdersdiluted": 1274000000,
        "othercomprehensiveincomedefinedbenefitplansnetunamortizedgainlossarisingduringperiodnetoftax": -1000000,
        "othercomprehensiveincomelossreclassificationadjustmentfromaocipensionandotherpostretirementbenefitplansfornetgainlossnetoftax": -17000000,
        "othercomprehensiveincomelossamortizationadjustmentfromaocipensionandotherpostretirementbenefitplansfornetpriorservicecostcreditnetoftax": -1000000,
        "othercomprehensiveincomelossnetoftax": 15000000,
        "comprehensiveincomenetoftax": 1300000000
    },
    {
        "date": "2017-06-29",
        "symbol": "TXN",
        "period": "Q2",
        "salesrevenuenet": 414000000,
        "costofrevenue": 1319000000,
        "grossprofit": 2374000000,
        "researchanddevelopmentexpense": 378000000,
        "sellinggeneralandadministrativeexpense": 434000000,
        "businesscombinationacquisitionrelatedcosts": 79000000,
        "restructuringchargesother": 3000000,
        "operatingincomeloss": 132000000,
        "othernonoperatingincomeexpense": 26000000,
        "interestanddebtexpense": 20000000,
        "incomelossfromcontinuingoperationsbeforeincometaxesextraordinaryitemsnoncontrollinginterest": 1486000000,
        "incometaxexpensebenefit": 430000000,
        "netincomeloss": 1056000000,
        "earningspersharebasic": 1.05,
        "earningspersharediluted": 1.03,
        "weightedaveragenumberofsharesoutstandingbasic": 994000000,
        "weightedaveragenumberofdilutedsharesoutstanding": 1015000000,
        "commonstockdividendspersharedeclared": 0.5,
        "undistributedearningslossallocatedtoparticipatingsecuritiesdiluted": 10000000,
        "netincomelossavailabletocommonstockholdersdiluted": 1046000000,
        "othercomprehensiveincomedefinedbenefitplansnetunamortizedgainlossarisingduringperiodnetoftax": -3000000,
        "othercomprehensiveincomelossreclassificationadjustmentfromaocipensionandotherpostretirementbenefitplansfornetgainlossnetoftax": -11000000,
        "othercomprehensiveincomelossamortizationadjustmentfromaocipensionandotherpostretirementbenefitplansfornetpriorservicecostcreditnetoftax": -1000000,
        "othercomprehensiveincomelossnetoftax": 7000000,
        "comprehensiveincomenetoftax": 1063000000
    },
    {
        "date": "2017-03-30",
        "symbol": "TXN",
        "period": "Q1",
        "salesrevenuenet": 343000000,
        "costofrevenue": 1258000000,
        "grossprofit": 2144000000,
        "researchanddevelopmentexpense": 369000000,
        "sellinggeneralandadministrativeexpense": 439000000,
        "businesscombinationacquisitionrelatedcosts": 80000000,
        "restructuringchargesother": 4000000,
        "operatingincomeloss": 77000000,
        "othernonoperatingincomeexpense": 21000000,
        "interestanddebtexpense": 18000000,
        "incomelossfromcontinuingoperationsbeforeincometaxesextraordinaryitemsnoncontrollinginterest": 1255000000,
        "incometaxexpensebenefit": 258000000,
        "netincomeloss": 997000000,
        "earningspersharebasic": 0.99,
        "earningspersharediluted": 0.97,
        "weightedaveragenumberofsharesoutstandingbasic": 998000000,
        "weightedaveragenumberofdilutedsharesoutstanding": 1019000000,
        "commonstockdividendspersharedeclared": 0.5,
        "undistributedearningslossallocatedtoparticipatingsecuritiesdiluted": 10000000,
        "netincomelossavailabletocommonstockholdersdiluted": 987000000,
        "othercomprehensiveincomedefinedbenefitplansnetunamortizedgainlossarisingduringperiodnetoftax": -12000000,
        "othercomprehensiveincomelossreclassificationadjustmentfromaocipensionandotherpostretirementbenefitplansfornetgainlossnetoftax": -12000000,
        "othercomprehensiveincomelossreclassificationadjustmentfromaocionderivativesnetoftax": 1000000,
        "othercomprehensiveincomelossnetoftax": -1000000,
        "comprehensiveincomenetoftax": 996000000
    },
    {
        "date": "2016-12-30",
        "symbol": "TXN",
        "period": "Q4",
        "salesrevenuenet": 4569000000,
        "costofrevenue": 1281000000,
        "grossprofit": 2133000000,
        "researchanddevelopmentexpense": 343000000,
        "sellinggeneralandadministrativeexpense": 411000000,
        "businesscombinationacquisitionrelatedcosts": 80000000,
        "restructuringchargesother": -20000000,
        "operatingincomeloss": 128000000,
        "othernonoperatingincomeexpense": 197000000,
        "interestanddebtexpense": 19000000,
        "incomelossfromcontinuingoperationsbeforeincometaxesextraordinaryitemsnoncontrollinginterest": 1497000000,
        "incometaxexpensebenefit": 317000000,
        "netincomeloss": 1180000000,
        "earningspersharebasic": 1.17,
        "earningspersharediluted": 1.1400000000000001,
        "weightedaveragenumberofsharesoutstandingbasic": -1000000,
        "weightedaveragenumberofdilutedsharesoutstanding": 4000000,
        "commonstockdividendspersharedeclared": 0.5,
        "undistributedearningslossallocatedtoparticipatingsecuritiesdiluted": 15000000,
        "netincomelossavailabletocommonstockholdersdiluted": 1165000000,
        "othercomprehensiveincomedefinedbenefitplansnetunamortizedgainlossarisingduringperiodnetoftax": 4000000,
        "othercomprehensiveincomelossreclassificationadjustmentfromaocipensionandotherpostretirementbenefitplansfornetgainlossnetoftax": -12000000,
        "othercomprehensiveincomelossamortizationadjustmentfromaocipensionandotherpostretirementbenefitplansfornetpriorservicecostcreditnetoftax": 0,
        "othercomprehensiveincomelossnetoftax": 16000000,
        "comprehensiveincomenetoftax": 1196000000
    },
    {
        "date": "2016-09-29",
        "symbol": "TXN",
        "period": "Q3",
        "salesrevenuenet": 557000000,
        "costofrevenue": 1395000000,
        "grossprofit": 2280000000,
        "researchanddevelopmentexpense": 356000000,
        "sellinggeneralandadministrativeexpense": 448000000,
        "businesscombinationacquisitionrelatedcosts": 80000000,
        "restructuringchargesother": 1000000,
        "operatingincomeloss": 226000000,
        "othernonoperatingincomeexpense": 4000000,
        "interestanddebtexpense": 18000000,
        "incomelossfromcontinuingoperationsbeforeincometaxesextraordinaryitemsnoncontrollinginterest": 1381000000,
        "incometaxexpensebenefit": 413000000,
        "netincomeloss": 968000000,
        "earningspersharebasic": 0.9500000000000001,
        "earningspersharediluted": 0.9299999999999998,
        "weightedaveragenumberofsharesoutstandingbasic": -1007000000,
        "weightedaveragenumberofdilutedsharesoutstanding": -1017000000,
        "commonstockdividendspersharedeclared": 0.3799999999999999,
        "undistributedearningslossallocatedtoparticipatingsecuritiesdiluted": 10000000,
        "netincomelossavailabletocommonstockholdersdiluted": 958000000,
        "othercomprehensiveincomedefinedbenefitplansnetunamortizedgainlossarisingduringperiodnetoftax": -17000000,
        "othercomprehensiveincomelossreclassificationadjustmentfromaocipensionandotherpostretirementbenefitplansfornetgainlossnetoftax": -12000000,
        "othercomprehensiveincomelossamortizationadjustmentfromaocipensionandotherpostretirementbenefitplansfornetpriorservicecostcreditnetoftax": -1000000,
        "othercomprehensiveincomelossnetoftax": -6000000,
        "comprehensiveincomenetoftax": 962000000
    },
    {
        "date": "2016-06-29",
        "symbol": "TXN",
        "period": "Q2",
        "salesrevenuenet": 474000000,
        "costofrevenue": 1270000000,
        "grossprofit": 2003000000,
        "researchanddevelopmentexpense": 345000000,
        "sellinggeneralandadministrativeexpense": 460000000,
        "businesscombinationacquisitionrelatedcosts": 79000000,
        "restructuringchargesother": 2000000,
        "operatingincomeloss": 157000000,
        "othernonoperatingincomeexpense": 6000000,
        "interestanddebtexpense": 21000000,
        "incomelossfromcontinuingoperationsbeforeincometaxesextraordinaryitemsnoncontrollinginterest": 1102000000,
        "incometaxexpensebenefit": 323000000,
        "netincomeloss": 779000000,
        "earningspersharebasic": 0.77,
        "earningspersharediluted": 0.76,
        "weightedaveragenumberofsharesoutstandingbasic": 1004000000,
        "weightedaveragenumberofdilutedsharesoutstanding": 1016000000,
        "commonstockdividendspersharedeclared": 0.38,
        "undistributedearningslossallocatedtoparticipatingsecuritiesdiluted": 10000000,
        "netincomelossavailabletocommonstockholdersdiluted": 769000000,
        "othercomprehensiveincomedefinedbenefitplansnetunamortizedgainlossarisingduringperiodnetoftax": -18000000,
        "othercomprehensiveincomelossreclassificationadjustmentfromaocipensionandotherpostretirementbenefitplansfornetgainlossnetoftax": -13000000,
        "othercomprehensiveincomedefinedbenefitplannetpriorservicecostscreditarisingduringperiodnetoftax": -1000000,
        "othercomprehensiveincomelossamortizationadjustmentfromaocipensionandotherpostretirementbenefitplansfornetpriorservicecostcreditnetoftax": -1000000,
        "othercomprehensiveincomelossnetoftax": -5000000,
        "comprehensiveincomenetoftax": 774000000
    },
    {
        "date": "2016-03-30",
        "symbol": "TXN",
        "period": "Q1",
        "salesrevenuenet": 400000000,
        "costofrevenue": 1184000000,
        "grossprofit": 1824000000,
        "researchanddevelopmentexpense": 326000000,
        "sellinggeneralandadministrativeexpense": 448000000,
        "businesscombinationacquisitionrelatedcosts": 80000000,
        "restructuringchargesother": 2000000,
        "operatingincomeloss": 107000000,
        "othernonoperatingincomeexpense": 4000000,
        "interestanddebtexpense": 22000000,
        "incomelossfromcontinuingoperationsbeforeincometaxesextraordinaryitemsnoncontrollinginterest": 950000000,
        "incometaxexpensebenefit": 282000000,
        "netincomeloss": 668000000,
        "earningspersharebasic": 0.65,
        "earningspersharediluted": 0.65,
        "weightedaveragenumberofsharesoutstandingbasic": 1007000000,
        "weightedaveragenumberofdilutedsharesoutstanding": 1018000000,
        "commonstockdividendspersharedeclared": 0.38,
        "undistributedearningslossallocatedtoparticipatingsecuritiesdiluted": 9000000,
        "netincomelossavailabletocommonstockholdersdiluted": 659000000,
        "othercomprehensiveincomedefinedbenefitplansnetunamortizedgainlossarisingduringperiodnetoftax": -12000000,
        "othercomprehensiveincomelossreclassificationadjustmentfromaocipensionandotherpostretirementbenefitplansfornetgainlossnetoftax": -14000000,
        "othercomprehensiveincomelossamortizationadjustmentfromaocipensionandotherpostretirementbenefitplansfornetpriorservicecostcreditnetoftax": -1000000,
        "othercomprehensiveincomelossnetoftax": 1000000,
        "comprehensiveincomenetoftax": 669000000
    },
    {
        "date": "2015-12-30",
        "symbol": "TXN",
        "period": "Q4",
        "salesrevenuenet": 4342000000,
        "costofrevenue": 1323000000,
        "grossprofit": 1866000000,
        "researchanddevelopmentexpense": 306000000,
        "sellinggeneralandadministrativeexpense": 405000000,
        "businesscombinationacquisitionrelatedcosts": 81000000,
        "operatingincomeloss": 191000000,
        "othernonoperatingincomeexpense": 19000000,
        "interestanddebtexpense": 1000000,
        "incomelossfromcontinuingoperationsbeforeincometaxesextraordinaryitemsnoncontrollinginterest": 1139000000,
        "earningspersharebasic": 0.8100000000000002,
        "earningspersharediluted": 0.7999999999999997,
        "weightedaveragenumberofsharesoutstandingbasic": -6000000,
        "weightedaveragenumberofdilutedsharesoutstanding": -6000000,
        "commonstockdividendspersharedeclared": 0.37999999999999995,
        "undistributedearningslossallocatedtoparticipatingsecuritiesdiluted": 12000000,
        "netincomelossavailabletocommonstockholdersdiluted": 824000000,
        "othercomprehensiveincomelossreclassificationadjustmentfromaocipensionandotherpostretirementbenefitplansfornetgainlossnetoftax": -13000000,
        "comprehensiveincomenetoftax": 817000000
    },
    {
        "date": "2015-09-29",
        "symbol": "TXN",
        "period": "Q3",
        "salesrevenuenet": 522000000,
        "costofrevenue": 1432000000,
        "grossprofit": 1997000000,
        "researchanddevelopmentexpense": 316000000,
        "sellinggeneralandadministrativeexpense": 434000000,
        "businesscombinationacquisitionrelatedcosts": 83000000,
        "restructuringchargesother": 0,
        "operatingincomeloss": 178000000,
        "othernonoperatingincomeexpense": 6000000,
        "interestanddebtexpense": -45000000,
        "incomelossfromcontinuingoperationsbeforeincometaxesextraordinaryitemsnoncontrollinginterest": 1148000000,
        "incometaxexpensebenefit": 0,
        "earningspersharebasic": 0.7699999999999997,
        "earningspersharediluted": 0.7600000000000001,
        "weightedaveragenumberofsharesoutstandingbasic": -6000000,
        "weightedaveragenumberofdilutedsharesoutstanding": -7000000,
        "commonstockdividendspersharedeclared": 0.3399999999999999,
        "undistributedearningslossallocatedtoparticipatingsecuritiesdiluted": 11000000,
        "netincomelossavailabletocommonstockholdersdiluted": 787000000,
        "othercomprehensiveincomelossreclassificationadjustmentfromaocipensionandotherpostretirementbenefitplansfornetgainlossnetoftax": -13000000,
        "othercomprehensiveincomelossnetoftax": 1000000,
        "comprehensiveincomenetoftax": 799000000
    },
    {
        "date": "2015-06-29",
        "symbol": "TXN",
        "period": "Q2",
        "salesrevenuenet": 493000000,
        "costofrevenue": 1351000000,
        "grossprofit": 1881000000,
        "researchanddevelopmentexpense": 320000000,
        "sellinggeneralandadministrativeexpense": 470000000,
        "businesscombinationacquisitionrelatedcosts": 82000000,
        "restructuringchargesother": -1000000,
        "operatingincomeloss": 147000000,
        "othernonoperatingincomeexpense": 3000000,
        "interestanddebtexpense": 24000000,
        "incomelossfromcontinuingoperationsbeforeincometaxesextraordinaryitemsnoncontrollinginterest": 989000000,
        "incometaxexpensebenefit": 3000000,
        "netincomeloss": 0,
        "earningspersharebasic": 0.66,
        "earningspersharediluted": 0.65,
        "weightedaveragenumberofsharesoutstandingbasic": -4000000,
        "weightedaveragenumberofdilutedsharesoutstanding": -5000000,
        "commonstockdividendspersharedeclared": 0.34,
        "undistributedearningslossallocatedtoparticipatingsecuritiesdiluted": 10000000,
        "netincomelossavailabletocommonstockholdersdiluted": 686000000,
        "othercomprehensiveincomedefinedbenefitplansnetunamortizedgainlossarisingduringperiodnetoftax": 0,
        "othercomprehensiveincomelossreclassificationadjustmentfromaocipensionandotherpostretirementbenefitplansfornetgainlossnetoftax": -17000000,
        "othercomprehensiveincomelossamortizationadjustmentfromaocipensionandotherpostretirementbenefitplansfornetpriorservicecostcreditnetoftax": 0,
        "othercomprehensiveincomelossnetoftax": 17000000,
        "comprehensiveincomenetoftax": 713000000
    },
    {
        "date": "2015-03-30",
        "symbol": "TXN",
        "period": "Q1",
        "salesrevenuenet": 443000000,
        "costofrevenue": 1334000000,
        "grossprofit": 1816000000,
        "researchanddevelopmentexpense": 338000000,
        "sellinggeneralandadministrativeexpense": 439000000,
        "businesscombinationacquisitionrelatedcosts": 83000000,
        "restructuringchargesother": -2000000,
        "operatingincomeloss": 114000000,
        "othernonoperatingincomeexpense": 4000000,
        "interestanddebtexpense": 22000000,
        "incomelossfromcontinuingoperationsbeforeincometaxesextraordinaryitemsnoncontrollinginterest": 940000000,
        "incometaxexpensebenefit": -4000000,
        "netincomeloss": -1000000,
        "earningspersharebasic": 0.62,
        "earningspersharediluted": 0.61,
        "weightedaveragenumberofsharesoutstandingbasic": 1046000000,
        "weightedaveragenumberofdilutedsharesoutstanding": 1061000000,
        "commonstockdividendspersharedeclared": 0.34,
        "undistributedearningslossallocatedtoparticipatingsecuritiesdiluted": 9000000,
        "netincomelossavailabletocommonstockholdersdiluted": 647000000,
        "othercomprehensiveincomedefinedbenefitplansnetunamortizedgainlossarisingduringperiodnetoftax": -10000000,
        "othercomprehensiveincomelossreclassificationadjustmentfromaocipensionandotherpostretirementbenefitplansfornetgainlossnetoftax": -10000000,
        "othercomprehensiveincomelossamortizationadjustmentfromaocipensionandotherpostretirementbenefitplansfornetpriorservicecostcreditnetoftax": 1000000,
        "othercomprehensiveincomelossnetoftax": 1000000,
        "comprehensiveincomenetoftax": 657000000
    },
    {
        "date": "2014-12-30",
        "symbol": "TXN",
        "period": "Q4",
        "netincomeloss": 2831000000,
        "othercomprehensiveincomedefinedbenefitplansnetunamortizedgainlossarisingduringperiodnetoftax": -67000000,
        "othercomprehensiveincomelossreclassificationadjustmentfromaocipensionandotherpostretirementbenefitplansfornetgainlossnetoftax": -4000000,
        "othercomprehensiveincomelossnetoftax": -64000000,
        "comprehensiveincomenetoftaxincludingportionattributabletononcontrollinginterest": 761000000,
        "salesrevenuenet": 389000000,
        "costofrevenue": 1374000000,
        "grossprofit": 1895000000,
        "researchanddevelopmentexpense": 311000000,
        "sellinggeneralandadministrativeexpense": 429000000,
        "businesscombinationacquisitionrelatedcosts": -234000000,
        "restructuringchargesother": -27000000,
        "operatingincomeloss": 164000000,
        "othernonoperatingincomeexpense": 9000000,
        "interestanddebtexpense": -47000000,
        "incomelossfromcontinuingoperationsbeforeincometaxesextraordinaryitemsnoncontrollinginterest": 1087000000,
        "incometaxexpensebenefit": 19000000,
        "earningspersharebasic": 0.77,
        "earningspersharediluted": 0.75,
        "weightedaveragenumberofsharesoutstandingbasic": -2147000000,
        "weightedaveragenumberofdilutedsharesoutstanding": -2176000000,
        "commonstockdividendspersharedeclared": 0.3399999999999999
    },
    {
        "date": "2014-09-29",
        "symbol": "TXN",
        "period": "Q3",
        "netincomeloss": 1000000,
        "othercomprehensiveincomedefinedbenefitplansnetunamortizedgainlossarisingduringperiodnetoftax": 28000000,
        "othercomprehensiveincomelossreclassificationadjustmentfromaocipensionandotherpostretirementbenefitplansfornetgainlossnetoftax": -17000000,
        "othercomprehensiveincomelossamortizationadjustmentfromaocipensionandotherpostretirementbenefitplansfornetpriorservicecostcreditnetoftax": -1000000,
        "othercomprehensiveincomelossnetoftax": 44000000,
        "comprehensiveincomenetoftaxincludingportionattributabletononcontrollinginterest": 870000000,
        "salesrevenuenet": 711000000,
        "costofrevenue": 1457000000,
        "grossprofit": 2044000000,
        "researchanddevelopmentexpense": 332000000,
        "sellinggeneralandadministrativeexpense": 463000000,
        "businesscombinationacquisitionrelatedcosts": 80000000,
        "restructuringchargesother": -9000000,
        "operatingincomeloss": 259000000,
        "othernonoperatingincomeexpense": 3000000,
        "interestanddebtexpense": 23000000,
        "incomelossfromcontinuingoperationsbeforeincometaxesextraordinaryitemsnoncontrollinginterest": 1155000000,
        "incometaxexpensebenefit": -8000000,
        "earningspersharebasic": 0.77,
        "earningspersharediluted": 0.76,
        "weightedaveragenumberofsharesoutstandingbasic": 1060000000,
        "weightedaveragenumberofdilutedsharesoutstanding": 1074000000,
        "commonstockdividendspersharedeclared": 0.3
    },
    {
        "date": "2014-06-29",
        "symbol": "TXN",
        "period": "Q2",
        "netincomeloss": -1000000,
        "othercomprehensiveincomedefinedbenefitplansnetunamortizedgainlossarisingduringperiodnetoftax": -5000000,
        "othercomprehensiveincomelossreclassificationadjustmentfromaocipensionandotherpostretirementbenefitplansfornetgainlossnetoftax": -11000000,
        "othercomprehensiveincomelossamortizationadjustmentfromaocipensionandotherpostretirementbenefitplansfornetpriorservicecostcreditnetoftax": 1000000,
        "othercomprehensiveincomelossreclassificationadjustmentfromaocionderivativesnetoftax": -1000000,
        "othercomprehensiveincomelossnetoftax": 8000000,
        "comprehensiveincomenetoftaxincludingportionattributabletononcontrollinginterest": 691000000,
        "salesrevenuenet": 703000000,
        "costofrevenue": 1411000000,
        "grossprofit": 1881000000,
        "researchanddevelopmentexpense": 349000000,
        "sellinggeneralandadministrativeexpense": 472000000,
        "businesscombinationacquisitionrelatedcosts": 82000000,
        "restructuringchargesother": -4000000,
        "operatingincomeloss": 214000000,
        "othernonoperatingincomeexpense": 3000000,
        "interestanddebtexpense": 1000000,
        "incomelossfromcontinuingoperationsbeforeincometaxesextraordinaryitemsnoncontrollinginterest": 961000000,
        "incometaxexpensebenefit": -7000000,
        "earningspersharebasic": 0.63,
        "earningspersharediluted": 0.62,
        "weightedaveragenumberofsharesoutstandingbasic": 1071000000,
        "weightedaveragenumberofdilutedsharesoutstanding": 1086000000,
        "commonstockdividendspersharedeclared": 0.3
    },
    {
        "date": "2014-03-30",
        "symbol": "TXN",
        "period": "Q1",
        "netincomeloss": -10000000,
        "othercomprehensiveincomedefinedbenefitplansnetunamortizedgainlossarisingduringperiodnetoftax": -2000000,
        "othercomprehensiveincomelossreclassificationadjustmentfromaocipensionandotherpostretirementbenefitplansfornetgainlossnetoftax": -10000000,
        "othercomprehensiveincomelossnetoftax": 8000000,
        "comprehensiveincomenetoftaxincludingportionattributabletononcontrollinginterest": 495000000,
        "salesrevenuenet": 490000000,
        "costofrevenue": 1376000000,
        "grossprofit": 1607000000,
        "researchanddevelopmentexpense": 366000000,
        "sellinggeneralandadministrativeexpense": 479000000,
        "businesscombinationacquisitionrelatedcosts": 83000000,
        "restructuringchargesother": -11000000,
        "operatingincomeloss": 140000000,
        "othernonoperatingincomeexpense": 6000000,
        "interestanddebtexpense": 25000000,
        "incomelossfromcontinuingoperationsbeforeincometaxesextraordinaryitemsnoncontrollinginterest": 671000000,
        "incometaxexpensebenefit": -5000000,
        "earningspersharebasic": 0.44,
        "earningspersharediluted": 0.44,
        "weightedaveragenumberofsharesoutstandingbasic": 1081000000,
        "weightedaveragenumberofdilutedsharesoutstanding": 1096000000,
        "commonstockdividendspersharedeclared": 0.3
    },
    {
        "date": "2013-12-30",
        "symbol": "TXN",
        "period": "Q4",
        "netincomeloss": -43000000,
        "othercomprehensiveincomedefinedbenefitplansnetunamortizedgainlossarisingduringperiodnetoftax": 19000000,
        "othercomprehensiveincomelossnetoftax": 44000000,
        "comprehensiveincomenetoftaxincludingportionattributabletononcontrollinginterest": 555000000,
        "salesrevenuenet": -4253000000,
        "costofrevenue": 1388000000,
        "grossprofit": 1640000000,
        "researchanddevelopmentexpense": 346000000,
        "sellinggeneralandadministrativeexpense": 461000000,
        "businesscombinationacquisitionrelatedcosts": 84000000,
        "restructuringchargesother": 62000000,
        "operatingincomeloss": 1156000000,
        "interestanddebtexpense": 4000000,
        "incometaxexpensebenefit": 4000000,
        "earningspersharebasic": 0.47000000000000003,
        "earningspersharediluted": 0.46,
        "weightedaveragenumberofsharesoutstandingbasic": -4000000,
        "weightedaveragenumberofdilutedsharesoutstanding": -4000000,
        "commonstockdividendspersharedeclared": 0.30000000000000004
    },
    {
        "date": "2013-09-29",
        "symbol": "TXN",
        "period": "Q3",
        "netincomeloss": 13000000,
        "othercomprehensiveincomedefinedbenefitplansnetunamortizedgainlossarisingduringperiodnetoftax": 6000000,
        "othercomprehensiveincomedefinedbenefitplannetpriorservicecostscreditarisingduringperiodnetoftax": 0,
        "othercomprehensiveincomeunrealizedgainlossonderivativesarisingduringperiodnetoftax": 0,
        "othercomprehensiveincomelossnetoftax": 18000000,
        "comprehensiveincomenetoftaxincludingportionattributabletononcontrollinginterest": 647000000,
        "salesrevenuenet": 1932000000,
        "costofrevenue": 1465000000,
        "grossprofit": 1780000000,
        "researchanddevelopmentexpense": 368000000,
        "sellinggeneralandadministrativeexpense": 466000000,
        "businesscombinationacquisitionrelatedcosts": 86000000,
        "restructuringchargesother": 16000000,
        "operatingincomeloss": 179000000,
        "interestanddebtexpense": -1000000,
        "incometaxexpensebenefit": -1000000,
        "earningspersharebasic": 0.5599999999999998,
        "earningspersharediluted": 0.5499999999999998,
        "weightedaveragenumberofsharesoutstandingbasic": -3000000,
        "weightedaveragenumberofdilutedsharesoutstanding": -3000000,
        "commonstockdividendspersharedeclared": 0.28
    },
    {
        "date": "2013-06-29",
        "symbol": "TXN",
        "period": "Q2",
        "netincomeloss": 16000000,
        "othercomprehensiveincomedefinedbenefitplansnetunamortizedgainlossarisingduringperiodnetoftax": 48000000,
        "othercomprehensiveincomereclassificationofdefinedbenefitplansnetgainlossrecognizedinnetperiodicbenefitcostnetoftax": 16000000,
        "othercomprehensiveincomedefinedbenefitplannetpriorservicecostscreditarisingduringperiodnetoftax": 1000000,
        "othercomprehensiveincomeunrealizedgainlossonderivativesarisingduringperiodnetoftax": -2000000,
        "othercomprehensiveincomelossnetoftax": 60000000,
        "comprehensiveincomenetoftaxincludingportionattributabletononcontrollinginterest": 720000000,
        "salesrevenuenet": 2832000000,
        "costofrevenue": 1477000000,
        "grossprofit": 1570000000,
        "researchanddevelopmentexpense": 389000000,
        "sellinggeneralandadministrativeexpense": 472000000,
        "businesscombinationacquisitionrelatedcosts": 85000000,
        "restructuringchargesother": -282000000,
        "operatingincomeloss": 517000000,
        "othernonoperatingincomeexpense": 0,
        "interestanddebtexpense": -24000000,
        "incomelossfromcontinuingoperationsbeforeincometaxesminorityinterestandincomelossfromequitymethodinvestments": 882000000,
        "incometaxexpensebenefit": -10000000,
        "earningspersharebasic": 0.5900000000000001,
        "earningspersharediluted": 0.5800000000000001,
        "weightedaveragenumberofsharesoutstandingbasic": -2000000,
        "weightedaveragenumberofdilutedsharesoutstanding": -3000000,
        "commonstockdividendspersharedeclared": 0.28
    },
    {
        "date": "2013-03-30",
        "symbol": "TXN",
        "period": "Q1",
        "netincomeloss": 17000000,
        "othercomprehensiveincomedefinedbenefitplansnetunamortizedgainlossarisingduringperiodnetoftax": 32000000,
        "othercomprehensiveincomereclassificationofdefinedbenefitplansnetgainlossrecognizedinnetperiodicbenefitcostnetoftax": 17000000,
        "othercomprehensiveincomedefinedbenefitplannetpriorservicecostscreditarisingduringperiodnetoftax": 1000000,
        "othercomprehensiveincomeunrealizedgainlossonderivativesarisingduringperiodnetoftax": 1000000,
        "othercomprehensiveincomelossnetoftax": 49000000,
        "comprehensiveincomenetoftaxincludingportionattributabletononcontrollinginterest": 411000000,
        "salesrevenuenet": 561000000,
        "costofrevenue": 1511000000,
        "grossprofit": 1374000000,
        "researchanddevelopmentexpense": 419000000,
        "sellinggeneralandadministrativeexpense": 459000000,
        "businesscombinationacquisitionrelatedcosts": 86000000,
        "restructuringchargesother": 15000000,
        "operatingincomeloss": 7000000,
        "othernonoperatingincomeexpense": 2000000,
        "interestanddebtexpense": 23000000,
        "incomelossfromcontinuingoperationsbeforeincometaxesminorityinterestandincomelossfromequitymethodinvestments": 374000000,
        "incometaxexpensebenefit": 9000000,
        "earningspersharebasic": 0.32,
        "earningspersharediluted": 0.32,
        "weightedaveragenumberofsharesoutstandingbasic": 1107000000,
        "weightedaveragenumberofdilutedsharesoutstanding": 1123000000,
        "commonstockdividendspersharedeclared": 0.21
    },
    {
        "date": "2012-12-30",
        "symbol": "TXN",
        "period": "Q4",
        "netincomeloss": -4000000,
        "othercomprehensiveincomedefinedbenefitplansnetunamortizedgainlossarisingduringperiodnetoftax": -89000000,
        "othercomprehensiveincomereclassificationofdefinedbenefitplansnetgainlossrecognizedinnetperiodicbenefitcostnetoftax": 9000000,
        "comprehensiveincomenetoftaxincludingportionattributabletononcontrollinginterest": 183000000,
        "salesrevenuenet": -3468000000,
        "costofrevenue": 1533000000,
        "grossprofit": 1446000000,
        "researchanddevelopmentexpense": 425000000,
        "sellinggeneralandadministrativeexpense": 433000000,
        "operatingincomeloss": 7000000,
        "othernonoperatingincomeexpense": 40000000,
        "interestanddebtexpense": 23000000,
        "incomelossfromcontinuingoperationsbeforeincometaxesminorityinterestandincomelossfromequitymethodinvestments": 155000000,
        "incometaxexpensebenefit": -109000000,
        "earningspersharebasic": 0.23999999999999996,
        "earningspersharediluted": 0.23999999999999996,
        "weightedaveragenumberofsharesoutstandingbasic": -1140000000,
        "weightedaveragenumberofdilutedsharesoutstanding": -1154000000,
        "commonstockdividendspersharedeclared": 0.20999999999999988
    },
    {
        "date": "2012-09-29",
        "symbol": "TXN",
        "period": "Q3",
        "netincomeloss": -15000000,
        "othercomprehensiveincomeunrealizedholdinggainlossonsecuritiesarisingduringperiodnetoftax": 1000000,
        "othercomprehensiveincomedefinedbenefitplansnetunamortizedgainlossarisingduringperiodnetoftax": -3000000,
        "othercomprehensiveincomereclassificationofdefinedbenefitplansnetgainlossrecognizedinnetperiodicbenefitcostnetoftax": 128000000,
        "othercomprehensiveincomeunrealizedgainlossonderivativesarisingduringperiodnetoftax": -3000000,
        "othercomprehensiveincomelossnetoftaxperiodincreasedecrease": 123000000,
        "comprehensiveincomenetoftaxincludingportionattributabletononcontrollinginterest": 907000000,
        "salesrevenuenet": 1843000000,
        "costofrevenue": 1650000000,
        "grossprofit": 1740000000,
        "researchanddevelopmentexpense": 463000000,
        "sellinggeneralandadministrativeexpense": 453000000,
        "restructuringchargesother": -144000000,
        "businessacquisitionacquisitionrelatedcost": 3000000,
        "operatingincomeloss": -53000000,
        "othernonoperatingincomeexpense": 24000000,
        "interestanddebtexpense": 21000000,
        "incomelossfromcontinuingoperationsbeforeincometaxesminorityinterestandincomelossfromequitymethodinvestments": 843000000,
        "incometaxexpensebenefit": 59000000,
        "earningspersharebasic": 0.68,
        "earningspersharediluted": 0.67,
        "weightedaveragenumberofsharesoutstandingbasic": 1130000000,
        "weightedaveragenumberofdilutedsharesoutstanding": 1141000000,
        "commonstockdividendspersharedeclared": 0.17
    },
    {
        "date": "2012-06-29",
        "symbol": "TXN",
        "period": "Q2",
        "netincomeloss": -8000000,
        "othercomprehensiveincomeunrealizedholdinggainlossonsecuritiesarisingduringperiodnetoftax": 0,
        "othercomprehensiveincomedefinedbenefitplansnetunamortizedgainlossarisingduringperiodnetoftax": -12000000,
        "othercomprehensiveincomereclassificationofdefinedbenefitplansnetgainlossrecognizedinnetperiodicbenefitcostnetoftax": 12000000,
        "othercomprehensiveincomeunrealizedgainlossonderivativesarisingduringperiodnetoftax": 0,
        "othercomprehensiveincomelossnetoftaxperiodincreasedecrease": 1000000,
        "comprehensiveincomenetoftaxincludingportionattributabletononcontrollinginterest": 447000000,
        "salesrevenuenet": 1800000000,
        "costofrevenue": 1684000000,
        "grossprofit": 1651000000,
        "researchanddevelopmentexpense": 480000000,
        "sellinggeneralandadministrativeexpense": 456000000,
        "otherrestructuringcosts": 13000000,
        "businessacquisitionacquisitionrelatedcost": -31000000,
        "operatingincomeloss": -123000000,
        "othernonoperatingincomeexpense": -3000000,
        "interestanddebtexpense": 20000000,
        "incomelossfromcontinuingoperationsbeforeincometaxesminorityinterestandincomelossfromequitymethodinvestments": 575000000,
        "incometaxexpensebenefit": 129000000,
        "earningspersharebasic": 0.38,
        "earningspersharediluted": 0.38,
        "weightedaveragenumberofsharesoutstandingbasic": -1000000,
        "weightedaveragenumberofdilutedsharesoutstanding": -6000000,
        "commonstockdividendspersharedeclared": 0.17
    },
    {
        "date": "2012-03-30",
        "symbol": "TXN",
        "period": "Q1",
        "netincomeloss": -4000000,
        "othercomprehensiveincomeunrealizedholdinggainlossonsecuritiesarisingduringperiodnetoftax": 2000000,
        "othercomprehensiveincomedefinedbenefitplansnetunamortizedgainlossarisingduringperiodnetoftax": 23000000,
        "othercomprehensiveincomereclassificationofdefinedbenefitplansnetgainlossrecognizedinnetperiodicbenefitcostnetoftax": 11000000,
        "othercomprehensiveincomedefinedbenefitplannetpriorservicecostscreditarisingduringperiodnetoftax": 1000000,
        "othercomprehensiveincomeunrealizedgainlossonderivativesarisingduringperiodnetoftax": -1000000,
        "othercomprehensiveincomelossnetoftaxperiodincreasedecrease": 34000000,
        "comprehensiveincomenetoftaxincludingportionattributabletononcontrollinginterest": 299000000,
        "salesrevenuenet": 1686000000,
        "costofrevenue": 1590000000,
        "grossprofit": 1531000000,
        "researchanddevelopmentexpense": 509000000,
        "sellinggeneralandadministrativeexpense": 462000000,
        "otherrestructuringcosts": 10000000,
        "businessacquisitionacquisitionrelatedcost": 41000000,
        "operatingincomeloss": 335000000,
        "othernonoperatingincomeexpense": -14000000,
        "interestanddebtexpense": 21000000,
        "incomelossfromcontinuingoperationsbeforeincometaxesminorityinterestandincomelossfromequitymethodinvestments": 362000000,
        "incometaxexpensebenefit": 97000000,
        "earningspersharebasic": 0.23,
        "earningspersharediluted": 0.22,
        "weightedaveragenumberofsharesoutstandingbasic": 1143000000,
        "weightedaveragenumberofdilutedsharesoutstanding": 1165000000,
        "commonstockdividendspersharedeclared": 0.17
    },
    {
        "date": "2011-09-29",
        "symbol": "TXN",
        "period": "Q3",
        "netincomeloss": -1368000000,
        "othercomprehensiveincomedefinedbenefitplansnetunamortizedgainlossarisingduringperiodnetoftax": 15000000,
        "othercomprehensiveincomereclassificationofdefinedbenefitplansnetgainlossrecognizedinnetperiodicbenefitcostnetoftax": -12000000,
        "othercomprehensiveincomelossnetoftaxperiodincreasedecrease": -4000000,
        "comprehensiveincomenetoftaxincludingportionattributabletononcontrollinginterest": 596000000,
        "salesrevenuenet": -3101000000,
        "costofrevenue": 1722000000,
        "grossprofit": 1744000000,
        "researchanddevelopmentexpense": 395000000,
        "sellinggeneralandadministrativeexpense": 388000000,
        "businessacquisitionacquisitioncost": 30000000,
        "operatingincomeloss": -182000000,
        "othernonoperatingincomeexpense": -18000000,
        "incomelossfromcontinuingoperationsbeforeincometaxesminorityinterestandincomelossfromequitymethodinvestments": 781000000,
        "incometaxexpensebenefit": 181000000,
        "earningspersharebasic": 0.52,
        "earningspersharediluted": 0.51,
        "weightedaveragenumberofsharesoutstandingbasic": -5000000,
        "weightedaveragenumberofdilutedsharesoutstanding": -10000000,
        "commonstockdividendspersharedeclared": 0.13
    },
    {
        "date": "2011-06-29",
        "symbol": "TXN",
        "period": "Q2",
        "netincomeloss": 672000000,
        "othercomprehensiveincomedefinedbenefitplansnetunamortizedgainlossarisingduringperiodnetoftax": 33000000,
        "othercomprehensiveincomereclassificationofdefinedbenefitplansnetgainlossrecognizedinnetperiodicbenefitcostnetoftax": -35000000,
        "othercomprehensiveincomedefinedbenefitplannetpriorservicecostscreditarisingduringperiodnetoftax": 0,
        "othercomprehensiveincomelossnetoftaxperiodincreasedecrease": 16000000,
        "comprehensiveincomenetoftaxincludingportionattributabletononcontrollinginterest": 688000000,
        "salesrevenuenet": 2458000000,
        "costofrevenue": 1705000000,
        "grossprofit": 1752000000,
        "researchanddevelopmentexpense": 424000000,
        "sellinggeneralandadministrativeexpense": 410000000,
        "businessacquisitionacquisitioncost": 13000000,
        "operatingincomeloss": 236000000,
        "othernonoperatingincomeexpense": 9000000,
        "incomelossfromcontinuingoperationsbeforeincometaxesminorityinterestandincomelossfromequitymethodinvestments": 908000000,
        "incometaxexpensebenefit": 236000000,
        "earningspersharebasic": 0.5699999999999998,
        "earningspersharediluted": 0.56,
        "weightedaveragenumberofsharesoutstandingbasic": 1160998833,
        "weightedaveragenumberofdilutedsharesoutstanding": 1186998806,
        "commonstockdividendspersharedeclared": 0.13
    },
    {
        "date": "2011-03-30",
        "symbol": "TXN",
        "period": "Q1",
        "salesrevenuenet": 665000000,
        "costofrevenue": 1664000000,
        "grossprofit": 1728000000,
        "researchanddevelopmentexpense": 422000000,
        "sellinggeneralandadministrativeexpense": 396000000,
        "businessacquisitionacquisitioncost": 2000000,
        "operatingincomeloss": 247000000,
        "othernonoperatingincomeexpense": 10000000,
        "incomelossfromcontinuingoperationsbeforeincometaxesminorityinterestandincomelossfromequitymethodinvestments": 918000000,
        "incometaxexpensebenefit": 252000000,
        "netincomeloss": 666000000,
        "earningspersharebasic": 0.56,
        "earningspersharediluted": 0.55,
        "weightedaveragenumberofsharesoutstandingbasic": 1167,
        "weightedaveragenumberofdilutedsharesoutstanding": 1194,
        "commonstockdividendspersharedeclared": 0.13,
        "othercomprehensiveincomedefinedbenefitplansnetunamortizedgainlossarisingduringperiodnetoftax": -14000000,
        "othercomprehensiveincomereclassificationofdefinedbenefitplansnetgainlossrecognizedinnetperiodicbenefitcostnetoftax": 12000000,
        "othercomprehensiveincomedefinedbenefitplannetpriorservicecostscreditarisingduringperiodnetoftax": 1000000,
        "othercomprehensiveincomelossnetoftaxperiodincreasedecrease": -1000000,
        "comprehensiveincomenetoftaxincludingportionattributabletononcontrollinginterest": 665000000
    },
    {
        "date": "2010-09-29",
        "symbol": "TXN",
        "period": "Q3",
        "netincomeloss": 859000000,
        "othercomprehensiveincomeunrealizedholdinggainlossonsecuritiesarisingduringperiodnetoftax": 2000000,
        "othercomprehensiveincomedefinedbenefitplansnetunamortizedgainlossarisingduringperiodnetoftax": -7000000,
        "othercomprehensiveincomereclassificationofdefinedbenefitplansnetgainlossrecognizedinnetperiodicbenefitcostnetoftax": 14000000,
        "othercomprehensiveincomedefinedbenefitplannetpriorservicecostscreditarisingduringperiodnetoftax": 1000000,
        "othercomprehensiveincomelossnetoftaxperiodincreasedecrease": 10000000,
        "comprehensiveincomenetoftaxincludingportionattributabletononcontrollinginterest": 869000000,
        "salesrevenuenet": 813000000,
        "costofrevenue": 1701000000,
        "grossprofit": 2039000000,
        "researchanddevelopmentexpense": 417000000,
        "sellinggeneralandadministrativeexpense": 391000000,
        "otherrestructuringcosts": 4000000,
        "operatingincomeloss": 367000000,
        "othernonoperatingincomeexpense": 8000000,
        "incomelossfromcontinuingoperationsbeforeincometaxesminorityinterestandincomelossfromequitymethodinvestments": 1235000000,
        "incometaxexpensebenefit": 376000000,
        "earningspersharebasic": 0.71,
        "earningspersharediluted": 0.71,
        "weightedaveragenumberofsharesoutstandingbasic": 1184,
        "weightedaveragenumberofdilutedsharesoutstanding": 1196,
        "commonstockdividendspersharedeclared": 0.12
    },
    {
        "date": "2010-03-30",
        "symbol": "TXN",
        "period": "Q1",
        "netincomeloss": 658000000,
        "othercomprehensiveincomeunrealizedholdinggainlossonsecuritiesarisingduringperiodnetoftax": 1000000,
        "othercomprehensiveincomedefinedbenefitplansnetunamortizedgainlossarisingduringperiodnetoftax": -24000000,
        "othercomprehensiveincomereclassificationofdefinedbenefitplansnetgainlossrecognizedinnetperiodicbenefitcostnetoftax": 17000000,
        "othercomprehensiveincomelossnetoftaxperiodincreasedecrease": -6000000,
        "comprehensiveincomenetoftaxincludingportionattributabletononcontrollinginterest": 652000000,
        "salesrevenuenet": 3205000000,
        "costofrevenue": 1516000000,
        "grossprofit": 1689000000,
        "researchanddevelopmentexpense": 370000000,
        "sellinggeneralandadministrativeexpense": 359000000,
        "otherrestructuringcosts": 10000000,
        "operatingincomeloss": 950000000,
        "othernonoperatingincomeexpense": 7000000,
        "incomelossfromcontinuingoperationsbeforeincometaxesminorityinterestandincomelossfromequitymethodinvestments": 957000000,
        "incometaxexpensebenefit": 299000000,
        "earningspersharebasic": 0.53,
        "earningspersharediluted": 0.52,
        "weightedaveragenumberofsharesoutstandingbasic": 1233000000,
        "weightedaveragenumberofdilutedsharesoutstanding": 1246000000,
        "commonstockdividendspersharedeclared": 0.12
    }
]