[
    {
        "date": "2024-09-29",
        "symbol": "AFL",
        "period": "Q3",
        "premiumsearnednet": 3328000000,
        "netinvestmentincome": 210000000,
        "gainlossoninvestments": -1000000,
        "otherincome": 15000000,
        "revenues": 2949000000,
        "policyholderbenefitsandclaimsincurredexcludingreserveremeasurementgainloss": 2003000000,
        "liabilityforfuturepolicybenefitremeasurementgainloss": 408000000,
        "policyholderbenefitsandclaimsincurrednet": 1595000000,
        "deferredpolicyacquisitioncostamortizationexpense": 214000000,
        "insurancecommissions": 251000000,
        "sellinggeneralandadministrativeexpense": 747000000,
        "interestexpenseoperating": 50000000,
        "operatingexpenses": 1262000000,
        "benefitslossesandexpenses": 2857000000,
        "incomelossfromcontinuingoperationsbeforeincometaxesextraordinaryitemsnoncontrollinginterest": 92000000,
        "incometaxexpensebenefit": 11000000,
        "netincomeloss": 41000000,
        "earningspersharebasic": -0.17,
        "earningspersharediluted": -0.17,
        "weightedaveragenumberofsharesoutstandingbasic": 557899000,
        "weightedaveragenumberofdilutedsharesoutstanding": 560414000,
        "commonstockdividendspersharecashpaid": 0.5,
        "liabilityforfuturepolicybenefitremeasurementgainlosslimitedpaymentcontract": -75000000,
        "othercomprehensiveincomelossforeigncurrencytransactionandtranslationadjustmentbeforetax": -747000000,
        "othercomprehensiveincomeunrealizedholdinggainlossonsecuritiesarisingduringperiodbeforetax": 268000000,
        "othercomprehensiveincomereclassificationadjustmentforsaleandwritedownofsecuritiesincludedinnetincomebeforetax": -53000000,
        "othercomprehensiveincomelosscashflowhedgegainlossafterreclassificationbeforetax": 2000000,
        "ociliabilityforfuturepolicybenefitgainlossafterreclassificationadjustmentbeforetax": -1889000000,
        "othercomprehensiveincomelosspensionandotherpostretirementbenefitplansadjustmentbeforetax": 3000000,
        "othercomprehensiveincomelossbeforetax": -887000000,
        "othercomprehensiveincomelosstax": -502000000,
        "othercomprehensiveincomelossnetoftax": -385000000,
        "comprehensiveincomenetoftax": -478000000
    },
    {
        "date": "2024-06-29",
        "symbol": "AFL",
        "period": "Q2",
        "premiumsearnednet": 3325000000,
        "netinvestmentincome": 1095000000,
        "gainlossoninvestments": 696000000,
        "otherincome": 22000000,
        "revenues": 5138000000,
        "policyholderbenefitsandclaimsincurredexcludingreserveremeasurementgainloss": 1972000000,
        "liabilityforfuturepolicybenefitremeasurementgainloss": 51000000,
        "policyholderbenefitsandclaimsincurrednet": 1921000000,
        "deferredpolicyacquisitioncostamortizationexpense": 208000000,
        "insurancecommissions": 246000000,
        "sellinggeneralandadministrativeexpense": 694000000,
        "interestexpense": 50000000,
        "operatingexpenses": 1198000000,
        "benefitslossesandexpenses": 3119000000,
        "incomelossfromcontinuingoperationsbeforeincometaxesextraordinaryitemsnoncontrollinginterest": 2019000000,
        "incometaxexpensebenefit": 264000000,
        "netincomeloss": 1755000000,
        "earningspersharebasic": 3.11,
        "earningspersharediluted": 3.1,
        "weightedaveragenumberofsharesoutstandingbasic": 564573000,
        "weightedaveragenumberofdilutedsharesoutstanding": 566838000,
        "commonstockdividendspersharecashpaid": 0.5,
        "liabilityforfuturepolicybenefitremeasurementgainlosslimitedpaymentcontract": -2000000,
        "othercomprehensiveincomelossforeigncurrencytransactionandtranslationadjustmentbeforetax": -340000000,
        "othercomprehensiveincomeunrealizedholdinggainlossonsecuritiesarisingduringperiodbeforetax": -829000000,
        "othercomprehensiveincomereclassificationadjustmentforsaleandwritedownofsecuritiesincludedinnetincomebeforetax": -50000000,
        "othercomprehensiveincomelosscashflowhedgegainlossafterreclassificationbeforetax": 6000000,
        "ociliabilityforfuturepolicybenefitgainlossafterreclassificationadjustmentbeforetax": 3698000000,
        "othercomprehensiveincomelosspensionandotherpostretirementbenefitplansadjustmentbeforetax": -2000000,
        "othercomprehensiveincomelossbeforetax": 2487000000,
        "othercomprehensiveincomelosstax": 677000000,
        "othercomprehensiveincomelossnetoftax": 1810000000,
        "comprehensiveincomenetoftax": 3565000000
    },
    {
        "date": "2024-03-30",
        "symbol": "AFL",
        "period": "Q1",
        "premiumsearnednet": 3456000000,
        "netinvestmentincome": 1000000000,
        "gainlossoninvestments": 951000000,
        "otherincome": 29000000,
        "revenues": 5436000000,
        "policyholderbenefitsandclaimsincurredexcludingreserveremeasurementgainloss": 2066000000,
        "liabilityforfuturepolicybenefitremeasurementgainloss": 56000000,
        "policyholderbenefitsandclaimsincurrednet": 2010000000,
        "deferredpolicyacquisitioncostamortizationexpense": 215000000,
        "insurancecommissions": 255000000,
        "sellinggeneralandadministrativeexpense": 739000000,
        "interestexpense": 47000000,
        "operatingexpenses": 1256000000,
        "benefitslossesandexpenses": 3266000000,
        "incomelossfromcontinuingoperationsbeforeincometaxesextraordinaryitemsnoncontrollinginterest": 2170000000,
        "incometaxexpensebenefit": 291000000,
        "netincomeloss": 1879000000,
        "earningspersharebasic": 3.27,
        "earningspersharediluted": 3.25,
        "weightedaveragenumberofsharesoutstandingbasic": 574886000,
        "weightedaveragenumberofdilutedsharesoutstanding": 577482000,
        "commonstockdividendspersharecashpaid": 0.5,
        "othercomprehensiveincomelossforeigncurrencytransactionandtranslationadjustmentbeforetax": -501000000,
        "othercomprehensiveincomeunrealizedholdinggainlossonsecuritiesarisingduringperiodbeforetax": 103000000,
        "othercomprehensiveincomereclassificationadjustmentforsaleandwritedownofsecuritiesincludedinnetincomebeforetax": -168000000,
        "othercomprehensiveincomelosscashflowhedgegainlossafterreclassificationbeforetax": -5000000,
        "ociliabilityforfuturepolicybenefitgainlossafterreclassificationadjustmentbeforetax": 1348000000,
        "othercomprehensiveincomelosspensionandotherpostretirementbenefitplansadjustmentbeforetax": -2000000,
        "othercomprehensiveincomelossbeforetax": 779000000,
        "othercomprehensiveincomelosstax": 361000000,
        "othercomprehensiveincomelossnetoftax": 418000000,
        "comprehensiveincomenetoftax": 2297000000
    },
    {
        "date": "2023-12-30",
        "symbol": "AFL",
        "period": "Q4",
        "premiumsearnednet": 3386000000,
        "netinvestmentincome": 865000000,
        "gainlossoninvestments": -511000000,
        "otherincome": 39000000,
        "revenues": 3779000000,
        "policyholderbenefitsandclaimsincurredexcludingreserveremeasurementgainloss": 2174000000,
        "liabilityforfuturepolicybenefitremeasurementgainloss": 71000000,
        "policyholderbenefitsandclaimsincurrednet": 2103000000,
        "deferredpolicyacquisitioncostamortizationexpense": 208000000,
        "insurancecommissions": 254000000,
        "sellinggeneralandadministrativeexpense": 877000000,
        "interestexpense": 47000000,
        "operatingexpenses": 1386000000,
        "benefitslossesandexpenses": 3489000000,
        "incomelossfromcontinuingoperationsbeforeincometaxesextraordinaryitemsnoncontrollinginterest": 290000000,
        "incometaxexpensebenefit": 22000000,
        "netincomeloss": 268000000,
        "earningspersharebasic": 0.5,
        "earningspersharediluted": 0.49000000000000066,
        "weightedaveragenumberofsharesoutstandingbasic": 596173000,
        "weightedaveragenumberofdilutedsharesoutstanding": 598745000,
        "commonstockdividendspersharecashpaid": 0.4200000000000001,
        "othercomprehensiveincomelossforeigncurrencytransactionandtranslationadjustmentbeforetax": 310000000,
        "othercomprehensiveincomeunrealizedholdinggainlossonsecuritiesarisingduringperiodbeforetax": 2003000000,
        "othercomprehensiveincomereclassificationadjustmentforsaleandwritedownofsecuritiesincludedinnetincomebeforetax": -41000000,
        "othercomprehensiveincomelosscashflowhedgegainlossafterreclassificationbeforetax": 3000000,
        "othercomprehensiveincomelosspensionandotherpostretirementbenefitplansadjustmentbeforetax": 33000000,
        "othercomprehensiveincomelossbeforetax": 97000000,
        "othercomprehensiveincomelosstax": -143000000,
        "othercomprehensiveincomelossnetoftax": 240000000,
        "comprehensiveincomenetoftax": 508000000
    },
    {
        "date": "2023-09-29",
        "symbol": "AFL",
        "period": "Q3",
        "premiumsearnednet": 3476000000,
        "netinvestmentincome": 1004000000,
        "gainlossoninvestments": 423000000,
        "otherincome": 47000000,
        "revenues": 4950000000,
        "policyholderbenefitsandclaimsincurredexcludingreserveremeasurementgainloss": 2065000000,
        "liabilityforfuturepolicybenefitremeasurementgainloss": 205000000,
        "policyholderbenefitsandclaimsincurrednet": 1860000000,
        "deferredpolicyacquisitioncostamortizationexpense": 201000000,
        "insurancecommissions": 250000000,
        "sellinggeneralandadministrativeexpense": 785000000,
        "interestexpense": 49000000,
        "operatingexpenses": 1285000000,
        "benefitslossesandexpenses": 3145000000,
        "incomelossfromcontinuingoperationsbeforeincometaxesextraordinaryitemsnoncontrollinginterest": 1805000000,
        "incometaxexpensebenefit": 236000000,
        "netincomeloss": 1569000000,
        "earningspersharebasic": 2.65,
        "earningspersharediluted": 2.64,
        "weightedaveragenumberofsharesoutstandingbasic": 591246000,
        "weightedaveragenumberofdilutedsharesoutstanding": 593596000,
        "commonstockdividendspersharecashpaid": 0.42,
        "liabilityforfuturepolicybenefitremeasurementgainlosslimitedpaymentcontract": 22000000,
        "othercomprehensiveincomelossforeigncurrencytransactionandtranslationadjustmentbeforetax": -194000000,
        "othercomprehensiveincomeunrealizedholdinggainlossonsecuritiesarisingduringperiodbeforetax": -2978000000,
        "othercomprehensiveincomereclassificationadjustmentforsaleandwritedownofsecuritiesincludedinnetincomebeforetax": -41000000,
        "othercomprehensiveincomelosscashflowhedgegainlossafterreclassificationbeforetax": 1000000,
        "ociliabilityforfuturepolicybenefitgainlossafterreclassificationadjustmentbeforetax": 5309000000,
        "othercomprehensiveincomelosspensionandotherpostretirementbenefitplansadjustmentbeforetax": -1000000,
        "othercomprehensiveincomelossbeforetax": 2098000000,
        "othercomprehensiveincomelosstax": 520000000,
        "othercomprehensiveincomelossnetoftax": 1578000000,
        "comprehensiveincomenetoftax": 3147000000
    },
    {
        "date": "2023-06-29",
        "symbol": "AFL",
        "period": "Q2",
        "premiumsearnednet": 3573000000,
        "netinvestmentincome": 999000000,
        "gainlossoninvestments": 555000000,
        "otherincome": 45000000,
        "revenues": 5172000000,
        "policyholderbenefitsandclaimsincurredexcludingreserveremeasurementgainloss": 2152000000,
        "liabilityforfuturepolicybenefitremeasurementgainloss": 54000000,
        "policyholderbenefitsandclaimsincurrednet": 2098000000,
        "deferredpolicyacquisitioncostamortizationexpense": 202000000,
        "insurancecommissions": 268000000,
        "sellinggeneralandadministrativeexpense": 728000000,
        "interestexpense": 51000000,
        "operatingexpenses": 1249000000,
        "benefitslossesandexpenses": 3347000000,
        "incomelossfromcontinuingoperationsbeforeincometaxesextraordinaryitemsnoncontrollinginterest": 1825000000,
        "incometaxexpensebenefit": 191000000,
        "netincomeloss": 1634000000,
        "earningspersharebasic": 2.72,
        "earningspersharediluted": 2.71,
        "weightedaveragenumberofsharesoutstandingbasic": 600742000,
        "weightedaveragenumberofdilutedsharesoutstanding": 602929000,
        "commonstockdividendspersharecashpaid": 0.42,
        "othercomprehensiveincomelossforeigncurrencytransactionandtranslationadjustmentbeforetax": -439000000,
        "othercomprehensiveincomeunrealizedholdinggainlossonsecuritiesarisingduringperiodbeforetax": 890000000,
        "othercomprehensiveincomereclassificationadjustmentforsaleandwritedownofsecuritiesincludedinnetincomebeforetax": -27000000,
        "othercomprehensiveincomelosscashflowhedgegainlossafterreclassificationbeforetax": 1000000,
        "ociliabilityforfuturepolicybenefitgainlossafterreclassificationadjustmentbeforetax": -209000000,
        "othercomprehensiveincomelosspensionandotherpostretirementbenefitplansadjustmentbeforetax": -58000000,
        "othercomprehensiveincomelossbeforetax": 274000000,
        "othercomprehensiveincomelosstax": 334000000,
        "othercomprehensiveincomelossnetoftax": -60000000,
        "comprehensiveincomenetoftax": 1574000000
    },
    {
        "date": "2023-03-30",
        "symbol": "AFL",
        "period": "Q1",
        "premiumsearnednet": 3688000000,
        "netinvestmentincome": 943000000,
        "gainlossoninvestments": 123000000,
        "otherincome": 46000000,
        "revenues": 4800000000,
        "policyholderbenefitsandclaimsincurredexcludingreserveremeasurementgainloss": 2203000000,
        "liabilityforfuturepolicybenefitremeasurementgainloss": 53000000,
        "policyholderbenefitsandclaimsincurrednet": 2150000000,
        "deferredpolicyacquisitioncostamortizationexpense": 205000000,
        "insurancecommissions": 280000000,
        "sellinggeneralandadministrativeexpense": 775000000,
        "interestexpense": 48000000,
        "operatingexpenses": 1308000000,
        "benefitslossesandexpenses": 3458000000,
        "incomelossfromcontinuingoperationsbeforeincometaxesextraordinaryitemsnoncontrollinginterest": 1342000000,
        "incometaxexpensebenefit": 154000000,
        "netincomeloss": 1188000000,
        "earningspersharebasic": 1.94,
        "earningspersharediluted": 1.94,
        "weightedaveragenumberofsharesoutstandingbasic": 611205000,
        "weightedaveragenumberofdilutedsharesoutstanding": 613950000,
        "commonstockdividendspersharecashpaid": 0.42,
        "othercomprehensiveincomelossforeigncurrencytransactionandtranslationadjustmentbeforetax": -43000000,
        "othercomprehensiveincomeunrealizedholdinggainlossonsecuritiesarisingduringperiodbeforetax": 2578000000,
        "othercomprehensiveincomereclassificationadjustmentforsaleandwritedownofsecuritiesincludedinnetincomebeforetax": -57000000,
        "othercomprehensiveincomelosscashflowhedgegainlossafterreclassificationbeforetax": 1000000,
        "ociliabilityforfuturepolicybenefitgainlossafterreclassificationadjustmentbeforetaxparent": -3537000000,
        "othercomprehensiveincomelosspensionandotherpostretirementbenefitplansadjustmentbeforetax": -9000000,
        "othercomprehensiveincomelossbeforetax": -1049000000,
        "othercomprehensiveincomelosstax": -200000000,
        "othercomprehensiveincomelossnetoftax": -849000000,
        "comprehensiveincomenetoftax": 339000000
    },
    {
        "date": "2022-12-30",
        "symbol": "AFL",
        "period": "Q4",
        "premiumsearnednet": 3584000000,
        "netinvestmentincome": 896000000,
        "gainlossoninvestments": -522000000,
        "revenues": 4010000000,
        "policyholderbenefitsandclaimsincurrednet": 2028000000,
        "deferredpolicyacquisitioncostamortizationexpense": 294000000,
        "insurancecommissions": 271000000,
        "sellinggeneralandadministrativeexpense": 838000000,
        "interestexpense": 55000000,
        "operatingexpenses": 1458000000,
        "benefitslossesandexpenses": 3486000000,
        "incometaxexpensebenefit": 339000000,
        "netincomeloss": 185000000,
        "earningspersharebasic": 0.32999999999999985,
        "earningspersharediluted": 0.3300000000000005,
        "weightedaveragenumberofsharesoutstandingbasic": -639739000,
        "weightedaveragenumberofdilutedsharesoutstanding": -642301000,
        "commonstockdividendspersharecashpaid": 0.40000000000000013,
        "othercomprehensiveincomelossforeigncurrencytransactionandtranslationadjustmentbeforetax": 613000000,
        "othercomprehensiveincomeunrealizedholdinggainlossonsecuritiesarisingduringperiodbeforetax": -2129000000,
        "othercomprehensiveincomereclassificationadjustmentforsaleandwritedownofsecuritiesincludedinnetincomebeforetax": -203000000,
        "othercomprehensiveincomelosspensionandotherpostretirementbenefitplansadjustmentbeforetax": -155000000,
        "othercomprehensiveincomelossbeforetax": -1562000000,
        "othercomprehensiveincomelosstax": -668000000,
        "othercomprehensiveincomelossnetoftax": -894000000,
        "comprehensiveincomenetoftax": -709000000
    },
    {
        "date": "2022-09-29",
        "symbol": "AFL",
        "period": "Q3",
        "premiumsearnednet": 3651000000,
        "netinvestmentincome": 920000000,
        "gainlossoninvestments": 199000000,
        "otherincome": 50000000,
        "revenues": 4820000000,
        "policyholderbenefitsandclaimsincurrednet": 2340000000,
        "deferredpolicyacquisitioncostamortizationexpense": 268000000,
        "insurancecommissions": 267000000,
        "sellinggeneralandadministrativeexpense": 783000000,
        "interestexpense": 59000000,
        "operatingexpenses": 1377000000,
        "benefitslossesandexpenses": 3717000000,
        "incomelossfromcontinuingoperationsbeforeincometaxesextraordinaryitemsnoncontrollinginterest": 1103000000,
        "incometaxexpensebenefit": -493000000,
        "netincomeloss": 1596000000,
        "earningspersharebasic": 2.54,
        "earningspersharediluted": 2.53,
        "weightedaveragenumberofsharesoutstandingbasic": 629350000,
        "weightedaveragenumberofdilutedsharesoutstanding": 631946000,
        "commonstockdividendspersharecashpaid": 0.4,
        "othercomprehensiveincomelossforeigncurrencytransactionandtranslationadjustmentbeforetax": -447000000,
        "othercomprehensiveincomeunrealizedholdinggainlossonsecuritiesarisingduringperiodbeforetax": -2220000000,
        "othercomprehensiveincomereclassificationadjustmentforsaleandwritedownofsecuritiesincludedinnetincomebeforetax": -58000000,
        "othercomprehensiveincomelosscashflowhedgegainlossafterreclassificationbeforetax": 1000000,
        "othercomprehensiveincomelosspensionandotherpostretirementbenefitplansadjustmentbeforetax": -2000000,
        "othercomprehensiveincomelossbeforetax": -2722000000,
        "othercomprehensiveincomelosstax": 241000000,
        "othercomprehensiveincomelossnetoftax": -2963000000,
        "comprehensiveincomenetoftax": -1367000000
    },
    {
        "date": "2022-06-29",
        "symbol": "AFL",
        "period": "Q2",
        "premiumsearnednet": 3850000000,
        "netinvestmentincome": 937000000,
        "gainlossoninvestments": 564000000,
        "otherincomeloss": 49000000,
        "revenues": 5400000000,
        "policyholderbenefitsandclaimsincurrednet": 2298000000,
        "deferredpolicyacquisitioncostamortizationexpense": 268000000,
        "insurancecommissions": 279000000,
        "sellinggeneralandadministrativeexpense": 798000000,
        "interestexpense": 56000000,
        "operatingexpenses": 1401000000,
        "benefitslossesandexpenses": 3699000000,
        "incomelossfromcontinuingoperationsbeforeincometaxesextraordinaryitemsnoncontrollinginterest": 1701000000,
        "incometaxexpensebenefit": 313000000,
        "netincomeloss": 1388000000,
        "earningspersharebasic": 2.16,
        "earningspersharediluted": 2.15,
        "weightedaveragenumberofsharesoutstandingbasic": -4548000,
        "weightedaveragenumberofdilutedsharesoutstanding": -4817000,
        "commonstockdividendspersharecashpaid": 0.4,
        "othercomprehensiveincomelossforeigncurrencytransactionandtranslationadjustmentbeforetax": -779000000,
        "othercomprehensiveincomeunrealizedholdinggainlossonsecuritiesarisingduringperiodbeforetax": -3502000000,
        "othercomprehensiveincomereclassificationadjustmentforsaleandwritedownofsecuritiesincludedinnetincomebeforetax": -115000000,
        "othercomprehensiveincomelosscashflowhedgegainlossafterreclassificationbeforetax": 0,
        "othercomprehensiveincomelosspensionandotherpostretirementbenefitplansadjustmentbeforetax": -5000000,
        "othercomprehensiveincomelossbeforetax": -4391000000,
        "othercomprehensiveincomelosstax": -730000000,
        "othercomprehensiveincomelossnetoftax": -3661000000,
        "comprehensiveincomenetoftax": -2273000000
    },
    {
        "date": "2022-03-30",
        "symbol": "AFL",
        "period": "Q1",
        "premiumsearnednet": 4178000000,
        "netinvestmentincome": 903000000,
        "gainlossoninvestments": 122000000,
        "otherincomeloss": 69000000,
        "revenues": 5272000000,
        "policyholderbenefitsandclaimsincurrednet": 2487000000,
        "deferredpolicyacquisitioncostamortizationexpense": 322000000,
        "insurancecommissions": 300000000,
        "sellinggeneralandadministrativeexpense": 831000000,
        "interestexpense": 56000000,
        "operatingexpenses": 1509000000,
        "benefitslossesandexpenses": 3996000000,
        "incomelossfromcontinuingoperationsbeforeincometaxesextraordinaryitemsnoncontrollinginterest": 1276000000,
        "incometaxexpensebenefit": 244000000,
        "netincomeloss": 1032000000,
        "earningspersharebasic": 1.59,
        "earningspersharediluted": 1.58,
        "weightedaveragenumberofsharesoutstandingbasic": 649753000,
        "weightedaveragenumberofdilutedsharesoutstanding": 652827000,
        "commonstockdividendspersharecashpaid": 0.4,
        "othercomprehensiveincomelossforeigncurrencytransactionandtranslationadjustmentbeforetax": -467000000,
        "othercomprehensiveincomeunrealizedholdinggainlossonsecuritiesarisingduringperiodbeforetax": -4752000000,
        "othercomprehensiveincomereclassificationadjustmentforsaleandwritedownofsecuritiesincludedinnetincomebeforetax": -77000000,
        "othercomprehensiveincomelosscashflowhedgegainlossafterreclassificationbeforetax": 1000000,
        "othercomprehensiveincomelosspensionandotherpostretirementbenefitplansadjustmentbeforetax": -3000000,
        "othercomprehensiveincomelossbeforetax": -5292000000,
        "othercomprehensiveincomelosstax": -1012000000,
        "othercomprehensiveincomelossnetoftax": -4280000000,
        "comprehensiveincomenetoftax": -3248000000
    },
    {
        "date": "2021-12-30",
        "symbol": "AFL",
        "period": "Q4",
        "premiumsearnednet": 4241000000,
        "netinvestmentincome": 910000000,
        "gainlossoninvestments": 244000000,
        "otherincomeloss": 41000000,
        "revenues": 5436000000,
        "policyholderbenefitsandclaimsincurrednet": 2580000000,
        "deferredpolicyacquisitioncostamortizationexpense": 301000000,
        "insurancecommissions": 304000000,
        "sellinggeneralandadministrativeexpense": 962000000,
        "interestexpense": 57000000,
        "benefitslossesandexpenses": 4204000000,
        "incometaxexpensebenefit": 193000000,
        "netincomeloss": 1039000000,
        "earningspersharebasic": 1.58,
        "earningspersharediluted": 1.5699999999999994,
        "weightedaveragenumberofsharesoutstandingbasic": -4892000,
        "weightedaveragenumberofdilutedsharesoutstanding": -4792000,
        "commonstockdividendspersharecashpaid": 0.3300000000000001,
        "othercomprehensiveincomelossforeigncurrencytransactionandtranslationadjustmentbeforetax": -243000000,
        "othercomprehensiveincomeunrealizedholdinggainlossonsecuritiesarisingduringperiodbeforetax": -129000000,
        "othercomprehensiveincomereclassificationadjustmentforsaleandwritedownofsecuritiesincludedinnetincomebeforetax": -33000000,
        "othercomprehensiveincomelosspensionandotherpostretirementbenefitplansadjustmentbeforetax": -141000000,
        "othercomprehensiveincomelossbeforetax": -262000000,
        "othercomprehensiveincomelosstax": 7000000,
        "othercomprehensiveincomelossnetoftax": -269000000,
        "comprehensiveincomenetoftax": 770000000
    },
    {
        "date": "2021-09-29",
        "symbol": "AFL",
        "period": "Q3",
        "premiumsearnednet": 4372000000,
        "netinvestmentincome": 990000000,
        "gainlossoninvestments": -172000000,
        "otherincomeloss": 47000000,
        "revenues": 5237000000,
        "policyholderbenefitsandclaimsincurrednet": 2609000000,
        "deferredpolicyacquisitioncostamortizationexpense": 277000000,
        "insurancecommissions": 311000000,
        "sellinggeneralandadministrativeexpense": 870000000,
        "interestexpense": 57000000,
        "acquisitionandoperatingcostandexpenses": 1515000000,
        "benefitslossesandexpenses": 4124000000,
        "incometaxexpensebenefit": 225000000,
        "netincomeloss": 888000000,
        "earningspersharebasic": 1.33,
        "earningspersharediluted": 1.33,
        "weightedaveragenumberofsharesoutstandingbasic": -4955000,
        "weightedaveragenumberofdilutedsharesoutstanding": -4879000,
        "commonstockdividendspersharecashpaid": 0.3299999999999999,
        "othercomprehensiveincomelossforeigncurrencytransactionandtranslationadjustmentbeforetax": -89000000,
        "othercomprehensiveincomeunrealizedholdinggainlossonsecuritiesarisingduringperiodbeforetax": -319000000,
        "othercomprehensiveincomereclassificationadjustmentforsaleandwritedownofsecuritiesincludedinnetincomebeforetax": -13000000,
        "othercomprehensiveincomelosspensionandotherpostretirementbenefitplansadjustmentbeforetax": -1000000,
        "othercomprehensiveincomelossbeforetax": -418000000,
        "othercomprehensiveincomelosstax": -61000000,
        "othercomprehensiveincomelossnetoftax": -357000000,
        "comprehensiveincomenetoftax": 531000000
    },
    {
        "date": "2021-06-29",
        "symbol": "AFL",
        "period": "Q2",
        "premiumsearnednet": 4441000000,
        "netinvestmentincome": 993000000,
        "gainlossoninvestments": 89000000,
        "otherincomeloss": 41000000,
        "revenues": 5564000000,
        "policyholderbenefitsandclaimsincurrednet": 2652000000,
        "deferredpolicyacquisitioncostamortizationexpense": 281000000,
        "insurancecommissions": 315000000,
        "sellinggeneralandadministrativeexpense": 880000000,
        "interestexpense": 62000000,
        "acquisitionandoperatingcostandexpenses": 1538000000,
        "benefitslossesandexpenses": 4190000000,
        "incomelossfromcontinuingoperationsbeforeincometaxesminorityinterestandincomelossfromequitymethodinvestments": 1374000000,
        "incometaxexpensebenefit": 269000000,
        "netincomeloss": 1105000000,
        "earningspersharebasic": 1.63,
        "earningspersharediluted": 1.62,
        "weightedaveragenumberofsharesoutstandingbasic": -5474000,
        "weightedaveragenumberofdilutedsharesoutstanding": -5540000,
        "commonstockdividendspersharecashpaid": 0.33,
        "othercomprehensiveincomelossforeigncurrencytransactionandtranslationadjustmentbeforetax": 24000000,
        "othercomprehensiveincomeunrealizedholdinggainlossonsecuritiesarisingduringperiodbeforetax": 1522000000,
        "othercomprehensiveincomereclassificationadjustmentforsaleandwritedownofsecuritiesincludedinnetincomebeforetax": -5000000,
        "othercomprehensiveincomelosspensionandotherpostretirementbenefitplansadjustmentbeforetax": -1000000,
        "othercomprehensiveincomelossbeforetax": 1543000000,
        "othercomprehensiveincomelosstax": 331000000,
        "othercomprehensiveincomelossnetoftax": 1212000000,
        "comprehensiveincomenetoftax": 2317000000
    },
    {
        "date": "2021-03-30",
        "symbol": "AFL",
        "period": "Q1",
        "premiumsearnednet": 4593000000,
        "netinvestmentincome": 925000000,
        "gainlossoninvestments": 307000000,
        "otherincomeloss": 44000000,
        "revenues": 5869000000,
        "policyholderbenefitsandclaimsincurrednet": 2735000000,
        "deferredpolicyacquisitioncostamortizationexpense": 311000000,
        "insurancecommissions": 326000000,
        "sellinggeneralandadministrativeexpense": 832000000,
        "interestexpense": 62000000,
        "acquisitionandoperatingcostandexpenses": 1531000000,
        "benefitslossesandexpenses": 4266000000,
        "incomelossfromcontinuingoperationsbeforeincometaxesminorityinterestandincomelossfromequitymethodinvestments": 1603000000,
        "incometaxexpensebenefit": 310000000,
        "netincomeloss": 1293000000,
        "earningspersharebasic": 1.88,
        "earningspersharediluted": 1.87,
        "weightedaveragenumberofsharesoutstandingbasic": 688938000,
        "weightedaveragenumberofdilutedsharesoutstanding": 691940000,
        "commonstockdividendspersharecashpaid": 0.33,
        "othercomprehensiveincomelossforeigncurrencytransactionandtranslationadjustmentbeforetax": -581000000,
        "othercomprehensiveincomeunrealizedholdinggainlossonsecuritiesarisingduringperiodbeforetax": -2003000000,
        "othercomprehensiveincomereclassificationadjustmentforsaleandwritedownofsecuritiesincludedinnetincomebeforetax": 20000000,
        "othercomprehensiveincomelosspensionandotherpostretirementbenefitplansadjustmentbeforetax": -5000000,
        "othercomprehensiveincomelossbeforetax": -2559000000,
        "othercomprehensiveincomelosstax": -432000000,
        "othercomprehensiveincomelossnetoftax": -2127000000,
        "comprehensiveincomenetoftax": -834000000
    },
    {
        "date": "2020-12-30",
        "symbol": "AFL",
        "period": "Q4",
        "premiumsearnednet": 4653000000,
        "netinvestmentincome": 969000000,
        "gainlossoninvestments": 255000000,
        "otherincomeloss": 36000000,
        "revenues": 5913000000,
        "policyholderbenefitsandclaimsincurrednet": 2974000000,
        "deferredpolicyacquisitioncostamortizationexpense": 300000000,
        "insurancecommissions": 323000000,
        "sellinggeneralandadministrativeexpense": 1038000000,
        "interestexpense": 61000000,
        "acquisitionandoperatingcostandexpenses": 1722000000,
        "benefitslossesandexpenses": 4696000000,
        "incomelossfromcontinuingoperationsbeforeincometaxesminorityinterestandincomelossfromequitymethodinvestments": 1217000000,
        "incometaxexpensebenefit": 265000000,
        "netincomeloss": 952000000,
        "earningspersharebasic": 1.3600000000000005,
        "earningspersharediluted": 1.360000000000001,
        "weightedaveragenumberofsharesoutstandingbasic": -4260000,
        "weightedaveragenumberofdilutedsharesoutstanding": -4141000,
        "othercomprehensiveincomelossforeigncurrencytransactionandtranslationadjustmentbeforetax": 181000000,
        "othercomprehensiveincomeunrealizedholdinggainlossonsecuritiesarisingduringperiodbeforetax": 1035000000,
        "othercomprehensiveincomereclassificationadjustmentforsaleandwritedownofsecuritiesincludedinnetincomebeforetax": 27000000,
        "othercomprehensiveincomelossderivativesqualifyingashedgesbeforetax": 2000000,
        "othercomprehensiveincomelossbeforetax": 1239000000,
        "othercomprehensiveincomelosstax": 222000000,
        "othercomprehensiveincomelossnetoftax": 1017000000,
        "comprehensiveincomenetoftax": 1969000000
    },
    {
        "date": "2020-09-29",
        "symbol": "AFL",
        "period": "Q3",
        "premiumsearnednet": 4623000000,
        "netinvestmentincome": 895000000,
        "gainlossoninvestments": 108000000,
        "otherincomeloss": 39000000,
        "revenues": 5665000000,
        "policyholderbenefitsandclaimsincurrednet": 2985000000,
        "deferredpolicyacquisitioncostamortizationexpense": 292000000,
        "insurancecommissions": 325000000,
        "sellinggeneralandadministrativeexpense": 846000000,
        "interestexpense": 64000000,
        "acquisitionandoperatingcostandexpenses": 1527000000,
        "benefitslossesandexpenses": 4512000000,
        "incomelossfromcontinuingoperationsbeforeincometaxesminorityinterestandincomelossfromequitymethodinvestments": 1153000000,
        "incometaxexpensebenefit": -1303000000,
        "netincomeloss": 2456000000,
        "earningspersharebasic": 3.4299999999999997,
        "earningspersharediluted": 3.419999999999999,
        "weightedaveragenumberofsharesoutstandingbasic": -3166000,
        "weightedaveragenumberofdilutedsharesoutstanding": -3305000,
        "commonstockdividendspersharecashpaid": 0.2799999999999999,
        "othercomprehensiveincomelossforeigncurrencytransactionandtranslationadjustmentbeforetax": 170000000,
        "othercomprehensiveincomeunrealizedholdinggainlossonsecuritiesarisingduringperiodbeforetax": 1421000000,
        "othercomprehensiveincomereclassificationadjustmentforsaleandwritedownofsecuritiesincludedinnetincomebeforetax": -13000000,
        "othercomprehensiveincomelossderivativesqualifyingashedgesbeforetax": 2000000,
        "othercomprehensiveincomelossbeforetax": 1579000000,
        "othercomprehensiveincomelosstax": 412000000,
        "othercomprehensiveincomelossnetoftax": 1167000000,
        "comprehensiveincomenetoftax": 3623000000
    },
    {
        "date": "2020-06-29",
        "symbol": "AFL",
        "period": "Q2",
        "netincomeloss": 804000000,
        "othercomprehensiveincomelossforeigncurrencytransactionandtranslationadjustmentbeforetax": 74000000,
        "othercomprehensiveincomeunrealizedholdinggainlossonsecuritiesarisingduringperiodbeforetax": 3210000000,
        "othercomprehensiveincomereclassificationadjustmentforsaleandwritedownofsecuritiesincludedinnetincomebeforetax": 138000000,
        "othercomprehensiveincomelossderivativesqualifyingashedgesbeforetax": -1000000,
        "othercomprehensiveincomelossbeforetax": 3421000000,
        "othercomprehensiveincomelosstax": 859000000,
        "othercomprehensiveincomelossnetoftax": 2562000000,
        "comprehensiveincomenetoftax": 3366000000,
        "gainslossesonextinguishmentofdebt": 0,
        "premiumsearnednet": 4665000000,
        "netinvestmentincome": 870000000,
        "gainlossoninvestments": -170000000,
        "otherincomeloss": 42000000,
        "revenues": 5407000000,
        "policyholderbenefitsandclaimsincurrednet": 2898000000,
        "deferredpolicyacquisitioncostamortizationexpense": 289000000,
        "insurancecommissions": 332000000,
        "sellinggeneralandadministrativeexpense": 757000000,
        "interestexpense": 62000000,
        "acquisitionandoperatingcostandexpenses": 1440000000,
        "benefitslossesandexpenses": 4338000000,
        "incomelossfromcontinuingoperationsbeforeincometaxesminorityinterestandincomelossfromequitymethodinvestments": 1069000000,
        "incometaxexpensebenefit": 265000000,
        "earningspersharebasic": 1.1199999999999999,
        "earningspersharediluted": 1.1099999999999999,
        "weightedaveragenumberofsharesoutstandingbasic": -3238000,
        "weightedaveragenumberofdilutedsharesoutstanding": -3874000,
        "commonstockdividendspersharecashpaid": 0.28
    },
    {
        "date": "2020-03-30",
        "symbol": "AFL",
        "period": "Q1",
        "netincomeloss": 566000000,
        "othercomprehensiveincomelossforeigncurrencytransactionandtranslationadjustmentbeforetax": 85000000,
        "othercomprehensiveincomeunrealizedholdinggainlossonsecuritiesarisingduringperiodbeforetax": -4605000000,
        "othercomprehensiveincomereclassificationadjustmentforsaleandwritedownofsecuritiesincludedinnetincomebeforetax": 7000000,
        "othercomprehensiveincomelossderivativesqualifyingashedgesbeforetax": -4000000,
        "othercomprehensiveincomelossbeforetax": -4517000000,
        "othercomprehensiveincomelosstax": -1242000000,
        "othercomprehensiveincomelossnetoftax": -3275000000,
        "comprehensiveincomenetoftax": -2709000000,
        "gainslossesonextinguishmentofdebt": -15000000,
        "premiumsearnednet": 4681000000,
        "netinvestmentincome": 904000000,
        "gainlossoninvestments": -463000000,
        "otherincomeloss": 40000000,
        "revenues": 5162000000,
        "policyholderbenefitsandclaimsincurrednet": 2939000000,
        "deferredpolicyacquisitioncostamortizationexpense": 333000000,
        "insurancecommissions": 336000000,
        "sellinggeneralandadministrativeexpense": 779000000,
        "interestexpense": 55000000,
        "acquisitionandoperatingcostandexpenses": 1503000000,
        "benefitslossesandexpenses": 4442000000,
        "incomelossfromcontinuingoperationsbeforeincometaxesminorityinterestandincomelossfromequitymethodinvestments": 720000000,
        "incometaxexpensebenefit": 154000000,
        "earningspersharebasic": 0.78,
        "earningspersharediluted": 0.78,
        "weightedaveragenumberofsharesoutstandingbasic": 724366000,
        "weightedaveragenumberofdilutedsharesoutstanding": 727512000,
        "commonstockdividendspersharecashpaid": 0.28
    },
    {
        "date": "2019-12-30",
        "symbol": "AFL",
        "period": "Q4",
        "netincomeloss": 782000000,
        "othercomprehensiveincomelossforeigncurrencytransactionandtranslationadjustmentbeforetax": -142000000,
        "othercomprehensiveincomeunrealizedholdinggainlossonsecuritiesarisingduringperiodbeforetax": -557000000,
        "othercomprehensiveincomereclassificationadjustmentforsaleandwritedownofsecuritiesincludedinnetincomebeforetax": -17000000,
        "othercomprehensiveincomelossderivativesqualifyingashedgesbeforetax": 0,
        "othercomprehensiveincomelosspensionandotherpostretirementbenefitplansadjustmentbeforetax": 91000000,
        "othercomprehensiveincomelossbeforetax": -807000000,
        "othercomprehensiveincomelosstax": -171000000,
        "othercomprehensiveincomelossnetoftax": -636000000,
        "comprehensiveincomenetoftax": 146000000,
        "premiumsearnednet": 4672000000,
        "netinvestmentincome": 886000000,
        "realizedgainlossderivativeinstrumentsandotheranddebtandequitysecuritiesrealizedgainlossexcludingotherthantemporaryimpairment": 22000000,
        "gainlossoninvestments": 13000000,
        "otherincomeloss": 32000000,
        "revenues": 5603000000,
        "policyholderbenefitsandclaimsincurrednet": 2984000000,
        "deferredpolicyacquisitioncostamortizationexpense": 316000000,
        "insurancecommissions": 331000000,
        "sellinggeneralandadministrativeexpense": 858000000,
        "interestexpense": 56000000,
        "acquisitionandoperatingcostandexpenses": 1561000000,
        "benefitslossesandexpenses": 4545000000,
        "incomelossfromcontinuingoperationsbeforeincometaxesminorityinterestandincomelossfromequitymethodinvestments": 1058000000,
        "incometaxexpensebenefit": 276000000,
        "earningspersharebasic": 1.0700000000000003,
        "earningspersharediluted": 1.0699999999999998,
        "weightedaveragenumberofsharesoutstandingbasic": -1494108000,
        "weightedaveragenumberofdilutedsharesoutstanding": -1502051000
    },
    {
        "date": "2019-09-29",
        "symbol": "AFL",
        "period": "Q3",
        "netincomeloss": 777000000,
        "othercomprehensiveincomelossforeigncurrencytransactionandtranslationadjustmentbeforetax": -22000000,
        "othercomprehensiveincomeunrealizedholdinggainlossonsecuritiesarisingduringperiodbeforetax": 1185000000,
        "othercomprehensiveincomereclassificationadjustmentforsaleandwritedownofsecuritiesincludedinnetincomebeforetax": 41000000,
        "othercomprehensiveincomelossderivativesqualifyingashedgesbeforetax": -8000000,
        "othercomprehensiveincomelosspensionandotherpostretirementbenefitplansadjustmentbeforetax": -1000000,
        "othercomprehensiveincomelossbeforetax": 1197000000,
        "othercomprehensiveincomelosstax": 310000000,
        "othercomprehensiveincomelossnetoftax": 887000000,
        "comprehensiveincomenetoftax": 1664000000,
        "premiumsearnednet": 4736000000,
        "netinvestmentincome": 936000000,
        "otherthantemporaryimpairmentlossesrealizedandloanlossreserves": 18000000,
        "realizedgainlossderivativeinstrumentsandotheranddebtandequitysecuritiesrealizedgainlossexcludingotherthantemporaryimpairment": -135000000,
        "gainlossoninvestments": -153000000,
        "otherincomeloss": 17000000,
        "revenues": 5536000000,
        "policyholderbenefitsandclaimsincurrednet": 3027000000,
        "deferredpolicyacquisitioncostamortizationexpense": 317000000,
        "insurancecommissions": 330000000,
        "sellinggeneralandadministrativeexpense": 769000000,
        "interestexpense": 57000000,
        "acquisitionandoperatingcostandexpenses": 1473000000,
        "benefitslossesandexpenses": 4500000000,
        "incomelossfromcontinuingoperationsbeforeincometaxesminorityinterestandincomelossfromequitymethodinvestments": 1036000000,
        "incometaxexpensebenefit": 259000000,
        "earningspersharebasic": 1.05,
        "earningspersharediluted": 1.04,
        "weightedaveragenumberofsharesoutstandingbasic": 739946000,
        "weightedaveragenumberofdilutedsharesoutstanding": 743842000,
        "commonstockdividendspersharecashpaid": 0.27
    },
    {
        "date": "2019-06-29",
        "symbol": "AFL",
        "period": "Q2",
        "netincomeloss": 817000000,
        "othercomprehensiveincomelossforeigncurrencytransactionandtranslationadjustmentbeforetax": 417000000,
        "othercomprehensiveincomeunrealizedholdinggainlossonsecuritiesarisingduringperiodbeforetax": 2046000000,
        "othercomprehensiveincomereclassificationadjustmentforsaleandwritedownofsecuritiesincludedinnetincomebeforetax": -25000000,
        "othercomprehensiveincomelossderivativesqualifyingashedgesbeforetax": -1000000,
        "othercomprehensiveincomelosspensionandotherpostretirementbenefitplansadjustmentbeforetax": 2000000,
        "othercomprehensiveincomelossbeforetax": 2435000000,
        "othercomprehensiveincomelosstax": 552000000,
        "othercomprehensiveincomelossnetoftax": 1883000000,
        "comprehensiveincomenetoftax": 2700000000,
        "premiumsearnednet": 4681000000,
        "netinvestmentincome": 878000000,
        "otherthantemporaryimpairmentlossesrealizedandloanlossreserves": 2000000,
        "realizedgainlossderivativeinstrumentsandotheranddebtandequitysecuritiesrealizedgainlossexcludingotherthantemporaryimpairment": -64000000,
        "gainlossoninvestments": -66000000,
        "otherincomeloss": 18000000,
        "revenues": 5511000000,
        "policyholderbenefitsandclaimsincurrednet": 2964000000,
        "deferredpolicyacquisitioncostamortizationexpense": 309000000,
        "insurancecommissions": 329000000,
        "sellinggeneralandadministrativeexpense": 743000000,
        "interestexpense": 57000000,
        "acquisitionandoperatingcostandexpenses": 1438000000,
        "benefitslossesandexpenses": 4402000000,
        "incomelossfromcontinuingoperationsbeforeincometaxesminorityinterestandincomelossfromequitymethodinvestments": 1109000000,
        "incometaxexpensebenefit": 292000000,
        "earningspersharebasic": 1.1,
        "earningspersharediluted": 1.09,
        "weightedaveragenumberofsharesoutstandingbasic": 745153000,
        "weightedaveragenumberofdilutedsharesoutstanding": 748849000,
        "commonstockdividendspersharecashpaid": 0.27
    },
    {
        "date": "2019-03-30",
        "symbol": "AFL",
        "period": "Q1",
        "netincomeloss": 928000000,
        "othercomprehensiveincomelossforeigncurrencytransactionandtranslationadjustmentbeforetax": -1000000,
        "othercomprehensiveincomeunrealizedholdinggainlossonsecuritiesarisingduringperiodbeforetax": 3196000000,
        "othercomprehensiveincomereclassificationadjustmentforsaleandwritedownofsecuritiesincludedinnetincomebeforetax": -17000000,
        "othercomprehensiveincomelossderivativesqualifyingashedgesbeforetax": -3000000,
        "othercomprehensiveincomelosspensionandotherpostretirementbenefitplansadjustmentbeforetax": -7000000,
        "othercomprehensiveincomelossbeforetax": 3182000000,
        "othercomprehensiveincomelosstax": 852000000,
        "othercomprehensiveincomelossnetoftax": 2330000000,
        "comprehensiveincomenetoftax": 3258000000,
        "premiumsearnednet": 4691000000,
        "netinvestmentincome": 878000000,
        "otherthantemporaryimpairmentlossdebtsecuritiesportionrecognizedinearnings": 2000000,
        "realizedgainlossderivativeinstrumentsandotheranddebtandequitysecuritiesrealizedgainlossexcludingotherthantemporaryimpairment": 73000000,
        "gainlossoninvestments": 71000000,
        "otherincomeloss": 17000000,
        "revenues": 5657000000,
        "policyholderbenefitsandclaimsincurrednet": 2967000000,
        "deferredpolicyacquisitioncostamortizationexpense": 340000000,
        "insurancecommissions": 331000000,
        "sellinggeneralandadministrativeexpense": 719000000,
        "interestexpense": 58000000,
        "acquisitionandoperatingcostandexpenses": 1448000000,
        "benefitslossesandexpenses": 4415000000,
        "incomelossfromcontinuingoperationsbeforeincometaxesminorityinterestandincomelossfromequitymethodinvestments": 1242000000,
        "incometaxexpensebenefit": 314000000,
        "earningspersharebasic": 1.23,
        "earningspersharediluted": 1.23,
        "weightedaveragenumberofsharesoutstandingbasic": 751423000,
        "weightedaveragenumberofdilutedsharesoutstanding": 755790000,
        "commonstockdividendspersharecashpaid": 0.27
    },
    {
        "date": "2018-12-30",
        "symbol": "AFL",
        "period": "Q4",
        "netincomeloss": 2200000000,
        "othercomprehensiveincomelossforeigncurrencytransactionandtranslationadjustmentbeforetax": 233000000,
        "othercomprehensiveincomeunrealizedholdinggainlossonsecuritiesarisingduringperiodbeforetax": 148000000,
        "othercomprehensiveincomereclassificationadjustmentforsaleandwritedownofsecuritiesincludedinnetincomebeforetax": 57000000,
        "othercomprehensiveincomelossderivativesqualifyingashedgesbeforetax": 0,
        "othercomprehensiveincomelosspensionandotherpostretirementbenefitplansadjustmentbeforetax": 25000000,
        "othercomprehensiveincomelossbeforetax": 464000000,
        "othercomprehensiveincomelosstax": 448000000,
        "othercomprehensiveincomelossnetoftax": -1298000000,
        "comprehensiveincomenetoftax": 542000000,
        "premiumsearnednet": 14398000000,
        "netinvestmentincome": 2898000000,
        "gainlossoninvestments": -401000000,
        "otherincomeloss": 20000000,
        "revenues": 21512000000,
        "policyholderbenefitsandclaimsincurrednet": 2925000000,
        "deferredpolicyacquisitioncostamortizationexpense": 313000000,
        "insurancecommissions": 314000000,
        "sellinggeneralandadministrativeexpense": 793000000,
        "interestexpense": 59000000,
        "acquisitionandoperatingcostandexpenses": 1479000000,
        "benefitslossesandexpenses": 4404000000,
        "incomelossfromcontinuingoperationsbeforeincometaxesminorityinterestandincomelossfromequitymethodinvestments": 2992000000,
        "incometaxexpensebenefit": 807000000,
        "earningspersharebasic": 0.6899999999999998,
        "earningspersharediluted": 0.6999999999999996,
        "weightedaveragenumberofsharesoutstandingbasic": -1548960000,
        "weightedaveragenumberofdilutedsharesoutstanding": -1559079000
    },
    {
        "date": "2018-09-29",
        "symbol": "AFL",
        "period": "Q3",
        "netincomeloss": 845000000,
        "othercomprehensiveincomelossforeigncurrencytransactionandtranslationadjustmentbeforetax": -383000000,
        "othercomprehensiveincomeunrealizedholdinggainlossonsecuritiesarisingduringperiodbeforetax": -866000000,
        "othercomprehensiveincomereclassificationadjustmentforsaleandwritedownofsecuritiesincludedinnetincomebeforetax": -37000000,
        "othercomprehensiveincomelossderivativesqualifyingashedgesbeforetax": -2000000,
        "othercomprehensiveincomelosspensionandotherpostretirementbenefitplansadjustmentbeforetax": -1000000,
        "othercomprehensiveincomelossbeforetax": -1287000000,
        "othercomprehensiveincomelosstax": -344000000,
        "othercomprehensiveincomelossnetoftax": -943000000,
        "comprehensiveincomenetoftax": -98000000,
        "premiumsearnednet": 4636000000,
        "netinvestmentincome": 870000000,
        "otherthantemporaryimpairmentlossdebtsecuritiesportionrecognizedinearnings": 5000000,
        "debtandequitysecuritiesrealizedgainlossexcludingotherthantemporaryimpairment": 61000000,
        "gainlossoninvestments": 56000000,
        "otherincomeloss": 15000000,
        "revenues": 5577000000,
        "policyholderbenefitsandclaimsincurrednet": 3002000000,
        "deferredpolicyacquisitioncostamortizationexpense": 315000000,
        "insurancecommissions": 331000000,
        "sellinggeneralandadministrativeexpense": 730000000,
        "interestexpense": 53000000,
        "acquisitionandoperatingcostandexpenses": 1429000000,
        "benefitslossesandexpenses": 4431000000,
        "incomelossfromcontinuingoperationsbeforeincometaxesminorityinterestandincomelossfromequitymethodinvestments": 1146000000,
        "incometaxexpensebenefit": 301000000,
        "earningspersharebasic": 1.1,
        "earningspersharediluted": 1.09,
        "weightedaveragenumberofsharesoutstandingbasic": 767049000,
        "weightedaveragenumberofdilutedsharesoutstanding": 772070000,
        "commonstockdividendspersharecashpaid": 0.26
    },
    {
        "date": "2018-06-29",
        "symbol": "AFL",
        "period": "Q2",
        "netincomeloss": -21000000,
        "othercomprehensiveincomelossforeigncurrencytransactionandtranslationadjustmentbeforetax": 55000000,
        "othercomprehensiveincomeunrealizedholdinggainlossonsecuritiesarisingduringperiodbeforetax": -506000000,
        "othercomprehensiveincomereclassificationadjustmentforsaleandwritedownofsecuritiesincludedinnetincomebeforetax": 28000000,
        "othercomprehensiveincomelossderivativesqualifyingashedgesbeforetax": -2000000,
        "othercomprehensiveincomelosspensionandotherpostretirementbenefitplansadjustmentbeforetax": -2000000,
        "othercomprehensiveincomelossbeforetax": -971000000,
        "othercomprehensiveincomelosstax": -138000000,
        "othercomprehensiveincomelossnetoftax": -463000000,
        "comprehensiveincomenetoftax": -1000000,
        "premiumsearnednet": 1426000000,
        "netinvestmentincome": 182000000,
        "otherthantemporaryimpairmentlossdebtsecuritiesportionrecognizedinearnings": 2000000,
        "debtandequitysecuritiesrealizedgainlossexcludingotherthantemporaryimpairment": -26000000,
        "gainlossoninvestments": 20000000,
        "otherincomeloss": 18000000,
        "revenues": 85000000,
        "policyholderbenefitsandclaimsincurrednet": 3031000000,
        "deferredpolicyacquisitioncostamortizationexpense": 303000000,
        "insurancecommissions": 338000000,
        "sellinggeneralandadministrativeexpense": 732000000,
        "interestexpense": 54000000,
        "acquisitionandoperatingcostandexpenses": 1427000000,
        "benefitslossesandexpenses": 4458000000,
        "incomelossfromcontinuingoperationsbeforeincometaxesminorityinterestandincomelossfromequitymethodinvestments": -28000000,
        "incometaxexpensebenefit": -7000000,
        "earningspersharebasic": 1.08,
        "earningspersharediluted": 1.07,
        "weightedaveragenumberofsharesoutstandingbasic": 772949000,
        "weightedaveragenumberofdilutedsharesoutstanding": 777807000,
        "commonstockdividendspersharecashpaid": 0.26
    },
    {
        "date": "2018-03-30",
        "symbol": "AFL",
        "period": "Q1",
        "netincomeloss": 717000000,
        "othercomprehensiveincomelossforeigncurrencytransactionandtranslationadjustmentbeforetax": -92000000,
        "othercomprehensiveincomeunrealizedholdinggainlossonsecuritiesarisingduringperiodbeforetax": -1931000000,
        "othercomprehensiveincomereclassificationadjustmentforsaleandwritedownofsecuritiesincludedinnetincomebeforetax": -2000000,
        "othercomprehensiveincomelossderivativesqualifyingashedgesbeforetax": 6000000,
        "othercomprehensiveincomelosspensionandotherpostretirementbenefitplansadjustmentbeforetax": 3000000,
        "othercomprehensiveincomelossbeforetax": -1106000000,
        "othercomprehensiveincomelosstax": -763000000,
        "othercomprehensiveincomelossnetoftax": -343000000,
        "comprehensiveincomenetoftax": 374000000,
        "premiumsearnednet": 1427000000,
        "netinvestmentincome": 175000000,
        "otherthantemporaryimpairmentlossesinvestmentsportionrecognizedinearningsnet": 7000000,
        "gainlossoninvestmentsexcludingotherthantemporaryimpairments": -127000000,
        "gainlossoninvestments": -46000000,
        "otherincomeloss": 16000000,
        "revenues": 79000000,
        "policyholderbenefitsandclaimsincurrednet": 3042000000,
        "deferredpolicyacquisitioncostamortizationexpense": 314000000,
        "insurancecommissions": 337000000,
        "sellinggeneralandadministrativeexpense": 733000000,
        "interestexpense": 56000000,
        "acquisitionandoperatingcostandexpenses": 1440000000,
        "benefitslossesandexpenses": 4482000000,
        "incomelossfromcontinuingoperationsbeforeincometaxesminorityinterestandincomelossfromequitymethodinvestments": 982000000,
        "incometaxexpensebenefit": 265000000,
        "earningspersharebasic": 0.92,
        "earningspersharediluted": 0.91,
        "weightedaveragenumberofsharesoutstandingbasic": 778550000,
        "weightedaveragenumberofdilutedsharesoutstanding": 783852000,
        "commonstockdividendspersharecashpaid": 0.26
    },
    {
        "date": "2017-09-29",
        "symbol": "AFL",
        "period": "Q3",
        "netincomeloss": 32000000,
        "othercomprehensiveincomelossforeigncurrencytransactionandtranslationadjustmentbeforetax": 4000000,
        "othercomprehensiveincomeunrealizedholdinggainlossonsecuritiesarisingduringperiodbeforetax": 457000000,
        "othercomprehensiveincomereclassificationadjustmentforsaleandwritedownofsecuritiesincludedinnetincomebeforetax": -50000000,
        "othercomprehensiveincomelossderivativesqualifyingashedgesbeforetax": -1000000,
        "othercomprehensiveincomelosspensionandotherpostretirementbenefitplansadjustmentbeforetax": -1000000,
        "othercomprehensiveincomelossbeforetax": 349000000,
        "othercomprehensiveincomelosstax": 219000000,
        "othercomprehensiveincomelossnetoftax": -135000000,
        "comprehensiveincomenetoftax": 846000000,
        "premiumsearnednet": 1393000000,
        "netinvestmentincome": 181000000,
        "otherthantemporaryimpairmentlossesinvestmentsportionrecognizedinearningsnet": 6000000,
        "marketablesecuritiesrealizedgainlossexcludingotherthantemporaryimpairments": 56000000,
        "gainlossonderivativeinstrumentsandothernetpretax": -23000000,
        "gainlossoninvestments": 39000000,
        "otherincomeloss": 17000000,
        "revenues": 5416000000,
        "policyholderbenefitsandclaimsincurrednet": 3083000000,
        "deferredpolicyacquisitioncostamortizationexpense": 271000000,
        "insurancecommissions": 332000000,
        "sellinggeneralandadministrativeexpense": 686000000,
        "interestexpense": 59000000,
        "acquisitionandoperatingcostandexpenses": 1348000000,
        "benefitslossesandexpenses": 4431000000,
        "incomelossfromcontinuingoperationsbeforeincometaxesminorityinterestandincomelossfromequitymethodinvestments": 50000000,
        "incometaxexpensebenefit": 18000000,
        "earningspersharebasic": 1.81,
        "earningspersharediluted": 1.8,
        "weightedaveragenumberofsharesoutstandingbasic": 394479000,
        "weightedaveragenumberofdilutedsharesoutstanding": 397381000,
        "commonstockdividendspersharecashpaid": 0.43
    },
    {
        "date": "2016-06-29",
        "symbol": "AFL",
        "period": "Q2",
        "netincomeloss": -7000000,
        "othercomprehensiveincomelossforeigncurrencytransactionandtranslationadjustmentbeforetax": -120000000,
        "othercomprehensiveincomeunrealizedholdinggainlossonsecuritiesarisingduringperiodbeforetax": 2693000000,
        "othercomprehensiveincomereclassificationadjustmentforsaleandwritedownofsecuritiesincludedinnetincomebeforetax": 11000000,
        "othercomprehensiveincomelossderivativesqualifyingashedgesbeforetax": 8000000,
        "othercomprehensiveincomelosspensionandotherpostretirementbenefitplansadjustmentbeforetax": 4000000,
        "othercomprehensiveincomelossbeforetax": 3607000000,
        "othercomprehensiveincomelosstax": 1111000000,
        "othercomprehensiveincomelossnetoftax": 737000000,
        "comprehensiveincomenetoftax": 3044000000,
        "premiumsearnednet": 1362000000,
        "netinvestmentincome": 176000000,
        "otherthantemporaryimpairmentlossesinvestmentsportionrecognizedinearningsnet": 33000000,
        "marketablesecuritiesrealizedgainlossexcludingotherthantemporaryimpairments": 22000000,
        "gainlossonderivativeinstrumentsandothernetpretax": -167000000,
        "gainlossoninvestments": -30000000,
        "otherincomeloss": -21000000,
        "revenues": 5661000000,
        "policyholderbenefitsandclaimsincurrednet": 3254000000,
        "deferredpolicyacquisitioncostamortizationexpense": 284000000,
        "insurancecommissions": 345000000,
        "sellinggeneralandadministrativeexpense": 613000000,
        "interestexpense": 66000000,
        "othercostandexpenseoperating": 41000000,
        "acquisitionandoperatingcostandexpenses": 1349000000,
        "benefitslossesandexpenses": 4603000000,
        "incomelossfromcontinuingoperationsbeforeincometaxesminorityinterestandincomelossfromequitymethodinvestments": -11000000,
        "incometaxexpensebenefit": -4000000,
        "earningspersharebasic": 1.33,
        "earningspersharediluted": 1.32,
        "weightedaveragenumberofsharesoutstandingbasic": 411853000,
        "weightedaveragenumberofdilutedsharesoutstanding": 414326000,
        "commonstockdividendspersharecashpaid": 0.41
    },
    {
        "date": "2013-03-30",
        "symbol": "AFL",
        "period": "Q1",
        "netincomeloss": -1000000,
        "othercomprehensiveincomelossforeigncurrencytransactionandtranslationadjustmentbeforetax": 69000000,
        "othercomprehensiveincomeunrealizedholdinggainlossonsecuritiesarisingduringperiodbeforetax": -874000000,
        "othercomprehensiveincomereclassificationadjustmentforsaleandwritedownofsecuritiesincludedinnetincomebeforetax": -58000000,
        "othercomprehensiveincomeunrealizedgainlossonderivativesarisingduringperiodbeforetax": -7000000,
        "othercomprehensiveincomelosspensionandotherpostretirementbenefitplansadjustmentbeforetax": -5000000,
        "othercomprehensiveincomelossbeforetax": -1122000000,
        "othercomprehensiveincomelosstax": 424000000,
        "othercomprehensiveincomelossnetoftax": -4000000,
        "comprehensiveincomenetoftax": -172000000,
        "premiumsearnednet": 3905000000,
        "netinvestmentincome": 674000000,
        "otherthantemporaryimpairmentlossesinvestmentsportionrecognizedinearningsnet": 55000000,
        "marketablesecuritiesrealizedgainlossexcludingotherthantemporaryimpairments": 109000000,
        "gainlossonderivativeinstrumentsandothernetpretax": -1000000,
        "gainlossoninvestments": 92000000,
        "otherincome": 26000000,
        "revenues": -95000000,
        "policyholderbenefitsandclaimsincurrednet": 3521000000,
        "deferredpolicyacquisitioncostamortizationexpense": 283000000,
        "insurancecommissions": 392000000,
        "sellinggeneralandadministrativeexpense": 534000000,
        "interestexpense": 71000000,
        "othercostandexpenseoperating": 46000000,
        "acquisitionandoperatingcostandexpenses": 5000000,
        "benefitslossesandexpenses": 4847000000,
        "incomelossfromcontinuingoperationsbeforeincometaxesminorityinterestandincomelossfromequitymethodinvestments": 54000000,
        "incometaxexpensebenefit": 3000000,
        "earningspersharebasic": 1.91,
        "earningspersharediluted": 1.9,
        "weightedaveragenumberofsharesoutstandingbasic": 466462000,
        "weightedaveragenumberofdilutedsharesoutstanding": 469124000,
        "commonstockdividendspersharecashpaid": 0.35
    },
    {
        "date": "2010-09-29",
        "symbol": "AFL",
        "period": "Q3",
        "premiumsearnednet": 1150000000,
        "netinvestmentincome": 138000000,
        "totalotherthantemporaryimpairmentlossesoninvestments": -13000000,
        "otherthantemporaryimpairmentlossesrealized": -12000000,
        "gainlossonsaleofsecuritiesnet": 8000000,
        "gainlossonderivativeinstrumentsnetpretax": 14000000,
        "realizedinvestmentgainslosses": 14000000,
        "otherincome": 2000000,
        "revenues": 58000000,
        "policyholderbenefitsandclaimsincurrednet": 3102000000,
        "deferredpolicyacquisitioncostamortizationexpense": 243000000,
        "insurancecommissions": 412000000,
        "sellinggeneralandadministrativeexpense": 505000000,
        "interestexpense": 39000000,
        "othercostandexpenseoperating": 38000000,
        "acquisitionandoperatingcostandexpenses": 1237000000,
        "benefitslossesandexpenses": 4339000000,
        "incomelossfromcontinuingoperationsbeforeincometaxesminorityinterestandincomelossfromequitymethodinvestments": 1055000000,
        "incometaxexpensebenefit": 365000000,
        "netincomelossavailabletocommonstockholdersbasic": 690000000,
        "earningspersharebasic": 1.47,
        "earningspersharediluted": 1.46,
        "weightedaveragenumberofsharesoutstandingbasic": 469868000,
        "weightedaveragenumberofdilutedsharesoutstanding": 473569000,
        "commonstockdividendspersharecashpaid": 0.28,
        "othercomprehensiveincomeforeigncurrencytransactionandtranslationadjustmentbeforetaxperiodincreasedecrease": 59000000,
        "othercomprehensiveincomeunrealizedholdinggainlossonsecuritiesarisingduringperiodbeforetax": 712000000,
        "othercomprehensiveincomereclassificationadjustmentforsaleandwritedownofsecuritiesincludedinnetincomebeforetax": -6000000,
        "othercomprehensiveincomeunrealizedgainlossonderivativesarisingduringperiodbeforetax": 2000000,
        "othercomprehensiveincomedefinedbenefitplansadjustmentbeforetaxperiodincreasedecrease": -1000000,
        "othercomprehensiveincomelossbeforetaxperiodincreasedecrease": 778000000,
        "othercomprehensiveincomelosstax": 112000000,
        "othercomprehensiveincomelossnetoftaxperiodincreasedecrease": 666000000,
        "comprehensiveincomenetoftaxincludingportionattributabletononcontrollinginterest": 1356000000
    },
    {
        "date": "2010-03-30",
        "symbol": "AFL",
        "period": "Q1",
        "premiumsearnednet": 4348000000,
        "netinvestmentincome": 726000000,
        "totalotherthantemporaryimpairmentlossesoninvestments": -42000000,
        "otherthantemporaryimpairmentlossesrealized": -42000000,
        "gainlossonsaleofsecuritiesnet": -21000000,
        "gainlossonderivativeinstrumentsnetpretax": 17000000,
        "realizedinvestmentgainslosses": -46000000,
        "otherincome": 37000000,
        "revenues": 5065000000,
        "policyholderbenefitsandclaimsincurrednet": 2857000000,
        "deferredpolicyacquisitioncostamortizationexpense": 280000000,
        "insurancecommissions": 403000000,
        "sellinggeneralandadministrativeexpense": 481000000,
        "interestexpense": 33000000,
        "othercostandexpenseoperating": 37000000,
        "acquisitionandoperatingcostandexpenses": 1234000000,
        "benefitslossesandexpenses": 4091000000,
        "incomelossfromcontinuingoperationsbeforeincometaxesminorityinterestandincomelossfromequitymethodinvestments": 974000000,
        "incometaxexpensebenefit": 338000000,
        "netincomelossavailabletocommonstockholdersbasic": 636000000,
        "earningspersharebasic": 1.36,
        "earningspersharediluted": 1.35,
        "weightedaveragenumberofsharesoutstandingbasic": 467926000,
        "weightedaveragenumberofdilutedsharesoutstanding": 472450000,
        "commonstockdividendspersharecashpaid": 0.28,
        "othercomprehensiveincomeforeigncurrencytransactionandtranslationadjustmentbeforetaxperiodincreasedecrease": -18000000,
        "othercomprehensiveincomeunrealizedholdinggainlossonsecuritiesarisingduringperiodbeforetax": 323000000,
        "othercomprehensiveincomereclassificationadjustmentforsaleandwritedownofsecuritiesincludedinnetincomebeforetax": -63000000,
        "othercomprehensiveincomeunrealizedgainlossonderivativesarisingduringperiodbeforetax": -10000000,
        "othercomprehensiveincomedefinedbenefitplansadjustmentbeforetaxperiodincreasedecrease": 2000000,
        "othercomprehensiveincomelossbeforetaxperiodincreasedecrease": 360000000,
        "othercomprehensiveincomelosstax": 156000000,
        "othercomprehensiveincomelossnetoftaxperiodincreasedecrease": 204000000,
        "comprehensiveincomenetoftaxincludingportionattributabletononcontrollinginterest": 840000000
    }
]