[
    {
        "date": "2024-09-29",
        "symbol": "RSG",
        "period": "Q3",
        "revenuefromcontractwithcustomerexcludingassessedtax": 4076300000,
        "costofgoodsandservicessold": 2366900000,
        "depreciationdepletionandamortization": 422000000,
        "assetretirementobligationaccretionexpense": 26800000,
        "sellinggeneralandadministrativeexpense": 406000000,
        "restructuringcharges": 8100000,
        "operatingincomeloss": 846000000,
        "incomelossfromequitymethodinvestments": -73500000,
        "investmentincomeinterest": 4300000,
        "othernonoperatingincomeexpense": 10200000,
        "incomelossfromcontinuingoperationsbeforeincometaxesextraordinaryitemsnoncontrollinginterest": 646400000,
        "incometaxexpensebenefit": -285400000,
        "profitloss": -951700000,
        "comprehensiveincomenetoftaxattributabletononcontrollinginterest": 200000,
        "netincomeloss": 565699000,
        "earningspersharebasic": 1.8000000000000003,
        "weightedaveragenumberofsharesoutstandingbasic": 314735000,
        "earningspersharediluted": 1.8000000000000003,
        "weightedaveragenumberofdilutedsharesoutstanding": 315149000,
        "commonstockdividendspersharedeclared": 0.5799999999999997,
        "othercomprehensiveincomelosscashflowhedgegainlossreclassificationaftertax": 1700000,
        "othercomprehensiveincomelosscashflowhedgegainlossbeforereclassificationaftertax": 0,
        "othercomprehensiveincomelossforeigncurrencytransactionandtranslationadjustmentnetoftax": -2300000,
        "othercomprehensiveincomelossnetoftax": -9500000,
        "comprehensiveincomenetoftaxincludingportionattributabletononcontrollinginterest": 556400000,
        "comprehensiveincomenetoftax": 556200000
    },
    {
        "date": "2024-06-29",
        "symbol": "RSG",
        "period": "Q2",
        "revenuefromcontractwithcustomerexcludingassessedtax": 4048000000,
        "costofgoodsandservicessold": 2382600000,
        "depreciationdepletionandamortization": 413000000,
        "assetretirementobligationaccretionexpense": 26700000,
        "sellinggeneralandadministrativeexpense": 407600000,
        "gainlossondispositionofassetsandimpairmentsnet": 1400000,
        "restructuringcharges": 5700000,
        "operatingincomeloss": 813800000,
        "interestexpensenonoperating": 128300000,
        "incomelossfromequitymethodinvestments": -33800000,
        "investmentincomeinterest": 1600000,
        "othernonoperatingincomeexpense": 700000,
        "incomelossfromcontinuingoperationsbeforeincometaxesextraordinaryitemsnoncontrollinginterest": 654000000,
        "incometaxexpensebenefit": 142100000,
        "profitloss": 511900000,
        "comprehensiveincomenetoftaxattributabletononcontrollinginterest": 400000,
        "netincomeloss": 511500000,
        "earningspersharebasic": 1.62,
        "weightedaveragenumberofsharesoutstandingbasic": 314900000,
        "earningspersharediluted": 1.62,
        "weightedaveragenumberofdilutedsharesoutstanding": 315200000,
        "commonstockdividendspersharedeclared": 0.535,
        "othercomprehensiveincomelosscashflowhedgegainlossreclassificationaftertax": 6800000,
        "othercomprehensiveincomelosscashflowhedgegainlossbeforereclassificationaftertax": 1200000,
        "othercomprehensiveincomelossforeigncurrencytransactionandtranslationadjustmentnetoftax": 1800000,
        "othercomprehensiveincomelossnetoftax": -3800000,
        "comprehensiveincomenetoftaxincludingportionattributabletononcontrollinginterest": 508100000,
        "comprehensiveincomenetoftax": 507700000
    },
    {
        "date": "2024-03-30",
        "symbol": "RSG",
        "period": "Q1",
        "revenuefromcontractwithcustomerexcludingassessedtax": 3861700000,
        "costofgoodsandservicessold": 2283200000,
        "depreciationdepletionandamortization": 399200000,
        "assetretirementobligationaccretionexpense": 26600000,
        "sellinggeneralandadministrativeexpense": 414000000,
        "restructuringcharges": 5900000,
        "operatingincomeloss": 732800000,
        "interestexpense": 139300000,
        "incomelossfromequitymethodinvestments": -8700000,
        "investmentincomeinterest": 1500000,
        "othernonoperatingincomeexpense": 12600000,
        "incomelossfromcontinuingoperationsbeforeincometaxesextraordinaryitemsnoncontrollinginterest": 598900000,
        "incometaxexpensebenefit": 145200000,
        "profitloss": 453700000,
        "comprehensiveincomenetoftaxattributabletononcontrollinginterest": -100000,
        "netincomeloss": 453800000,
        "earningspersharebasic": 1.44,
        "weightedaveragenumberofsharesoutstandingbasic": 315300000,
        "earningspersharediluted": 1.44,
        "weightedaveragenumberofdilutedsharesoutstanding": 315700000,
        "commonstockdividendspersharedeclared": 0.535,
        "othercomprehensiveincomelosscashflowhedgegainlossreclassificationaftertax": 2100000,
        "othercomprehensiveincomelosscashflowhedgegainlossbeforereclassificationaftertax": 5100000,
        "othercomprehensiveincomelossforeigncurrencytransactionandtranslationadjustmentnetoftax": 3800000,
        "othercomprehensiveincomelossnetoftax": 6800000,
        "comprehensiveincomenetoftaxincludingportionattributabletononcontrollinginterest": 460500000,
        "comprehensiveincomenetoftax": 460600000
    },
    {
        "date": "2023-12-30",
        "symbol": "RSG",
        "period": "Q4",
        "revenuefromcontractwithcustomerexcludingassessedtax": 3831600000,
        "costofgoodsandservicessold": 2264200000,
        "depreciationdepletionandamortization": 402000000,
        "assetretirementobligationaccretionexpense": 24700000,
        "sellinggeneralandadministrativeexpense": 431400000,
        "restructuringcharges": 5900000,
        "operatingincomeloss": 701000000,
        "interestexpense": 129400000,
        "incomelossfromequitymethodinvestments": -94500000,
        "investmentincomeinterest": 1500000,
        "othernonoperatingincomeexpense": 4300000,
        "incomelossfromcontinuingoperationsbeforeincometaxesextraordinaryitemsnoncontrollinginterest": 482900000,
        "incometaxexpensebenefit": 43200000,
        "profitloss": 439700000,
        "netincomeloss": 439600000,
        "earningspersharebasic": 1.3899999999999997,
        "weightedaveragenumberofsharesoutstandingbasic": 316200000,
        "earningspersharediluted": 1.3999999999999995,
        "weightedaveragenumberofdilutedsharesoutstanding": 316700000,
        "othercomprehensiveincomelosscashflowhedgegainlossreclassificationaftertax": 2200000,
        "othercomprehensiveincomelosscashflowhedgegainlossbeforereclassificationaftertax": -2600000,
        "othercomprehensiveincomelossnetoftax": -4900000,
        "comprehensiveincomenetoftaxincludingportionattributabletononcontrollinginterest": 430100000,
        "comprehensiveincomenetoftax": 430000000
    },
    {
        "date": "2023-09-29",
        "symbol": "RSG",
        "period": "Q3",
        "revenuefromcontractwithcustomerexcludingassessedtax": 10828500000,
        "costofgoodsandservicessold": 2284200000,
        "depreciationdepletionandamortization": 382400000,
        "assetretirementobligationaccretionexpense": 24600000,
        "sellinggeneralandadministrativeexpense": 402100000,
        "restructuringcharges": 21200000,
        "operatingincomeloss": 727800000,
        "interestexpense": 388000000,
        "incomelossfromequitymethodinvestments": 2800000,
        "investmentincomeinterest": 2000000,
        "othernonoperatingincomeexpense": 1300000,
        "incomelossfromcontinuingoperationsbeforeincometaxesextraordinaryitemsnoncontrollinginterest": 1702100000,
        "incometaxexpensebenefit": 415200000,
        "profitloss": 1286900000,
        "netincomeloss": 480200000,
        "earningspersharebasic": 1.52,
        "weightedaveragenumberofsharesoutstandingbasic": -300000,
        "earningspersharediluted": 1.5100000000000002,
        "weightedaveragenumberofdilutedsharesoutstanding": -200000,
        "othercomprehensiveincomelosscashflowhedgegainlossreclassificationaftertax": 300000,
        "othercomprehensiveincomelosscashflowhedgegainlossbeforereclassificationaftertax": 5800000,
        "othercomprehensiveincomelossnetoftax": 12100000,
        "comprehensiveincomenetoftaxincludingportionattributabletononcontrollinginterest": 484500000,
        "comprehensiveincomenetoftax": 484400000
    },
    {
        "date": "2023-06-29",
        "symbol": "RSG",
        "period": "Q2",
        "revenuefromcontractwithcustomerexcludingassessedtax": 155900000,
        "costofgoodsandservicessold": 2224300000,
        "depreciationdepletionandamortization": 358300000,
        "assetretirementobligationaccretionexpense": 24500000,
        "sellinggeneralandadministrativeexpense": 396000000,
        "restructuringcharges": 600000,
        "operatingincomeloss": 707300000,
        "interestexpense": -4300000,
        "gainslossesonextinguishmentofdebt": 0,
        "incomelossfromequitymethodinvestments": -1300000,
        "investmentincomeinterest": 1600000,
        "othernonoperatingincomeexpense": -600000,
        "incomelossfromcontinuingoperationsbeforeincometaxesextraordinaryitemsnoncontrollinginterest": 3000000,
        "incometaxexpensebenefit": 800000,
        "profitloss": 2200000,
        "netincomeloss": 427300000,
        "earningspersharebasic": 1.35,
        "weightedaveragenumberofsharesoutstandingbasic": 100000,
        "earningspersharediluted": 1.35,
        "weightedaveragenumberofdilutedsharesoutstanding": 100000,
        "othercomprehensiveincomelosscashflowhedgegainlossreclassificationaftertax": 3200000,
        "othercomprehensiveincomelosscashflowhedgegainlossbeforereclassificationaftertax": 12500000,
        "othercomprehensiveincomelossreclassificationadjustmentfromaocipensionandotherpostretirementbenefitplansfornettransitionassetobligationnetoftax": 0,
        "othercomprehensiveincomelossnetoftax": -2700000,
        "comprehensiveincomenetoftaxincludingportionattributabletononcontrollinginterest": 430100000,
        "comprehensiveincomenetoftax": 429900000
    },
    {
        "date": "2023-03-30",
        "symbol": "RSG",
        "period": "Q1",
        "revenuefromcontractwithcustomerexcludingassessedtax": 148500000,
        "costofgoodsandservicessold": 2169500000,
        "depreciationdepletionandamortization": 358700000,
        "assetretirementobligationaccretionexpense": 24100000,
        "sellinggeneralandadministrativeexpense": 379200000,
        "restructuringcharges": 5500000,
        "operatingincomeloss": 644100000,
        "interestexpense": -4900000,
        "gainslossesonextinguishmentofdebt": -200000,
        "incomelossfromequitymethodinvestments": -1300000,
        "investmentincomeinterest": 1400000,
        "othernonoperatingincomeexpense": 2500000,
        "incomelossfromcontinuingoperationsbeforeincometaxesextraordinaryitemsnoncontrollinginterest": 3500000,
        "incometaxexpensebenefit": 900000,
        "profitloss": 2600000,
        "netincomeloss": 383900000,
        "earningspersharebasic": 1.21,
        "weightedaveragenumberofsharesoutstandingbasic": 316700000,
        "earningspersharediluted": 1.21,
        "weightedaveragenumberofdilutedsharesoutstanding": 317100000,
        "othercomprehensiveincomelosscashflowhedgegainlossreclassificationaftertax": 3600000,
        "othercomprehensiveincomelosscashflowhedgegainlossbeforereclassificationaftertax": -1700000,
        "othercomprehensiveincomelossreclassificationadjustmentfromaocipensionandotherpostretirementbenefitplansfornettransitionassetobligationnetoftax": -200000,
        "othercomprehensiveincomelossnetoftax": 200000,
        "comprehensiveincomenetoftaxincludingportionattributabletononcontrollinginterest": 386700000,
        "comprehensiveincomenetoftax": 386700000
    },
    {
        "date": "2022-12-30",
        "symbol": "RSG",
        "period": "Q4",
        "revenuefromcontractwithcustomerexcludingassessedtax": 142500000,
        "costofgoodsandservicessold": 2184600000,
        "depreciationdepletionandamortization": 243800000,
        "assetretirementobligationaccretionexpense": 22699999.999999993,
        "sellinggeneralandadministrativeexpense": 392100000,
        "restructuringcharges": 8200000,
        "operatingincomeloss": 577200000,
        "interestexpense": -2900000,
        "incomelossfromequitymethodinvestments": 96200000,
        "investmentincomeinterest": 1300000,
        "othernonoperatingincomeexpense": 4200000,
        "incomelossfromcontinuingoperationsbeforeincometaxesextraordinaryitemsnoncontrollinginterest": 373400000,
        "profitloss": 1400000,
        "netincomeloss": 346800000,
        "earningspersharebasic": 1.1000000000000008,
        "weightedaveragenumberofsharesoutstandingbasic": 0,
        "earningspersharediluted": 1.09,
        "weightedaveragenumberofdilutedsharesoutstanding": 0,
        "commonstockdividendspersharedeclared": 0.49499999999999983,
        "othercomprehensiveincomelosscashflowhedgegainlossreclassificationaftertax": 4400000,
        "othercomprehensiveincomelossnetoftax": 1200000,
        "comprehensiveincomenetoftaxincludingportionattributabletononcontrollinginterest": 345500000,
        "comprehensiveincomenetoftax": 345300000
    },
    {
        "date": "2022-09-29",
        "symbol": "RSG",
        "period": "Q3",
        "revenuefromcontractwithcustomerexcludingassessedtax": 172400000,
        "costofgoodsandservicessold": 2193700000,
        "depreciationdepletionandamortization": 353800000,
        "assetretirementobligationaccretionexpense": 22800000.000000007,
        "sellinggeneralandadministrativeexpense": 362900000,
        "restructuringcharges": 6900000,
        "operatingincomeloss": 2100000000,
        "interestexpense": -4500000,
        "incomelossfromequitymethodinvestments": 50300000,
        "investmentincomeinterest": 800000,
        "othernonoperatingincomeexpense": -300000,
        "incomelossfromcontinuingoperationsbeforeincometaxesextraordinaryitemsnoncontrollinginterest": 507800000,
        "incometaxexpensebenefit": 0,
        "profitloss": 100000,
        "comprehensiveincomenetoftaxattributabletononcontrollinginterest": 0,
        "netincomeloss": 416900000,
        "earningspersharebasic": 1.3099999999999998,
        "weightedaveragenumberofsharesoutstandingbasic": -316600000,
        "earningspersharediluted": 1.32,
        "weightedaveragenumberofdilutedsharesoutstanding": -317100000,
        "commonstockdividendspersharedeclared": 0.49500000000000005,
        "othercomprehensiveincomelosscashflowhedgegainlossreclassificationaftertax": -3300000,
        "othercomprehensiveincomelossnetoftax": -7400000,
        "comprehensiveincomenetoftaxincludingportionattributabletononcontrollinginterest": 419700000,
        "comprehensiveincomenetoftax": 419700000
    },
    {
        "date": "2022-06-29",
        "symbol": "RSG",
        "period": "Q2",
        "revenuefromcontractwithcustomerexcludingassessedtax": 191000000,
        "costofgoodsandservicessold": 2064400000,
        "depreciationdepletionandamortization": 337600000,
        "assetretirementobligationaccretionexpense": 22400000,
        "sellinggeneralandadministrativeexpense": 391500000,
        "pensionandotherpostretirementbenefitexpense": 2200000,
        "restructuringcharges": 5900000,
        "operatingincomeloss": -153900000,
        "interestexpense": 1500000,
        "incomelossfromequitymethodinvestments": 11900000,
        "investmentincomeinterest": 700000,
        "othernonoperatingincomeexpense": -4600000,
        "incomelossfromcontinuingoperationsbeforeincometaxesextraordinaryitemsnoncontrollinginterest": 478100000,
        "incometaxexpensebenefit": -400000,
        "profitloss": -1100000,
        "comprehensiveincomenetoftaxattributabletononcontrollinginterest": -100000,
        "netincomeloss": 371900000,
        "earningspersharebasic": 1.18,
        "weightedaveragenumberofsharesoutstandingbasic": 316500000,
        "earningspersharediluted": 1.17,
        "weightedaveragenumberofdilutedsharesoutstanding": 317000000,
        "commonstockdividendspersharedeclared": 0.46,
        "othercomprehensiveincomelosscashflowhedgegainlossreclassificationaftertax": 1100000,
        "othercomprehensiveincomelosscashflowhedgegainlossbeforereclassificationaftertax": -1100000,
        "othercomprehensiveincomelossforeigncurrencytransactionandtranslationadjustmentnetoftax": 100000,
        "othercomprehensiveincomelossnetoftax": 100000,
        "comprehensiveincomenetoftaxincludingportionattributabletononcontrollinginterest": 371900000,
        "comprehensiveincomenetoftax": 372000000
    },
    {
        "date": "2022-03-30",
        "symbol": "RSG",
        "period": "Q1",
        "revenuefromcontractwithcustomerexcludingassessedtax": 179400000,
        "costofgoodsandservicessold": 1762300000,
        "depreciationdepletionandamortization": 310400000,
        "assetretirementobligationaccretionexpense": 21700000,
        "sellinggeneralandadministrativeexpense": 307800000,
        "restructuringcharges": 6000000,
        "operatingincomeloss": -131600000,
        "interestexpense": 1500000,
        "incomelossfromequitymethodinvestments": -400000,
        "investmentincomeinterest": 500000,
        "othernonoperatingincomeexpense": -1600000,
        "incomelossfromcontinuingoperationsbeforeincometaxesextraordinaryitemsnoncontrollinginterest": 472200000,
        "incometaxexpensebenefit": -400000,
        "profitloss": -1100000,
        "netincomelossattributabletononcontrollinginterest": -100000,
        "netincomeloss": 352000000,
        "earningspersharebasic": 1.11,
        "weightedaveragenumberofsharesoutstandingbasic": 316600000,
        "earningspersharediluted": 1.11,
        "weightedaveragenumberofdilutedsharesoutstanding": 317200000,
        "commonstockdividendspersharedeclared": 0.46,
        "othercomprehensiveincomelosscashflowhedgegainlossreclassificationaftertax": 1100000,
        "othercomprehensiveincomelossnetoftax": 1100000,
        "comprehensiveincomenetoftaxincludingportionattributabletononcontrollinginterest": 353000000,
        "comprehensiveincomenetoftaxattributabletononcontrollinginterest": -100000,
        "comprehensiveincomenetoftax": 353100000
    },
    {
        "date": "2021-12-30",
        "symbol": "RSG",
        "period": "Q4",
        "revenuefromcontractwithcustomerexcludingassessedtax": 8337200000,
        "costofgoodsandservicessold": 1809700000,
        "depreciationdepletionandamortization": 299000000,
        "assetretirementobligationaccretionexpense": 20800000,
        "sellinggeneralandadministrativeexpense": 315500000,
        "restructuringcharges": 5400000,
        "operatingincomeloss": 1850200000,
        "interestexpense": 233000000,
        "incomelossfromequitymethodinvestments": -150000000,
        "investmentincomeinterest": 500000,
        "othernonoperatingincomeexpense": -1100000,
        "incomelossfromcontinuingoperationsbeforeincometaxesextraordinaryitemsnoncontrollinginterest": 276900000,
        "incometaxexpensebenefit": 178900000,
        "profitloss": 997600000,
        "netincomelossattributabletononcontrollinginterest": 0,
        "netincomeloss": 313100000,
        "earningspersharebasic": 0.9899999999999999,
        "weightedaveragenumberofsharesoutstandingbasic": -400000,
        "earningspersharediluted": 0.9799999999999999,
        "weightedaveragenumberofdilutedsharesoutstanding": -300000,
        "commonstockdividendspersharedeclared": 0.46,
        "othercomprehensiveincomelosscashflowhedgegainlossreclassificationaftertax": -5900000,
        "othercomprehensiveincomelossnetoftax": -1500000,
        "comprehensiveincomenetoftaxincludingportionattributabletononcontrollinginterest": 308100000,
        "comprehensiveincomenetoftaxattributabletononcontrollinginterest": 0,
        "comprehensiveincomenetoftax": 308100000
    },
    {
        "date": "2021-09-29",
        "symbol": "RSG",
        "period": "Q3",
        "revenuefromcontractwithcustomerexcludingassessedtax": 192200000,
        "costofgoodsandservicessold": 1743000000,
        "depreciationdepletionandamortization": 301400000,
        "assetretirementobligationaccretionexpense": 20700000,
        "sellinggeneralandadministrativeexpense": 299100000,
        "gainlossondispositionofassetsandimpairmentsnet": 0,
        "restructuringcharges": 4600000,
        "operatingincomeloss": -120900000,
        "interestexpense": 1600000,
        "incomelossfromequitymethodinvestments": -10000000,
        "investmentincomeinterest": 600000,
        "othernonoperatingincomeexpense": -900000,
        "incomelossfromcontinuingoperationsbeforeincometaxesextraordinaryitemsnoncontrollinginterest": 470700000,
        "incometaxexpensebenefit": 600000,
        "profitloss": -1200000,
        "netincomelossattributabletononcontrollinginterest": 500000,
        "netincomeloss": 350300000,
        "earningspersharebasic": 1.0899999999999999,
        "weightedaveragenumberofsharesoutstandingbasic": -319700000,
        "earningspersharediluted": 1.1,
        "weightedaveragenumberofdilutedsharesoutstanding": -320100000,
        "commonstockdividendspersharedeclared": 0.46,
        "othercomprehensiveincomelosscashflowhedgegainlossreclassificationaftertax": 1200000,
        "othercomprehensiveincomelossnetoftax": -2300000,
        "comprehensiveincomenetoftaxincludingportionattributabletononcontrollinginterest": 352000000,
        "comprehensiveincomenetoftaxattributabletononcontrollinginterest": 500000,
        "comprehensiveincomenetoftax": 351500000
    },
    {
        "date": "2021-06-29",
        "symbol": "RSG",
        "period": "Q2",
        "revenuefromcontractwithcustomerexcludingassessedtax": 169200000,
        "costofgoodsandservicessold": 1650700000,
        "depreciationdepletionandamortization": 303000000,
        "assetretirementobligationaccretionexpense": 20700000,
        "sellinggeneralandadministrativeexpense": 315800000,
        "gainlossondispositionofassetsandimpairmentsnet": -900000,
        "restructuringcharges": 3800000,
        "operatingincomeloss": -145500000,
        "interestexpense": 1600000,
        "incomelossfromequitymethodinvestments": -12000000,
        "investmentincomeinterest": 600000,
        "othernonoperatingincomeexpense": -300000,
        "incomelossfromcontinuingoperationsbeforeincometaxesextraordinaryitemsnoncontrollinginterest": 427400000,
        "incometaxexpensebenefit": -400000,
        "profitloss": -500000,
        "netincomelossattributabletononcontrollinginterest": 900000,
        "netincomeloss": 331100000,
        "earningspersharebasic": 1.04,
        "weightedaveragenumberofsharesoutstandingbasic": 319500000,
        "earningspersharediluted": 1.03,
        "weightedaveragenumberofdilutedsharesoutstanding": 320000000,
        "commonstockdividendspersharedeclared": 0.425,
        "othercomprehensiveincomelosscashflowhedgegainlossreclassificationaftertax": 1200000,
        "othercomprehensiveincomelossreclassificationadjustmentfromaocipensionandotherpostretirementbenefitplansfornettransitionassetobligationnetoftax": 700000,
        "othercomprehensiveincomelossnetoftax": 500000,
        "comprehensiveincomenetoftaxincludingportionattributabletononcontrollinginterest": 332500000,
        "comprehensiveincomenetoftaxattributabletononcontrollinginterest": 900000,
        "comprehensiveincomenetoftax": 331600000
    },
    {
        "date": "2021-03-30",
        "symbol": "RSG",
        "period": "Q1",
        "revenuefromcontractwithcustomerexcludingassessedtax": 2596400000,
        "costofgoodsandservicessold": 1534300000,
        "depreciationdepletionandamortization": 282100000,
        "assetretirementobligationaccretionexpense": 20500000,
        "sellinggeneralandadministrativeexpense": 265400000,
        "gainlossondispositionofassetsandimpairmentsnet": 1100000,
        "restructuringcharges": 2800000,
        "operatingincomeloss": 492400000,
        "interestexpense": 78400000,
        "incomelossfromequitymethodinvestments": -16500000,
        "investmentincomeinterest": 800000,
        "othernonoperatingincomeexpense": 1800000,
        "incomelossfromcontinuingoperationsbeforeincometaxesextraordinaryitemsnoncontrollinginterest": 400100000,
        "incometaxexpensebenefit": 103700000,
        "profitloss": 296400000,
        "netincomelossattributabletononcontrollinginterest": 500000,
        "netincomeloss": 295900000,
        "earningspersharebasic": 0.93,
        "weightedaveragenumberofsharesoutstandingbasic": 319400000,
        "earningspersharediluted": 0.93,
        "weightedaveragenumberofdilutedsharesoutstanding": 319800000,
        "commonstockdividendspersharedeclared": 0.425,
        "othercomprehensiveincomelosscashflowhedgegainlossreclassificationaftertax": -1100000,
        "othercomprehensiveincomelossnetoftax": 1100000,
        "comprehensiveincomenetoftaxincludingportionattributabletononcontrollinginterest": 297500000,
        "comprehensiveincomenetoftaxattributabletononcontrollinginterest": 500000,
        "comprehensiveincomenetoftax": 297000000
    },
    {
        "date": "2020-12-30",
        "symbol": "RSG",
        "period": "Q4",
        "revenuefromcontractwithcustomerexcludingassessedtax": 140700000,
        "costofgoodsandservicessold": 1547200000,
        "depreciationdepletionandamortization": 207500000,
        "assetretirementobligationaccretionexpense": 20500000,
        "sellinggeneralandadministrativeexpense": 257700000,
        "gainlossondispositionofassetsandimpairmentsnet": -44800000,
        "restructuringcharges": 4200000,
        "operatingincomeloss": -196100000,
        "interestexpense": 3600000,
        "incomelossfromequitymethodinvestments": -87400000,
        "investmentincomeinterest": 1200000,
        "othernonoperatingincomeexpense": 399999.99999999953,
        "incomelossfromcontinuingoperationsbeforeincometaxesextraordinaryitemsnoncontrollinginterest": 201300000,
        "incometaxexpensebenefit": -1000000,
        "profitloss": -739100000,
        "netincomelossattributabletononcontrollinginterest": 900000,
        "netincomeloss": 235400000,
        "earningspersharebasic": 0.7399999999999998,
        "earningspersharediluted": 0.7300000000000002,
        "weightedaveragenumberofdilutedsharesoutstanding": 0,
        "commonstockdividendspersharedeclared": 0.4249999999999998,
        "othercomprehensiveincomelosscashflowhedgegainlossreclassificationaftertax": 2600000,
        "othercomprehensiveincomelosscashflowhedgegainlossbeforereclassificationaftertax": 0,
        "comprehensiveincomenetoftaxincludingportionattributabletononcontrollinginterest": 239400000,
        "comprehensiveincomenetoftaxattributabletononcontrollinginterest": 900000,
        "comprehensiveincomenetoftax": 238500000
    },
    {
        "date": "2020-09-29",
        "symbol": "RSG",
        "period": "Q3",
        "revenuefromcontractwithcustomerexcludingassessedtax": 2572100000,
        "costofgoodsandservicessold": 1535100000,
        "depreciationdepletionandamortization": 270700000,
        "assetretirementobligationaccretionexpense": 20700000,
        "sellinggeneralandadministrativeexpense": 256100000,
        "pensionandotherpostretirementbenefitexpense": 0,
        "gainlossondispositionofassetsandimpairmentsnet": -31500000,
        "restructuringcharges": 9800000,
        "operatingincomeloss": 448200000,
        "interestexpense": 89200000,
        "incomelossfromequitymethodinvestments": -8200000,
        "investmentincomeinterest": 400000,
        "othernonoperatingincomeexpense": 2000000,
        "incomelossfromcontinuingoperationsbeforeincometaxesextraordinaryitemsnoncontrollinginterest": 318700000,
        "incometaxexpensebenefit": 58500000,
        "profitloss": 260200000,
        "netincomelossattributabletononcontrollinginterest": 200000,
        "netincomeloss": 260000000,
        "earningspersharebasic": 0.81,
        "weightedaveragenumberofsharesoutstandingbasic": 0,
        "earningspersharediluted": 0.8200000000000001,
        "weightedaveragenumberofdilutedsharesoutstanding": -100000,
        "commonstockdividendspersharedeclared": 0.42500000000000004,
        "othercomprehensiveincomelosscashflowhedgegainlossreclassificationaftertax": -1200000,
        "othercomprehensiveincomelosscashflowhedgegainlossbeforereclassificationaftertax": -200000,
        "othercomprehensiveincomelossnetoftax": 1000000,
        "comprehensiveincomenetoftaxincludingportionattributabletononcontrollinginterest": 261200000,
        "comprehensiveincomenetoftaxattributabletononcontrollinginterest": 200000,
        "comprehensiveincomenetoftax": 261000000
    },
    {
        "date": "2020-06-29",
        "symbol": "RSG",
        "period": "Q2",
        "revenuefromcontractwithcustomerexcludingassessedtax": 2454400000,
        "costofgoodsandservicessold": 1468100000,
        "depreciationdepletionandamortization": 269100000,
        "assetretirementobligationaccretionexpense": 20800000,
        "sellinggeneralandadministrativeexpense": 262100000,
        "pensionandotherpostretirementbenefitexpense": 31600000,
        "gainlossondispositionofassetsandimpairmentsnet": -5300000,
        "restructuringcharges": 2200000,
        "operatingincomeloss": 395200000,
        "interestexpense": 91600000,
        "incomelossfromequitymethodinvestments": -9400000,
        "investmentincomeinterest": 3300000,
        "othernonoperatingincomeexpense": 2600000,
        "incomelossfromcontinuingoperationsbeforeincometaxesextraordinaryitemsnoncontrollinginterest": 300100000,
        "incometaxexpensebenefit": 73800000,
        "profitloss": 226300000,
        "netincomelossattributabletononcontrollinginterest": 800000,
        "netincomeloss": 225500000,
        "earningspersharebasic": 0.71,
        "weightedaveragenumberofsharesoutstandingbasic": -300000,
        "earningspersharediluted": 0.7,
        "weightedaveragenumberofdilutedsharesoutstanding": -300000,
        "commonstockdividendspersharedeclared": 0.405,
        "othercomprehensiveincomelosscashflowhedgegainlossreclassificationaftertax": -1200000,
        "othercomprehensiveincomelosscashflowhedgegainlossbeforereclassificationaftertax": -100000,
        "othercomprehensiveincomelossreclassificationadjustmentfromaocipensionandotherpostretirementbenefitplansfornettransitionassetobligationnetoftax": 0,
        "othercomprehensiveincomelossnetoftax": 1100000,
        "comprehensiveincomenetoftaxincludingportionattributabletononcontrollinginterest": 227400000,
        "comprehensiveincomenetoftaxattributabletononcontrollinginterest": 800000,
        "comprehensiveincomenetoftax": 226600000
    },
    {
        "date": "2020-03-30",
        "symbol": "RSG",
        "period": "Q1",
        "revenuefromcontractwithcustomerexcludingassessedtax": 2553900000,
        "costofgoodsandservicessold": 1550100000,
        "depreciationdepletionandamortization": 268600000,
        "assetretirementobligationaccretionexpense": 20900000,
        "sellinggeneralandadministrativeexpense": 277100000,
        "pensionandotherpostretirementbenefitexpense": 4300000,
        "gainlossondispositionofassetsandimpairmentsnet": 3900000,
        "restructuringcharges": 3800000,
        "operatingincomeloss": 433000000,
        "interestexpense": 96600000,
        "incomelossfromequitymethodinvestments": -13200000,
        "investmentincomeinterest": 300000,
        "othernonoperatingincomeexpense": -900000,
        "incomelossfromcontinuingoperationsbeforeincometaxesextraordinaryitemsnoncontrollinginterest": 322600000,
        "incometaxexpensebenefit": 75800000,
        "profitloss": 246800000,
        "netincomelossattributabletononcontrollinginterest": 500000,
        "netincomeloss": 246300000,
        "earningspersharebasic": 0.77,
        "weightedaveragenumberofsharesoutstandingbasic": 319600000,
        "earningspersharediluted": 0.77,
        "weightedaveragenumberofdilutedsharesoutstanding": 320200000,
        "commonstockdividendspersharedeclared": 0.405,
        "othercomprehensiveincomelosscashflowhedgegainlossreclassificationaftertax": -800000,
        "othercomprehensiveincomelosscashflowhedgegainlossbeforereclassificationaftertax": -22200000,
        "othercomprehensiveincomelossreclassificationadjustmentfromaocipensionandotherpostretirementbenefitplansfornettransitionassetobligationnetoftax": -1600000,
        "othercomprehensiveincomelossnetoftax": -19800000,
        "comprehensiveincomenetoftaxincludingportionattributabletononcontrollinginterest": 227000000,
        "comprehensiveincomenetoftaxattributabletononcontrollinginterest": 500000,
        "comprehensiveincomenetoftax": 226500000
    },
    {
        "date": "2019-12-30",
        "symbol": "RSG",
        "period": "Q4",
        "revenuefromcontractwithcustomerexcludingassessedtax": 116500000,
        "costofgoodsandservicessold": 1544000000,
        "depreciationdepletionandamortization": 960500000,
        "assetretirementobligationaccretionexpense": 20500000,
        "sellinggeneralandadministrativeexpense": 285600000,
        "gainlossondispositionofassetsandimpairmentsnet": -8800000,
        "restructuringcharges": 1200000,
        "operatingincomeloss": -128200000,
        "interestexpense": 2600000,
        "investmentincomeinterest": 1000000,
        "othernonoperatingincomeexpense": 4800000,
        "incomelossfromcontinuingoperationsbeforeincometaxesextraordinaryitemsnoncontrollinginterest": 284900000,
        "incometaxexpensebenefit": -700000,
        "profitloss": -784800000,
        "netincomelossattributabletononcontrollinginterest": 700000,
        "netincomeloss": 289300000,
        "earningspersharebasic": 0.9000000000000001,
        "weightedaveragenumberofsharesoutstandingbasic": -400000,
        "earningspersharediluted": 0.8999999999999999,
        "weightedaveragenumberofdilutedsharesoutstanding": -600000,
        "commonstockdividendspersharedeclared": 0.405,
        "othercomprehensiveincomelosscashflowhedgegainlossreclassificationaftertax": 1900000,
        "othercomprehensiveincomelosscashflowhedgegainlossbeforereclassificationaftertax": 12800000,
        "othercomprehensiveincomelossnetoftax": -30900000,
        "comprehensiveincomenetoftaxincludingportionattributabletononcontrollinginterest": 302999999.9999999,
        "comprehensiveincomenetoftaxattributabletononcontrollinginterest": 700000,
        "comprehensiveincomenetoftax": 302299999.9999999
    },
    {
        "date": "2019-09-29",
        "symbol": "RSG",
        "period": "Q3",
        "revenuefromcontractwithcustomerexcludingassessedtax": 2646800000,
        "costofgoodsandservicessold": 1631300000,
        "depreciationdepletionandamortization": 267400000,
        "assetretirementobligationaccretionexpense": 20400000,
        "sellinggeneralandadministrativeexpense": 275400000,
        "gainlossondispositionofassetsandimpairmentsnet": 24000000,
        "restructuringcharges": 8500000,
        "operatingincomeloss": 467800000,
        "interestexpense": 98000000,
        "investmentincomeinterest": 2100000,
        "othernonoperatingincomeexpense": 1700000,
        "incomelossfromcontinuingoperationsbeforeincometaxesextraordinaryitemsnoncontrollinginterest": 369500000,
        "incometaxexpensebenefit": 71500000,
        "profitloss": 298000000,
        "netincomelossattributabletononcontrollinginterest": -300000,
        "netincomeloss": 298300000,
        "earningspersharebasic": 0.9299999999999999,
        "weightedaveragenumberofsharesoutstandingbasic": -322500000,
        "earningspersharediluted": 0.9300000000000002,
        "weightedaveragenumberofdilutedsharesoutstanding": -323700000,
        "commonstockdividendspersharedeclared": 0.405,
        "othercomprehensiveincomelosscashflowhedgegainlossreclassificationaftertax": 600000,
        "othercomprehensiveincomelosscashflowhedgegainlossbeforereclassificationaftertax": -11800000,
        "othercomprehensiveincomelossnetoftax": -12400000,
        "comprehensiveincomenetoftaxincludingportionattributabletononcontrollinginterest": 285600000,
        "comprehensiveincomenetoftaxattributabletononcontrollinginterest": -300000,
        "comprehensiveincomenetoftax": 285900000
    },
    {
        "date": "2019-06-29",
        "symbol": "RSG",
        "period": "Q2",
        "revenuefromcontractwithcustomerexcludingassessedtax": 2605300000,
        "costofgoodsandservicessold": 1617000000,
        "depreciationdepletionandamortization": 264200000,
        "assetretirementobligationaccretionexpense": 20500000,
        "sellinggeneralandadministrativeexpense": 264500000,
        "gainlossondispositionofassetsandimpairmentsnet": -200000,
        "restructuringcharges": 1500000,
        "operatingincomeloss": 437400000,
        "interestexpense": 98500000,
        "equitymethodinvestmentotherthantemporaryimpairment": 11500000,
        "investmentincomeinterest": 1400000,
        "othernonoperatingincomeexpense": -200000,
        "incomelossfromcontinuingoperationsbeforeincometaxesextraordinaryitemsnoncontrollinginterest": 328600000,
        "incometaxexpensebenefit": 77700000,
        "profitloss": 250900000,
        "netincomelossattributabletononcontrollinginterest": -600000,
        "netincomeloss": 251500000,
        "earningspersharebasic": 0.78,
        "weightedaveragenumberofsharesoutstandingbasic": 321700000,
        "earningspersharediluted": 0.78,
        "weightedaveragenumberofdilutedsharesoutstanding": 322800000,
        "commonstockdividendspersharedeclared": 0.375,
        "othercomprehensiveincomelosscashflowhedgegainlossreclassificationaftertax": 200000,
        "othercomprehensiveincomelosscashflowhedgegainlossbeforereclassificationaftertax": -19900000,
        "othercomprehensiveincomelossreclassificationadjustmentfromaocipensionandotherpostretirementbenefitplansfornettransitionassetobligationnetoftax": 800000,
        "othercomprehensiveincomelossnetoftax": -20900000,
        "comprehensiveincomenetoftaxincludingportionattributabletononcontrollinginterest": 230000000,
        "comprehensiveincomenetoftaxattributabletononcontrollinginterest": -600000,
        "comprehensiveincomenetoftax": 230600000
    },
    {
        "date": "2019-03-30",
        "symbol": "RSG",
        "period": "Q1",
        "revenuefromcontractwithcustomerexcludingassessedtax": 2470600000,
        "costofgoodsandservicessold": 1506100000,
        "depreciationdepletionandamortization": 251500000,
        "assetretirementobligationaccretionexpense": 20500000,
        "sellinggeneralandadministrativeexpense": 266400000,
        "gainlossondispositionofassetsandimpairmentsnet": -300000,
        "restructuringcharges": 3000000,
        "operatingincomeloss": 422800000,
        "interestexpense": 100400000,
        "equitymethodinvestmentotherthantemporaryimpairment": 11600000,
        "investmentincomeinterest": 1900000,
        "othernonoperatingincomeexpense": 100000,
        "incomelossfromcontinuingoperationsbeforeincometaxesextraordinaryitemsnoncontrollinginterest": 312800000,
        "incometaxexpensebenefit": 77900000,
        "profitloss": 234900000,
        "netincomelossattributabletononcontrollinginterest": 700000,
        "netincomeloss": 234200000,
        "earningspersharebasic": 0.73,
        "weightedaveragenumberofsharesoutstandingbasic": 322300000,
        "earningspersharediluted": 0.72,
        "weightedaveragenumberofdilutedsharesoutstanding": 323500000,
        "commonstockdividendspersharedeclared": 0.375,
        "othercomprehensiveincomelosscashflowhedgegainlossreclassificationaftertax": 100000,
        "othercomprehensiveincomelosscashflowhedgegainlossbeforereclassificationaftertax": -11300000,
        "othercomprehensiveincomelossnetoftax": -11400000,
        "comprehensiveincomenetoftaxincludingportionattributabletononcontrollinginterest": 223500000,
        "comprehensiveincomenetoftaxattributabletononcontrollinginterest": 700000,
        "comprehensiveincomenetoftax": 222800000
    },
    {
        "date": "2018-12-30",
        "symbol": "RSG",
        "period": "Q4",
        "profitloss": 301100000,
        "othercomprehensiveincomelossreclassificationadjustmentfromaocionderivativesnetoftax": 1600000,
        "othercomprehensiveincomeunrealizedgainlossonderivativesarisingduringperiodnetoftax": -18100000,
        "othercomprehensiveincomelossnetoftax": -25100000,
        "comprehensiveincomenetoftaxincludingportionattributabletononcontrollinginterest": 276000000,
        "comprehensiveincomenetoftaxattributabletononcontrollinginterest": 200000,
        "comprehensiveincomenetoftax": 275800000,
        "costofgoodsandservicessold": 1525600000,
        "depreciationdepletionandamortization": 252400000,
        "assetretirementobligationaccretionexpense": 20000000,
        "sellinggeneralandadministrativeexpense": 284500000,
        "restructuringcharges": 3900000,
        "operatingincomeloss": 483200000,
        "interestexpense": 96500000,
        "investmentincomeinterest": 600000,
        "othernonoperatingincomeexpense": 100000,
        "incometaxexpensebenefit": 56200000,
        "netincomelossattributabletononcontrollinginterest": 200000,
        "netincomeloss": 300900000,
        "earningspersharebasic": 0.9199999999999999,
        "weightedaveragenumberofsharesoutstandingbasic": -900000,
        "earningspersharediluted": 0.9300000000000004,
        "weightedaveragenumberofdilutedsharesoutstanding": -900000,
        "commonstockdividendspersharedeclared": 0.375
    },
    {
        "date": "2018-09-29",
        "symbol": "RSG",
        "period": "Q3",
        "profitloss": 263900000,
        "othercomprehensiveincomederivativesqualifyingashedgesnetoftaxportionattributabletoparent": 1200000,
        "othercomprehensiveincomelossreclassificationadjustmentfromaocionderivativesnetoftax": 1200000,
        "othercomprehensiveincomeunrealizedgainlossonderivativesarisingduringperiodnetoftax": 3100000,
        "othercomprehensiveincomelossnetoftax": 3100000,
        "comprehensiveincomenetoftaxincludingportionattributabletononcontrollinginterest": 266000000,
        "comprehensiveincomenetoftaxattributabletononcontrollinginterest": -500000,
        "comprehensiveincomenetoftax": 266500000,
        "costofgoodsandservicessold": 4626300000,
        "depreciationdepletionandamortization": 259600000,
        "assetretirementobligationaccretionexpense": 20100000,
        "sellinggeneralandadministrativeexpense": 260600000,
        "restructuringcharges": 9200000,
        "operatingincomeloss": 440600000,
        "interestexpense": 286500000,
        "investmentincomeinterest": 600000,
        "othernonoperatingincomeexpense": 1100000,
        "incometaxexpensebenefit": 226700000,
        "netincomelossattributabletononcontrollinginterest": -500000,
        "netincomeloss": 263400000,
        "earningspersharebasic": 0.81,
        "weightedaveragenumberofsharesoutstandingbasic": -1203000,
        "earningspersharediluted": 0.8,
        "weightedaveragenumberofdilutedsharesoutstanding": -1200000,
        "commonstockdividendspersharedeclared": 0.375
    },
    {
        "date": "2018-06-29",
        "symbol": "RSG",
        "period": "Q2",
        "profitloss": 234900000,
        "othercomprehensiveincomederivativesqualifyingashedgesnetoftaxportionattributabletoparent": 23800000,
        "othercomprehensiveincomelossreclassificationadjustmentfromaocionderivativesnetoftax": 800000,
        "othercomprehensiveincomeunrealizedgainlossonderivativesarisingduringperiodnetoftax": -11900000,
        "othercomprehensiveincomelossnetoftax": 11100000,
        "comprehensiveincomenetoftaxincludingportionattributabletononcontrollinginterest": 246800000,
        "comprehensiveincomenetoftaxattributabletononcontrollinginterest": 800000,
        "comprehensiveincomenetoftax": 246000000,
        "costofgoodsandservicessold": -1471700000,
        "depreciationdepletionandamortization": 258300000,
        "assetretirementobligationaccretionexpense": 20200000,
        "sellinggeneralandadministrativeexpense": 253200000,
        "gainlossondispositionofassetsandimpairmentsnet": 0,
        "restructuringcharges": 3800000,
        "operatingincomeloss": 407800000,
        "interestexpense": -94000000,
        "investmentincomeinterest": 200000,
        "othernonoperatingincomeexpense": 1200000,
        "incomelossfromcontinuingoperationsbeforeincometaxesminorityinterestandincomelossfromequitymethodinvestments": -309200000,
        "incometaxexpensebenefit": -72300000,
        "netincomelossattributabletononcontrollinginterest": 800000,
        "netincomeloss": 234900000,
        "earningspersharebasic": 0.72,
        "weightedaveragenumberofsharesoutstandingbasic": -1652000,
        "earningspersharediluted": 0.71,
        "weightedaveragenumberofdilutedsharesoutstanding": -1700000,
        "commonstockdividendspersharedeclared": 0.345
    },
    {
        "date": "2018-03-30",
        "symbol": "RSG",
        "period": "Q1",
        "profitloss": 237700000,
        "othercomprehensiveincomederivativesqualifyingashedgesnetoftaxportionattributabletoparent": 600000,
        "othercomprehensiveincomelossreclassificationadjustmentfromaocionderivativesnetoftax": 200000,
        "othercomprehensiveincomeunrealizedgainlossonderivativesarisingduringperiodnetoftax": 18700000,
        "othercomprehensiveincomelossnetoftax": 19100000,
        "comprehensiveincomenetoftaxincludingportionattributabletononcontrollinginterest": 257000000,
        "comprehensiveincomenetoftaxattributabletononcontrollinginterest": 200000,
        "comprehensiveincomenetoftax": 256800000,
        "salesrevenuenet": 2427500000,
        "costofgoodsandservicessold": 1469800000,
        "depreciationdepletionandamortization": 263100000,
        "assetretirementobligationaccretionexpense": 20400000,
        "sellinggeneralandadministrativeexpense": 261200000,
        "gainlossondispositionofassetsandimpairmentsnet": 700000,
        "restructuringcharges": 9500000,
        "operatingincomeloss": 404200000,
        "interestexpense": 94800000,
        "investmentincomeinterest": 200000,
        "othernonoperatingincomeexpense": 1000000,
        "incomelossfromcontinuingoperationsbeforeincometaxesminorityinterestandincomelossfromequitymethodinvestments": 310600000,
        "incometaxexpensebenefit": 72700000,
        "netincomelossattributabletononcontrollinginterest": 200000,
        "netincomeloss": 237700000,
        "earningspersharebasic": 0.72,
        "weightedaveragenumberofsharesoutstandingbasic": 330655000,
        "earningspersharediluted": 0.72,
        "weightedaveragenumberofdilutedsharesoutstanding": 332200000,
        "commonstockdividendspersharedeclared": 0.345
    },
    {
        "date": "2017-12-30",
        "symbol": "RSG",
        "period": "Q4",
        "profitloss": 664400000,
        "othercomprehensiveincomelossreclassificationadjustmentfromaocionderivativesnetoftax": -500000,
        "othercomprehensiveincomeunrealizedgainlossonderivativesarisingduringperiodnetoftax": 3100000,
        "othercomprehensiveincomelossnetoftax": 3500000,
        "comprehensiveincomenetoftaxincludingportionattributabletononcontrollinginterest": 671700000,
        "comprehensiveincomenetoftax": 671700000,
        "salesrevenuenet": 9649200000,
        "costofgoodsandservicessold": 300000,
        "depreciationdepletionandamortization": 196300000,
        "assetretirementobligationaccretionexpense": 19900000,
        "sellinggeneralandadministrativeexpense": 274300000,
        "gainlossondispositionofassetsandimpairmentsnet": 6700000,
        "restructuringcharges": 5400000,
        "operatingincomeloss": 817000000,
        "interestexpense": 700000,
        "investmentincomeinterest": 0,
        "equitymethodinvestmentotherthantemporaryimpairment": 19200000,
        "othernonoperatingincomeexpense": 1900000,
        "incomelossfromcontinuingoperationsbeforeincometaxesminorityinterestandincomelossfromequitymethodinvestments": -800000,
        "incometaxexpensebenefit": -300000,
        "netincomeloss": 664474000,
        "earningspersharebasic": 1.9800000000000002,
        "weightedaveragenumberofsharesoutstandingbasic": -338411000,
        "earningspersharediluted": 1.9599999999999997,
        "weightedaveragenumberofdilutedsharesoutstanding": -340427000,
        "commonstockdividendspersharedeclared": 0.34500000000000003
    },
    {
        "date": "2017-09-29",
        "symbol": "RSG",
        "period": "Q3",
        "profitloss": 223300000,
        "othercomprehensiveincomederivativesqualifyingashedgesnetoftaxportionattributabletoparent": -1300000,
        "othercomprehensiveincomelossreclassificationadjustmentfromaocionderivativesnetoftax": -1700000,
        "othercomprehensiveincomeunrealizedgainlossonderivativesarisingduringperiodnetoftax": 3900000,
        "othercomprehensiveincomelossnetoftax": 4300000,
        "comprehensiveincomenetoftaxincludingportionattributabletononcontrollinginterest": 227600000,
        "comprehensiveincomenetoftaxattributabletononcontrollinginterest": 100000,
        "comprehensiveincomenetoftax": 227500000,
        "salesrevenuenet": -1300000,
        "costofgoodsandservicessold": 800000,
        "depreciationdepletionandamortization": 260800000,
        "assetretirementobligationaccretionexpense": 20000000,
        "sellinggeneralandadministrativeexpense": 266700000,
        "gainlossondispositionofassetsandimpairmentsnet": 17400000,
        "restructuringcharges": 3700000,
        "operatingincomeloss": 290300000,
        "interestexpense": 700000,
        "equitymethodinvestmentotherthantemporaryimpairment": 2200000,
        "investmentincomeinterest": 300000,
        "othernonoperatingincomeexpense": 500000,
        "incomelossfromcontinuingoperationsbeforeincometaxesminorityinterestandincomelossfromequitymethodinvestments": -2800000,
        "incometaxexpensebenefit": -1100000,
        "netincomelossattributabletononcontrollinginterest": 100000,
        "netincomeloss": 223200000,
        "earningspersharebasic": 0.66,
        "weightedaveragenumberofsharesoutstandingbasic": 336549000,
        "earningspersharediluted": 0.66,
        "weightedaveragenumberofdilutedsharesoutstanding": 338500000,
        "commonstockdividendspersharedeclared": 0.345
    },
    {
        "date": "2017-06-29",
        "symbol": "RSG",
        "period": "Q2",
        "profitloss": 202900000,
        "othercomprehensiveincomederivativesqualifyingashedgesnetoftaxportionattributabletoparent": -1300000,
        "othercomprehensiveincomelossreclassificationadjustmentfromaocionderivativesnetoftax": -1700000,
        "othercomprehensiveincomeunrealizedgainlossonderivativesarisingduringperiodnetoftax": -2800000,
        "othercomprehensiveincomelossnetoftax": -2400000,
        "comprehensiveincomenetoftaxincludingportionattributabletononcontrollinginterest": 201000000,
        "comprehensiveincomenetoftax": 200500000,
        "salesrevenuenet": -2394500000,
        "costofgoodsandservicessold": -1481900000,
        "depreciationdepletionandamortization": 258300000,
        "assetretirementobligationaccretionexpense": 19900000,
        "sellinggeneralandadministrativeexpense": 262900000,
        "pensionandotherpostretirementbenefitexpense": 0,
        "gainlossondispositionofassetsandimpairmentsnet": 1500000,
        "restructuringcharges": 4100000,
        "operatingincomeloss": 173100000,
        "interestexpense": -88100000,
        "equitymethodinvestmentotherthantemporaryimpairment": 3100000,
        "investmentincomeinterest": 400000,
        "othernonoperatingincomeexpense": 200000,
        "incomelossfromcontinuingoperationsbeforeincometaxesminorityinterestandincomelossfromequitymethodinvestments": -301400000,
        "incometaxexpensebenefit": -110500000,
        "netincomeloss": 202900000,
        "earningspersharebasic": 0.5999999999999999,
        "weightedaveragenumberofsharesoutstandingbasic": -906000,
        "earningspersharediluted": 0.5999999999999999,
        "weightedaveragenumberofdilutedsharesoutstanding": -949000,
        "commonstockdividendspersharedeclared": 0.32
    },
    {
        "date": "2017-03-30",
        "symbol": "RSG",
        "period": "Q1",
        "profitloss": 187800000,
        "othercomprehensiveincomederivativesqualifyingashedgesnetoftaxportionattributabletoparent": -1000000,
        "othercomprehensiveincomelossreclassificationadjustmentfromaocionderivativesnetoftax": -1400000,
        "othercomprehensiveincomeunrealizedgainlossonderivativesarisingduringperiodnetoftax": -1100000,
        "othercomprehensiveincomelossnetoftax": -700000,
        "comprehensiveincomenetoftaxincludingportionattributabletononcontrollinginterest": 187100000,
        "comprehensiveincomenetoftax": 187100000,
        "salesrevenuenet": 2392800000,
        "costofgoodsandservicessold": 1484100000,
        "depreciationdepletionandamortization": 249900000,
        "assetretirementobligationaccretionexpense": 20000000,
        "sellinggeneralandadministrativeexpense": 253500000,
        "pensionandotherpostretirementbenefitexpense": 1100000,
        "gainlossondispositionofassetsandimpairmentsnet": 8300000,
        "restructuringcharges": 4400000,
        "operatingincomeloss": 388100000,
        "interestexpense": 89400000,
        "equitymethodinvestmentotherthantemporaryimpairment": 2900000,
        "investmentincomeinterest": 300000,
        "othernonoperatingincomeexpense": 100000,
        "incomelossfromcontinuingoperationsbeforeincometaxesminorityinterestandincomelossfromequitymethodinvestments": 296200000,
        "incometaxexpensebenefit": 108400000,
        "netincomeloss": 187800000,
        "earningspersharebasic": 0.55,
        "weightedaveragenumberofsharesoutstandingbasic": 339868000,
        "earningspersharediluted": 0.55,
        "weightedaveragenumberofdilutedsharesoutstanding": 341876000,
        "commonstockdividendspersharedeclared": 0.32
    },
    {
        "date": "2016-12-30",
        "symbol": "RSG",
        "period": "Q4",
        "profitloss": 189500000,
        "othercomprehensiveincomelossreclassificationadjustmentfromaocionderivativesnetoftax": -4900000,
        "othercomprehensiveincomeunrealizedgainlossonderivativesarisingduringperiodnetoftax": 30300000,
        "othercomprehensiveincomelossnetoftax": 30800000,
        "comprehensiveincomenetoftaxincludingportionattributabletononcontrollinginterest": 226800000,
        "comprehensiveincomenetoftax": 226700000,
        "salesrevenuenet": -3554700000,
        "costofgoodsandservicessold": -60800000,
        "depreciationdepletionandamortization": 174100000,
        "assetretirementobligationaccretionexpense": 19800000,
        "sellinggeneralandadministrativeexpense": 249700000,
        "restructuringcharges": 7200000,
        "operatingincomeloss": -1133300000,
        "interestexpense": 700000,
        "investmentincomeinterest": 0,
        "othernonoperatingincomeexpense": -1100000,
        "incomelossfromcontinuingoperationsbeforeincometaxesminorityinterestandincomelossfromequitymethodinvestments": -8100000,
        "incometaxexpensebenefit": -3200000,
        "netincomeloss": 189488000,
        "earningspersharebasic": 0.56,
        "weightedaveragenumberofsharesoutstandingbasic": -1000000,
        "earningspersharediluted": 0.55,
        "weightedaveragenumberofdilutedsharesoutstanding": -910000,
        "commonstockdividendspersharedeclared": 0.3199999999999999
    },
    {
        "date": "2016-09-29",
        "symbol": "RSG",
        "period": "Q3",
        "profitloss": 85700000,
        "othercomprehensiveincomederivativesqualifyingashedgesnetoftaxportionattributabletoparent": -4900000,
        "othercomprehensiveincomelossreclassificationadjustmentfromaocionderivativesnetoftax": -9500000,
        "othercomprehensiveincomeunrealizedgainlossonderivativesarisingduringperiodnetoftax": 3300000,
        "othercomprehensiveincomelossnetoftax": 7900000,
        "comprehensiveincomenetoftaxincludingportionattributabletononcontrollinginterest": 93600000,
        "comprehensiveincomenetoftaxattributabletononcontrollinginterest": 0,
        "comprehensiveincomenetoftax": 93600000,
        "salesrevenuenet": 1281000000,
        "costofgoodsandservicessold": 8000000,
        "depreciationdepletionandamortization": 252400000,
        "assetretirementobligationaccretionexpense": 19700000,
        "sellinggeneralandadministrativeexpense": 235400000,
        "restructuringcharges": 7100000,
        "operatingincomeloss": 261900000,
        "interestexpense": 7800000,
        "investmentincomeinterest": 100000,
        "othernonoperatingincomeexpense": 1300000,
        "incomelossfromcontinuingoperationsbeforeincometaxesminorityinterestandincomelossfromequitymethodinvestments": -15800000,
        "incometaxexpensebenefit": -6300000,
        "netincomelossattributabletononcontrollinginterest": 0,
        "netincomeloss": 85700000,
        "earningspersharebasic": 0.24999999999999994,
        "weightedaveragenumberofsharesoutstandingbasic": -600000,
        "earningspersharediluted": 0.24999999999999994,
        "weightedaveragenumberofdilutedsharesoutstanding": -677000,
        "commonstockdividendspersharedeclared": 0.3200000000000001
    },
    {
        "date": "2016-06-29",
        "symbol": "RSG",
        "period": "Q2",
        "profitloss": 180700000,
        "othercomprehensiveincomederivativesqualifyingashedgesnetoftaxportionattributabletoparent": -5200000,
        "othercomprehensiveincomelossreclassificationadjustmentfromaocionderivativesnetoftax": -5800000,
        "othercomprehensiveincomeunrealizedgainlossonderivativesarisingduringperiodnetoftax": -400000,
        "othercomprehensiveincomelossnetoftax": 200000,
        "comprehensiveincomenetoftaxincludingportionattributabletononcontrollinginterest": 181200000,
        "comprehensiveincomenetoftaxattributabletononcontrollinginterest": 300000,
        "comprehensiveincomenetoftax": 180900000,
        "salesrevenuenet": 1255600000,
        "costofgoodsandservicessold": -1362700000,
        "depreciationdepletionandamortization": 250100000,
        "assetretirementobligationaccretionexpense": 19800000,
        "sellinggeneralandadministrativeexpense": 243500000,
        "pensionandotherpostretirementbenefitexpense": 0,
        "restructuringcharges": 14500000,
        "operatingincomeloss": 239100000,
        "interestexpense": -91400000,
        "investmentincomeinterest": 300000,
        "othernonoperatingincomeexpense": 1600000,
        "incomelossfromcontinuingoperationsbeforeincometaxesminorityinterestandincomelossfromequitymethodinvestments": -272600000,
        "incometaxexpensebenefit": -103600000,
        "netincomelossattributabletononcontrollinginterest": 300000,
        "netincomeloss": 180700000,
        "earningspersharebasic": 0.53,
        "weightedaveragenumberofsharesoutstandingbasic": -800000,
        "earningspersharediluted": 0.53,
        "weightedaveragenumberofdilutedsharesoutstanding": -748000,
        "commonstockdividendspersharedeclared": 0.3
    },
    {
        "date": "2016-03-30",
        "symbol": "RSG",
        "period": "Q1",
        "profitloss": 156700000,
        "othercomprehensiveincomederivativesqualifyingashedgesnetoftaxportionattributabletoparent": -6100000,
        "othercomprehensiveincomelossreclassificationadjustmentfromaocionderivativesnetoftax": -6300000,
        "othercomprehensiveincomeunrealizedgainlossonderivativesarisingduringperiodnetoftax": -800000,
        "othercomprehensiveincomelossnetoftax": -600000,
        "comprehensiveincomenetoftaxincludingportionattributabletononcontrollinginterest": 156300000,
        "comprehensiveincomenetoftaxattributabletononcontrollinginterest": 200000,
        "comprehensiveincomenetoftax": 156100000,
        "salesrevenuenet": 1207000000,
        "costofgoodsandservicessold": 1381400000,
        "depreciationdepletionandamortization": 243200000,
        "assetretirementobligationaccretionexpense": 19800000,
        "sellinggeneralandadministrativeexpense": 241200000,
        "pensionandotherpostretirementbenefitexpense": 5600000,
        "restructuringcharges": 11900000,
        "operatingincomeloss": 247400000,
        "interestexpense": 92700000,
        "investmentincomeinterest": 500000,
        "othernonoperatingincomeexpense": -700000,
        "incomelossfromcontinuingoperationsbeforeincometaxesminorityinterestandincomelossfromequitymethodinvestments": 252600000,
        "incometaxexpensebenefit": 95700000,
        "netincomelossattributabletononcontrollinginterest": 200000,
        "netincomeloss": 156700000,
        "earningspersharebasic": 0.45,
        "weightedaveragenumberofsharesoutstandingbasic": 345400000,
        "earningspersharediluted": 0.45,
        "weightedaveragenumberofdilutedsharesoutstanding": 346725000,
        "commonstockdividendspersharedeclared": 0.3
    },
    {
        "date": "2015-12-30",
        "symbol": "RSG",
        "period": "Q4",
        "profitloss": 172200000,
        "othercomprehensiveincomelossreclassificationadjustmentfromaocionderivativesnetoftax": -5800000,
        "othercomprehensiveincomeunrealizedgainlossonderivativesarisingduringperiodnetoftax": -2500000,
        "othercomprehensiveincomelossnetoftax": -2000000,
        "comprehensiveincomenetoftaxincludingportionattributabletononcontrollinginterest": 168500000,
        "comprehensiveincomenetoftaxattributabletononcontrollinginterest": 200000,
        "comprehensiveincomenetoftax": 168300000,
        "salesrevenuenet": -1848100000,
        "costofgoodsandservicessold": -47900000,
        "depreciationdepletionandamortization": 172400000,
        "assetretirementobligationaccretionexpense": 20200000,
        "sellinggeneralandadministrativeexpense": 263600000,
        "operatingincomeloss": -676500000,
        "interestexpense": 500000,
        "investmentincomeinterest": 200000,
        "incomelossfromcontinuingoperationsbeforeincometaxesminorityinterestandincomelossfromequitymethodinvestments": -9600000,
        "incometaxexpensebenefit": -3800000,
        "netincomelossattributabletononcontrollinginterest": 200000,
        "netincomeloss": 172200000,
        "earningspersharebasic": 0.4900000000000002,
        "weightedaveragenumberofsharesoutstandingbasic": -982000,
        "earningspersharediluted": 0.49,
        "weightedaveragenumberofdilutedsharesoutstanding": -984000,
        "commonstockdividendspersharedeclared": 0.29999999999999993
    },
    {
        "date": "2015-09-29",
        "symbol": "RSG",
        "period": "Q3",
        "profitloss": 215000000,
        "othercomprehensiveincomederivativesqualifyingashedgesnetoftaxportionattributabletoparent": -4600000,
        "othercomprehensiveincomelossreclassificationadjustmentfromaocionderivativesnetoftax": -5000000,
        "othercomprehensiveincomeunrealizedgainlossonderivativesarisingduringperiodnetoftax": -5300000,
        "othercomprehensiveincomelossnetoftax": -4900000,
        "comprehensiveincomenetoftaxincludingportionattributabletononcontrollinginterest": 210200000,
        "comprehensiveincomenetoftaxattributabletononcontrollinginterest": 100000,
        "comprehensiveincomenetoftax": 210100000,
        "salesrevenuenet": 698400000,
        "costofgoodsandservicessold": 31300000,
        "depreciationdepletionandamortization": 247000000,
        "assetretirementobligationaccretionexpense": 19800000,
        "sellinggeneralandadministrativeexpense": 244100000,
        "operatingincomeloss": 137500000,
        "interestexpense": 700000,
        "investmentincomeinterest": 100000,
        "incomelossfromcontinuingoperationsbeforeincometaxesminorityinterestandincomelossfromequitymethodinvestments": -8200000,
        "incometaxexpensebenefit": -3200000,
        "netincomelossattributabletononcontrollinginterest": 100000,
        "netincomeloss": 215000000,
        "earningspersharebasic": 0.6199999999999999,
        "weightedaveragenumberofsharesoutstandingbasic": -1016000,
        "earningspersharediluted": 0.6099999999999999,
        "weightedaveragenumberofdilutedsharesoutstanding": -1044000,
        "commonstockdividendspersharedeclared": 0.29999999999999993
    },
    {
        "date": "2015-06-29",
        "symbol": "RSG",
        "period": "Q2",
        "profitloss": 190300000,
        "othercomprehensiveincomederivativesqualifyingashedgesnetoftaxportionattributabletoparent": -3700000,
        "othercomprehensiveincomelossreclassificationadjustmentfromaocionderivativesnetoftax": -4200000,
        "othercomprehensiveincomeunrealizedgainlossonderivativesarisingduringperiodnetoftax": 5600000,
        "othercomprehensiveincomedefinedbenefitplansnetunamortizedgainlossarisingduringperiodnetoftax": 0,
        "othercomprehensiveincomelossnetoftax": 6100000,
        "comprehensiveincomenetoftaxincludingportionattributabletononcontrollinginterest": 196500000,
        "comprehensiveincomenetoftaxattributabletononcontrollinginterest": 100000,
        "comprehensiveincomenetoftax": 196400000,
        "salesrevenuenet": 709500000,
        "costofgoodsandservicessold": -1316200000,
        "depreciationdepletionandamortization": 245900000,
        "assetretirementobligationaccretionexpense": 19700000,
        "sellinggeneralandadministrativeexpense": 236200000,
        "operatingincomeloss": 140500000,
        "interestexpense": -87300000,
        "investmentincomeinterest": 200000,
        "incomelossfromcontinuingoperationsbeforeincometaxesminorityinterestandincomelossfromequitymethodinvestments": -297700000,
        "incometaxexpensebenefit": -117300000,
        "netincomelossattributabletononcontrollinginterest": 100000,
        "netincomeloss": 190300000,
        "earningspersharebasic": 0.54,
        "weightedaveragenumberofsharesoutstandingbasic": -1319000,
        "earningspersharediluted": 0.54,
        "weightedaveragenumberofdilutedsharesoutstanding": -1394000,
        "commonstockdividendspersharedeclared": 0.28
    },
    {
        "date": "2015-03-30",
        "symbol": "RSG",
        "period": "Q1",
        "profitloss": 172400000,
        "othercomprehensiveincomederivativesqualifyingashedgesnetoftaxportionattributabletoparent": -2700000,
        "othercomprehensiveincomelossreclassificationadjustmentfromaocionderivativesnetoftax": -3700000,
        "othercomprehensiveincomeunrealizedgainlossonderivativesarisingduringperiodnetoftax": 200000,
        "othercomprehensiveincomedefinedbenefitplansnetunamortizedgainlossarisingduringperiodnetoftax": -100000,
        "othercomprehensiveincomelossnetoftax": 1100000,
        "comprehensiveincomenetoftaxincludingportionattributabletononcontrollinginterest": 173600000,
        "comprehensiveincomenetoftaxattributabletononcontrollinginterest": 100000,
        "comprehensiveincomenetoftax": 173500000,
        "salesrevenuenet": 604800000,
        "costofgoodsandservicessold": 1304300000,
        "depreciationdepletionandamortization": 233400000,
        "assetretirementobligationaccretionexpense": 19700000,
        "sellinggeneralandadministrativeexpense": 239200000,
        "operatingincomeloss": 122200000,
        "interestexpense": 88600000,
        "investmentincomeinterest": 300000,
        "incomelossfromcontinuingoperationsbeforeincometaxesminorityinterestandincomelossfromequitymethodinvestments": 284500000,
        "incometaxexpensebenefit": 112000000,
        "netincomelossattributabletononcontrollinginterest": 100000,
        "netincomeloss": 172400000,
        "earningspersharebasic": 0.49,
        "weightedaveragenumberofsharesoutstandingbasic": 353301000,
        "earningspersharediluted": 0.49,
        "weightedaveragenumberofdilutedsharesoutstanding": 354810000,
        "commonstockdividendspersharedeclared": 0.28
    },
    {
        "date": "2014-12-30",
        "symbol": "RSG",
        "period": "Q4",
        "profitloss": 547500000,
        "othercomprehensiveincomelossreclassificationadjustmentfromaocionderivativesnetoftax": -1300000,
        "othercomprehensiveincomeunrealizedgainlossonderivativesarisingduringperiodnetoftax": -17700000,
        "othercomprehensiveincomelossnetoftax": -17400000,
        "comprehensiveincomenetoftaxincludingportionattributabletononcontrollinginterest": 23800000,
        "comprehensiveincomenetoftax": 23600000,
        "salesrevenuenet": -1691100000,
        "costofgoodsandservicessold": -1500000,
        "depreciationdepletionandamortization": 159500000,
        "assetretirementobligationaccretionexpense": 19600000,
        "sellinggeneralandadministrativeexpense": 255100000,
        "operatingincomeloss": -1138100000,
        "interestexpense": 700000,
        "investmentincomeinterest": 0,
        "othernonoperatingincomeexpense": 500000,
        "incomelossfromcontinuingoperationsbeforeincometaxesminorityinterestandincomelossfromequitymethodinvestments": -2200000,
        "incometaxexpensebenefit": -900000,
        "netincomeloss": 50300000,
        "earningspersharebasic": 0.15000000000000002,
        "weightedaveragenumberofsharesoutstandingbasic": -759000,
        "earningspersharediluted": 0.14000000000000024,
        "weightedaveragenumberofdilutedsharesoutstanding": -710000,
        "commonstockdividendspersharedeclared": 0.28
    },
    {
        "date": "2014-09-29",
        "symbol": "RSG",
        "period": "Q3",
        "profitloss": -300000,
        "othercomprehensiveincomederivativesqualifyingashedgesnetoftaxportionattributabletoparent": 200000,
        "othercomprehensiveincomelossreclassificationadjustmentfromaocionderivativesnetoftax": -300000,
        "othercomprehensiveincomeunrealizedgainlossonderivativesarisingduringperiodnetoftax": -7200000,
        "othercomprehensiveincomelossnetoftax": -6700000,
        "comprehensiveincomenetoftaxincludingportionattributabletononcontrollinginterest": 179100000,
        "comprehensiveincomenetoftax": 179100000,
        "salesrevenuenet": 642200000,
        "costofgoodsandservicessold": 200000,
        "depreciationdepletionandamortization": 235600000,
        "assetretirementobligationaccretionexpense": 19500000,
        "sellinggeneralandadministrativeexpense": 229100000,
        "operatingincomeloss": 207400000,
        "interestexpense": 700000,
        "investmentincomeinterest": 200000,
        "othernonoperatingincomeexpense": -100000,
        "incomelossfromcontinuingoperationsbeforeincometaxesminorityinterestandincomelossfromequitymethodinvestments": -500000,
        "incometaxexpensebenefit": -200000,
        "netincomeloss": 185800000,
        "earningspersharebasic": 0.5199999999999999,
        "weightedaveragenumberofsharesoutstandingbasic": -589000,
        "earningspersharediluted": 0.5199999999999999,
        "weightedaveragenumberofdilutedsharesoutstanding": -496000,
        "commonstockdividendspersharedeclared": 0.28
    },
    {
        "date": "2014-06-29",
        "symbol": "RSG",
        "period": "Q2",
        "profitloss": 100000,
        "othercomprehensiveincomederivativesqualifyingashedgesnetoftaxportionattributabletoparent": 500000,
        "othercomprehensiveincomelossreclassificationadjustmentfromaocionderivativesnetoftax": 100000,
        "othercomprehensiveincomeunrealizedgainlossonderivativesarisingduringperiodnetoftax": 2700000,
        "othercomprehensiveincomelossnetoftax": 3100000,
        "comprehensiveincomenetoftaxincludingportionattributabletononcontrollinginterest": 182100000,
        "comprehensiveincomenetoftaxattributabletononcontrollinginterest": 0,
        "comprehensiveincomenetoftax": 182100000,
        "salesrevenuenet": 393500000,
        "costofgoodsandservicessold": 900000,
        "depreciationdepletionandamortization": 230300000,
        "assetretirementobligationaccretionexpense": 19400000,
        "sellinggeneralandadministrativeexpense": 220900000,
        "operatingincomeloss": 503900000,
        "interestexpense": 600000,
        "investmentincomeinterest": 300000,
        "othernonoperatingincomeexpense": 300000,
        "incomelossfromcontinuingoperationsbeforeincometaxesminorityinterestandincomelossfromequitymethodinvestments": 300000,
        "incometaxexpensebenefit": 200000,
        "netincomelossattributabletononcontrollinginterest": 0,
        "netincomeloss": 179000000,
        "earningspersharebasic": 0.5,
        "weightedaveragenumberofsharesoutstandingbasic": -1758000,
        "earningspersharediluted": 0.5,
        "weightedaveragenumberofdilutedsharesoutstanding": -1655000,
        "commonstockdividendspersharedeclared": 0.26
    },
    {
        "date": "2014-03-30",
        "symbol": "RSG",
        "period": "Q1",
        "profitloss": 300000,
        "othercomprehensiveincomederivativesqualifyingashedgesnetoftaxportionattributabletoparent": 600000,
        "othercomprehensiveincomelossreclassificationadjustmentfromaocionderivativesnetoftax": 300000,
        "othercomprehensiveincomeunrealizedgainlossonderivativesarisingduringperiodnetoftax": -1900000,
        "othercomprehensiveincomelossnetoftax": -1600000,
        "comprehensiveincomenetoftaxincludingportionattributabletononcontrollinginterest": 131000000,
        "comprehensiveincomenetoftaxattributabletononcontrollinginterest": 100000,
        "comprehensiveincomenetoftax": 130900000,
        "salesrevenuenet": 833800000,
        "costofgoodsandservicessold": 1100000,
        "depreciationdepletionandamortization": 213100000,
        "assetretirementobligationaccretionexpense": 19500000,
        "sellinggeneralandadministrativeexpense": 213800000,
        "operatingincomeloss": -99000000,
        "interestexpense": 700000,
        "investmentincomeinterest": 100000,
        "othernonoperatingincomeexpense": 1000000,
        "incomelossfromcontinuingoperationsbeforeincometaxesminorityinterestandincomelossfromequitymethodinvestments": 400000,
        "incometaxexpensebenefit": 100000,
        "netincomelossattributabletononcontrollinginterest": 100000,
        "netincomeloss": 132500000,
        "earningspersharebasic": 0.37,
        "weightedaveragenumberofsharesoutstandingbasic": 359779000,
        "earningspersharediluted": 0.37,
        "weightedaveragenumberofdilutedsharesoutstanding": 360968000,
        "commonstockdividendspersharedeclared": 0.26
    },
    {
        "date": "2013-12-30",
        "symbol": "RSG",
        "period": "Q4",
        "profitloss": -1800000,
        "othercomprehensiveincomeunrealizedgainlossonderivativesarisingduringperiodnetoftax": 2600000,
        "othercomprehensiveincomelossnetoftax": -400000,
        "comprehensiveincomenetoftaxincludingportionattributabletononcontrollinginterest": 240500000,
        "comprehensiveincomenetoftaxattributabletononcontrollinginterest": 100000,
        "comprehensiveincomenetoftax": 240400000,
        "salesrevenuenet": -1845300000,
        "costofgoodsandservicessold": 400000,
        "depreciationdepletionandamortization": 155700000,
        "assetretirementobligationaccretionexpense": 19000000,
        "sellinggeneralandadministrativeexpense": 900000,
        "pensionandotherpostretirementbenefitexpense": 0,
        "restructuringcharges": 0,
        "operatingincomeloss": -863600000,
        "interestexpense": 800000,
        "investmentincomeinterest": 200000,
        "othernonoperatingincomeexpense": 800000,
        "incometaxexpensebenefit": -100000,
        "netincomelossattributabletononcontrollinginterest": 100000,
        "netincomeloss": 236600000,
        "earningspersharebasic": 0.6599999999999999,
        "weightedaveragenumberofsharesoutstandingbasic": -364000,
        "earningspersharediluted": 0.6500000000000001,
        "weightedaveragenumberofdilutedsharesoutstanding": -382000,
        "commonstockdividendspersharedeclared": 0.26
    },
    {
        "date": "2013-09-29",
        "symbol": "RSG",
        "period": "Q3",
        "profitloss": 1600000,
        "othercomprehensiveincomederivativesqualifyingashedgesnetoftaxportionattributabletoparent": 300000,
        "othercomprehensiveincomeunrealizedgainlossonderivativesarisingduringperiodnetoftax": 2100000,
        "othercomprehensiveincomelossnetoftax": 5800000,
        "comprehensiveincomenetoftaxincludingportionattributabletononcontrollinginterest": 177700000,
        "comprehensiveincomenetoftaxattributabletononcontrollinginterest": -300000,
        "comprehensiveincomenetoftax": 178000000,
        "salesrevenuenet": 224900000,
        "costofgoodsandservicessold": 700000,
        "depreciationdepletionandamortization": 224400000,
        "assetretirementobligationaccretionexpense": 19200000,
        "sellinggeneralandadministrativeexpense": -432100000,
        "pensionandotherpostretirementbenefitexpense": 41600000,
        "gainlossondispositionofassetsandimpairmentsnet": 0,
        "restructuringcharges": 700000,
        "operatingincomeloss": 721300000,
        "interestexpense": 1900000,
        "gainslossesonextinguishmentofdebt": 0,
        "investmentincomeinterest": 100000,
        "othernonoperatingincomeexpense": 1000000,
        "incomelossfromcontinuingoperationsbeforeincometaxesminorityinterestandincomelossfromequitymethodinvestments": 0,
        "incometaxexpensebenefit": -34700000,
        "netincomelossattributabletononcontrollinginterest": -300000,
        "netincomeloss": 171400000,
        "earningspersharebasic": 0.4699999999999999,
        "weightedaveragenumberofsharesoutstandingbasic": -363192000,
        "earningspersharediluted": 0.4799999999999999,
        "weightedaveragenumberofdilutedsharesoutstanding": -364675000,
        "commonstockdividendspersharedeclared": 0.26
    },
    {
        "date": "2013-06-29",
        "symbol": "RSG",
        "period": "Q2",
        "profitloss": -100000,
        "othercomprehensiveincomederivativesqualifyingashedgesnetoftaxportionattributabletoparent": 300000,
        "othercomprehensiveincomelossreclassificationadjustmentonderivativesincludedinnetincomenetoftax": 100000,
        "othercomprehensiveincomeunrealizedgainlossonderivativesarisingduringperiodnetoftax": -3100000,
        "othercomprehensiveincomelossnetoftax": -2700000,
        "comprehensiveincomenetoftaxincludingportionattributabletononcontrollinginterest": 53700000,
        "comprehensiveincomenetoftaxattributabletononcontrollinginterest": 100000,
        "comprehensiveincomenetoftax": 53600000,
        "salesrevenuenet": 825000000,
        "costofgoodsandservicessold": 500000,
        "depreciationdepletionandamortization": 217000000,
        "assetretirementobligationaccretionexpense": 19200000,
        "sellinggeneralandadministrativeexpense": 228200000,
        "pensionandotherpostretirementbenefitexpense": 53900000,
        "gainlossondispositionofassetsandimpairmentsnet": 800000,
        "restructuringcharges": 3000000,
        "operatingincomeloss": -234400000,
        "interestexpense": 600000,
        "gainslossesonextinguishmentofdebt": -300000,
        "investmentincomeinterest": 100000,
        "othernonoperatingincomeexpense": 300000,
        "incomelossfromcontinuingoperationsbeforeincometaxesminorityinterestandincomelossfromequitymethodinvestments": -100000,
        "incometaxexpensebenefit": 34700000,
        "netincomelossattributabletononcontrollinginterest": 100000,
        "netincomeloss": 56300000,
        "earningspersharebasic": 0.16,
        "weightedaveragenumberofsharesoutstandingbasic": 362948000,
        "earningspersharediluted": 0.15,
        "weightedaveragenumberofdilutedsharesoutstanding": 364387000,
        "commonstockdividendspersharedeclared": 0.235
    },
    {
        "date": "2013-03-30",
        "symbol": "RSG",
        "period": "Q1",
        "profitloss": 500000,
        "othercomprehensiveincomederivativesqualifyingashedgesnetoftaxportionattributabletoparent": 900000,
        "othercomprehensiveincomelossreclassificationadjustmentonderivativesincludedinnetincomenetoftax": -500000,
        "othercomprehensiveincomeunrealizedgainlossonderivativesarisingduringperiodnetoftax": 700000,
        "othercomprehensiveincomelossnetoftax": 1100000,
        "comprehensiveincomenetoftaxincludingportionattributabletononcontrollinginterest": 126000000,
        "comprehensiveincomenetoftaxattributabletononcontrollinginterest": 300000,
        "comprehensiveincomenetoftax": 125700000,
        "salesrevenuenet": 795600000,
        "costofgoodsandservicessold": 1300000,
        "depreciationdepletionandamortization": 209600000,
        "assetretirementobligationaccretionexpense": 19200000,
        "sellinggeneralandadministrativeexpense": 206500000,
        "pensionandotherpostretirementbenefitexpense": 62200000,
        "gainlossondispositionofassetsandimpairmentsnet": 1100000,
        "restructuringcharges": 4900000,
        "operatingincomeloss": -125100000,
        "interestexpense": -600000,
        "gainslossesonextinguishmentofdebt": -1800000,
        "investmentincomeinterest": 300000,
        "othernonoperatingincomeexpense": 200000,
        "incomelossfromcontinuingoperationsbeforeincometaxesminorityinterestandincomelossfromequitymethodinvestments": 800000,
        "incometaxexpensebenefit": 300000,
        "netincomelossattributabletononcontrollinginterest": 300000,
        "netincomeloss": 124600000,
        "earningspersharebasic": 0.34,
        "weightedaveragenumberofsharesoutstandingbasic": 362662000,
        "earningspersharediluted": 0.34,
        "weightedaveragenumberofdilutedsharesoutstanding": 364092000,
        "commonstockdividendspersharedeclared": 0.235
    },
    {
        "date": "2012-12-30",
        "symbol": "RSG",
        "period": "Q4",
        "profitloss": 126900000,
        "comprehensiveincomenetoftaxincludingportionattributabletononcontrollinginterest": 141000000,
        "comprehensiveincomenetoftaxattributabletononcontrollinginterest": 0,
        "comprehensiveincomenetoftax": 141000000,
        "salesrevenuenet": -1454100000,
        "costofgoodsandservicessold": 1281000000,
        "depreciationdepletionandamortization": 216400000,
        "assetretirementobligationaccretionexpense": 19300000,
        "sellinggeneralandadministrativeexpense": 206600000,
        "operatingincomeloss": -429000000,
        "interestexpense": 92200000,
        "investmentincomeinterest": 200000,
        "othernonoperatingincomeexpense": 2300000,
        "incomelossfromcontinuingoperationsbeforeincometaxesminorityinterestandincomelossfromequitymethodinvestments": 199100000,
        "incometaxexpensebenefit": 72100000,
        "netincomelossattributabletononcontrollinginterest": 0,
        "netincomeloss": 127000000,
        "earningspersharebasic": 0.3500000000000001,
        "weightedaveragenumberofsharesoutstandingbasic": -367963000,
        "earningspersharediluted": 0.3400000000000001,
        "weightedaveragenumberofdilutedsharesoutstanding": -369092000,
        "commonstockdividendspersharedeclared": 0.23500000000000007
    },
    {
        "date": "2012-09-29",
        "symbol": "RSG",
        "period": "Q3",
        "profitloss": 152800000,
        "othercomprehensiveincomelossderivativesqualifyingashedgesnetoftax": 9000000,
        "othercomprehensiveincomelosspensionandotherpostretirementbenefitplansadjustmentnetoftax": -3000000,
        "othercomprehensiveincomelossnetoftax": 12000000,
        "comprehensiveincomenetoftaxincludingportionattributabletononcontrollinginterest": 164800000,
        "comprehensiveincomenetoftaxattributabletononcontrollinginterest": 100000,
        "comprehensiveincomenetoftax": 164700000,
        "salesrevenuenet": 515200000,
        "costofgoodsandservicessold": 1280500000,
        "depreciationdepletionandamortization": 203500000,
        "assetretirementobligationaccretionexpense": 19700000,
        "sellinggeneralandadministrativeexpense": 193800000,
        "pensionandotherpostretirementbenefitexpense": 31300000,
        "gainlossondispositionofassetsandimpairmentsnet": -200000,
        "operatingincomeloss": -101600000,
        "interestexpense": 93200000,
        "gainslossesonextinguishmentofdebt": -2300000,
        "investmentincomeinterest": 300000,
        "othernonoperatingincomeexpense": 400000,
        "incomelossfromcontinuingoperationsbeforeincometaxesminorityinterestandincomelossfromequitymethodinvestments": 223100000,
        "incometaxexpensebenefit": 70300000,
        "netincomelossattributabletononcontrollinginterest": 100000,
        "netincomeloss": 152700000,
        "earningspersharebasic": 0.42,
        "weightedaveragenumberofsharesoutstandingbasic": 365404000,
        "earningspersharediluted": 0.42,
        "weightedaveragenumberofdilutedsharesoutstanding": 366431000,
        "commonstockdividendspersharedeclared": 0.235
    },
    {
        "date": "2012-06-29",
        "symbol": "RSG",
        "period": "Q2",
        "profitloss": 149200000,
        "othercomprehensiveincomederivativesqualifyingashedgesnetoftaxperiodincreasedecrease": -14500000,
        "othercomprehensiveincomedefinedbenefitplansadjustmentnetoftaxperiodincreasedecrease": 0,
        "othercomprehensiveincomelossnetoftaxperiodincreasedecrease": -18000000,
        "comprehensiveincomenetoftaxincludingportionattributabletononcontrollinginterest": 131400000,
        "comprehensiveincomenetoftaxattributabletononcontrollinginterest": 300000,
        "comprehensiveincomenetoftax": 131200000,
        "salesrevenuenet": 932200000,
        "costofgoodsandservicessold": 2443000000,
        "depreciationdepletionandamortization": 422800000,
        "assetretirementobligationaccretionexpense": 39200000,
        "sellinggeneralandadministrativeexpense": 377700000,
        "gainlossondispositionofassetsandimpairmentsnet": 0,
        "operatingincomeloss": 266000000,
        "interestexpense": 131100000,
        "investmentincomeinterest": 2000000,
        "othernonoperatingincomeexpense": 4700000,
        "incomelossfromcontinuingoperationsbeforeincometaxesminorityinterestandincomelossfromequitymethodinvestments": 300700000,
        "incometaxexpensebenefit": 151300000,
        "netincomelossattributabletononcontrollinginterest": 300000,
        "netincomeloss": 149200000,
        "earningspersharebasic": 0.4,
        "weightedaveragenumberofsharesoutstandingbasic": -1555000,
        "earningspersharediluted": 0.41000000000000003,
        "weightedaveragenumberofdilutedsharesoutstanding": -1809000,
        "commonstockdividendspersharedeclared": 0.22
    },
    {
        "date": "2012-03-30",
        "symbol": "RSG",
        "period": "Q1",
        "salesrevenuenet": 96400000,
        "costofgoodsandservicessold": 1200000,
        "depreciationdepletionandamortization": 5800000,
        "assetretirementobligationaccretionexpense": 200000,
        "sellinggeneralandadministrativeexpense": 42800000,
        "gainlossondispositionofassetsandimpairmentsnet": 3600000,
        "operatingincomeloss": -49800000,
        "interestexpense": 72000000,
        "investmentincomeinterest": -1500000,
        "othernonoperatingincomeexpense": -4000000,
        "incomelossfromcontinuingoperationsbeforeincometaxesminorityinterestandincomelossfromequitymethodinvestments": 101000000,
        "incometaxexpensebenefit": -41900000,
        "profitloss": 142900000,
        "netincomelossattributabletononcontrollinginterest": -100000,
        "netincomeloss": 142900000,
        "earningspersharebasic": 0.39,
        "weightedaveragenumberofsharesoutstandingbasic": 370997000,
        "earningspersharediluted": 0.38,
        "weightedaveragenumberofdilutedsharesoutstanding": 372490000,
        "commonstockdividendspersharedeclared": 0.22,
        "othercomprehensiveincomederivativesqualifyingashedgesnetoftaxperiodincreasedecrease": 7700000,
        "othercomprehensiveincomedefinedbenefitplansadjustmentnetoftaxperiodincreasedecrease": -3500000,
        "othercomprehensiveincomelossnetoftaxperiodincreasedecrease": 7700000,
        "comprehensiveincomenetoftaxincludingportionattributabletononcontrollinginterest": 150600000,
        "comprehensiveincomenetoftaxattributabletononcontrollinginterest": -100000,
        "comprehensiveincomenetoftax": 150600000
    },
    {
        "date": "2011-12-30",
        "symbol": "RSG",
        "period": "Q4",
        "salesrevenuenet": -107400000,
        "costofgoodsandservicessold": 40600000,
        "depreciationdepletionandamortization": 677100000,
        "assetretirementobligationaccretionexpense": 200000,
        "sellinggeneralandadministrativeexpense": -68300000,
        "gainlossondispositionofassetsandimpairmentsnet": 0,
        "operatingincomeloss": -672600000,
        "interestexpense": 142400000,
        "gainslossesonextinguishmentofdebt": 4200000,
        "investmentincomeinterest": -1500000,
        "othernonoperatingincomeexpense": -12200000,
        "incomelossfromcontinuingoperationsbeforeincometaxesminorityinterestandincomelossfromequitymethodinvestments": 495200000,
        "incometaxexpensebenefit": -475300000,
        "profitloss": 295000000,
        "netincomelossattributabletononcontrollinginterest": 0,
        "netincomeloss": 224000000,
        "earningspersharebasic": 0.52,
        "weightedaveragenumberofsharesoutstandingbasic": -757579000,
        "earningspersharediluted": 0.51,
        "weightedaveragenumberofdilutedsharesoutstanding": -761261000,
        "commonstockdividendspersharedeclared": 0.21999999999999997
    },
    {
        "date": "2011-09-29",
        "symbol": "RSG",
        "period": "Q3",
        "salesrevenuenet": 107700000,
        "costofgoodsandservicessold": 1500000,
        "depreciationdepletionandamortization": 234400000,
        "assetretirementobligationaccretionexpense": 200000,
        "sellinggeneralandadministrativeexpense": 33100000,
        "gainlossondispositionofassetsandimpairmentsnet": -1300000,
        "operatingincomeloss": -41600000,
        "interestexpense": 75500000,
        "gainslossesonextinguishmentofdebt": -6000000,
        "investmentincomeinterest": -1500000,
        "othernonoperatingincomeexpense": -4700000,
        "incomelossfromcontinuingoperationsbeforeincometaxesminorityinterestandincomelossfromequitymethodinvestments": 189100000,
        "incometaxexpensebenefit": -4400000,
        "profitloss": 193500000,
        "netincomelossattributabletononcontrollinginterest": 100000,
        "netincomeloss": 193500000,
        "earningspersharebasic": 0.52,
        "weightedaveragenumberofsharesoutstandingbasic": 373182000,
        "earningspersharediluted": 0.52,
        "weightedaveragenumberofdilutedsharesoutstanding": 374695000,
        "commonstockdividendspersharedeclared": 0.22
    },
    {
        "date": "2011-06-29",
        "symbol": "RSG",
        "period": "Q2",
        "salesrevenuenet": -18200000,
        "costofgoodsandservicessold": -18200000,
        "depreciationdepletionandamortization": 5800000,
        "assetretirementobligationaccretionexpense": 200000,
        "sellinggeneralandadministrativeexpense": 33000000,
        "gainlossondispositionofassetsandimpairmentsnet": 2000000,
        "operatingincomeloss": 110300000,
        "interestexpense": 200000,
        "gainslossesonextinguishmentofdebt": -1900000,
        "investmentincomeinterest": -2600000,
        "othernonoperatingincomeexpense": -4400000,
        "incomelossfromcontinuingoperationsbeforeincometaxesminorityinterestandincomelossfromequitymethodinvestments": 400000,
        "incometaxexpensebenefit": 7800000,
        "profitloss": 100800000,
        "netincomelossattributabletononcontrollinginterest": -300000,
        "netincomeloss": 13500000,
        "earningspersharebasic": 0.12,
        "weightedaveragenumberofsharesoutstandingbasic": 378197000,
        "earningspersharediluted": 0.12,
        "weightedaveragenumberofdilutedsharesoutstanding": 380166000,
        "commonstockdividendspersharedeclared": 0.2
    },
    {
        "date": "2011-03-30",
        "symbol": "RSG",
        "period": "Q1",
        "salesrevenuenet": 418900000,
        "costofgoodsandservicessold": -15300000,
        "depreciationdepletionandamortization": 4300000,
        "assetretirementobligationaccretionexpense": 200000,
        "sellinggeneralandadministrativeexpense": 156700000,
        "gainlossondispositionofassetsandimpairmentsnet": 400000,
        "operatingincomeloss": 419000000,
        "interestexpense": 56400000,
        "gainslossesonextinguishmentofdebt": 1800000,
        "investmentincomeinterest": -1800000,
        "othernonoperatingincomeexpense": 1500000,
        "incomelossfromcontinuingoperationsbeforeincometaxesminorityinterestandincomelossfromequitymethodinvestments": -342400000,
        "incometaxexpensebenefit": 225000000,
        "profitloss": -100000,
        "netincomelossattributabletononcontrollinginterest": -100000,
        "netincomeloss": 158200000,
        "earningspersharebasic": 0.41,
        "weightedaveragenumberofsharesoutstandingbasic": 382200000,
        "earningspersharediluted": 0.41,
        "weightedaveragenumberofdilutedsharesoutstanding": 384000000,
        "commonstockdividendspersharedeclared": 0.2
    },
    {
        "date": "2010-09-29",
        "symbol": "RSG",
        "period": "Q3",
        "salesrevenuenet": 24100000,
        "costofgoodsandservicessold": 67800000,
        "depreciationdepletionandamortization": 5600000,
        "assetretirementobligationaccretionexpense": 9500000,
        "sellinggeneralandadministrativeexpense": 3000000,
        "lossondispositionofassetsandimpairmentsnet": 25500000,
        "restructuringcharges": 2600000,
        "operatingincomeloss": -54100000,
        "interestexpense": 53900000,
        "gainslossesonextinguishmentofdebt": -19400000,
        "investmentincomeinterest": 200000,
        "othernonoperatingincomeexpense": 900000,
        "incomelossfromcontinuingoperationsbeforeincometaxesminorityinterestandincomelossfromequitymethodinvestments": 9600000,
        "incometaxexpensebenefit": 15700000,
        "profitloss": 104200000,
        "netincomelossattributabletononcontrollinginterest": 300000,
        "netincomeloss": 5700000,
        "earningspersharebasic": 0.35,
        "weightedaveragenumberofsharesoutstandingbasic": 384007000,
        "earningspersharediluted": 0.35,
        "weightedaveragenumberofdilutedsharesoutstanding": 386078000,
        "commonstockdividendspersharedeclared": 0.2
    },
    {
        "date": "2010-06-29",
        "symbol": "RSG",
        "period": "Q2",
        "salesrevenuenet": -1990600000,
        "costofgoodsandservicessold": -1031900000,
        "depreciationdepletionandamortization": -192700000,
        "assetretirementobligationaccretionexpense": 11400000,
        "sellinggeneralandadministrativeexpense": -113100000,
        "lossondispositionofassetsandimpairmentsnet": 1100000,
        "restructuringcharges": 1400000,
        "operatingincomeloss": -385900000,
        "interestexpense": 33300000,
        "gainslossesonextinguishmentofdebt": 132200000,
        "othernonoperatingincomeexpense": -400000,
        "incomelossfromcontinuingoperationsbeforeincometaxesminorityinterestandincomelossfromequitymethodinvestments": 185600000,
        "incometaxexpensebenefit": -27000000,
        "profitloss": 224500000,
        "netincomelossattributabletononcontrollinginterest": 200000,
        "netincomeloss": 159700000,
        "earningspersharebasic": 0.41999999999999993,
        "weightedaveragenumberofsharesoutstandingbasic": 568000,
        "earningspersharediluted": 0.41999999999999993,
        "weightedaveragenumberofdilutedsharesoutstanding": 696000,
        "commonstockdividendspersharedeclared": 0.19
    },
    {
        "date": "2010-03-30",
        "symbol": "RSG",
        "period": "Q1",
        "salesrevenuenet": 1957700000,
        "costofgoodsandservicessold": 1136800000,
        "depreciationdepletionandamortization": 203000000,
        "assetretirementobligationaccretionexpense": 20200000,
        "sellinggeneralandadministrativeexpense": 210300000,
        "lossondispositionofassetsandimpairmentsnet": 500000,
        "restructuringcharges": 5600000,
        "operatingincomeloss": 381300000,
        "interestexpense": 134500000,
        "gainslossesonextinguishmentofdebt": -132300000,
        "othernonoperatingincomeexpense": 1700000,
        "incomelossfromcontinuingoperationsbeforeincometaxesminorityinterestandincomelossfromequitymethodinvestments": 116200000,
        "incometaxexpensebenefit": 51000000,
        "profitloss": 200000,
        "netincomelossattributabletononcontrollinginterest": 200000,
        "netincomeloss": 65000000,
        "earningspersharebasic": 0.17,
        "weightedaveragenumberofsharesoutstandingbasic": 381400000,
        "earningspersharediluted": 0.17,
        "weightedaveragenumberofdilutedsharesoutstanding": 383300000,
        "commonstockdividendspersharedeclared": 0.19
    }
]