[
    {
        "date": "2024-09-29",
        "symbol": "ES",
        "period": "Q3",
        "revenues": 3063200000,
        "utilitiesoperatingexpensepurchasedpowerpurchasedtransmissionandfuelused": 44828000,
        "utilitiesoperatingexpensemaintenanceandoperations": 68981000,
        "depreciation": 38865000,
        "adjustmentforamortization": 243957000,
        "energyefficiencyprograms": 12155000,
        "taxesexcludingincomeandexcisetaxes": 24041000,
        "operatingexpenses": 240751000,
        "operatingincomeloss": 612400000,
        "interestexpensenonoperating": 23223000,
        "equitymethodinvestmentotherthantemporaryimpairment": 464000000,
        "nonoperatingincomeexpense": 112600000,
        "incomelossfromcontinuingoperationsbeforeincometaxesdomestic": 86150000,
        "incometaxexpensebenefit": 22353000,
        "profitloss": -116177000,
        "netincomelossattributabletononcontrollinginterest": 1880000,
        "netincomelossavailabletocommonstockholdersbasic": -118100000,
        "earningspersharebasic": -0.33,
        "earningspersharediluted": -0.33,
        "weightedaveragenumberofsharesoutstandingbasic": 359520518,
        "weightedaveragenumberofdilutedsharesoutstanding": 359817657,
        "othercomprehensiveincomelosscashflowhedgegainlossafterreclassificationandtax": 5000,
        "othercomprehensiveincomelosspensionandotherpostretirementbenefitplansadjustmentnetoftax": -1371000,
        "othercomprehensiveincomelossnetoftax": 1376000,
        "comprehensiveincomenetoftaxattributabletononcontrollinginterest": 1880000,
        "comprehensiveincomenetoftax": 63797000,
        "amortizationofregulatoryassetliabilities": 10800000,
        "netincomeloss": 63797000,
        "othercomprehensiveincomelosscashflowhedgegainlossafterreclassificationandtaxparent": 5000,
        "othercomprehensiveincomelossnetoftaxportionattributabletoparent": -18000,
        "othercomprehensiveincomedefinedbenefitplansadjustmentnetoftaxportionattributabletoparent": 23000
    },
    {
        "date": "2024-06-29",
        "symbol": "ES",
        "period": "Q2",
        "revenues": 2533522000,
        "utilitiesoperatingexpensepurchasedpowerpurchasedtransmissionandfuelused": 841431000,
        "utilitiesoperatingexpensemaintenanceandoperations": 464424000,
        "depreciation": 354591000,
        "adjustmentforamortization": -114137000,
        "energyefficiencyprograms": 145288000,
        "taxesexcludingincomeandexcisetaxes": 239427000,
        "operatingexpenses": 1931024000,
        "operatingincomeloss": 602498000,
        "interestexpensenonoperating": 271316000,
        "nonoperatingincomeexpense": 115285000,
        "incomelossfromcontinuingoperationsbeforeincometaxesdomestic": 446467000,
        "incometaxexpensebenefit": 109246000,
        "profitloss": 337221000,
        "netincomelossattributabletononcontrollinginterest": 1880000,
        "netincomelossavailabletocommonstockholdersbasic": 335341000,
        "earningspersharebasic": 0.95,
        "earningspersharediluted": 0.95,
        "weightedaveragenumberofsharesoutstandingbasic": 353212378,
        "weightedaveragenumberofdilutedsharesoutstanding": 353419658,
        "othercomprehensiveincomelosscashflowhedgegainlossafterreclassificationandtax": 5000,
        "othercomprehensiveincomelosspensionandotherpostretirementbenefitplansadjustmentnetoftax": 1052000,
        "othercomprehensiveincomelossnetoftax": -1047000,
        "comprehensiveincomenetoftaxattributabletononcontrollinginterest": 1880000,
        "comprehensiveincomenetoftax": 334294000,
        "amortizationofregulatoryassetliabilities": 155031000,
        "netincomeloss": 131601000,
        "othercomprehensiveincomelosscashflowhedgegainlossafterreclassificationandtaxparent": -6000,
        "othercomprehensiveincomelossnetoftaxportionattributabletoparent": -6000,
        "othercomprehensiveincomedefinedbenefitplansadjustmentnetoftaxportionattributabletoparent": 23000
    },
    {
        "date": "2024-03-30",
        "symbol": "ES",
        "period": "Q1",
        "revenues": 3332575000,
        "utilitiesoperatingexpensepurchasedpowerpurchasedtransmissionandfuelused": 1235956000,
        "utilitiesoperatingexpensemaintenanceandoperations": 462964000,
        "depreciation": 339914000,
        "adjustmentforamortization": -2325000,
        "energyefficiencyprograms": 213479000,
        "taxesexcludingincomeandexcisetaxes": 236614000,
        "operatingexpenses": 2486602000,
        "operatingincomeloss": 845973000,
        "interestexpense": 250749000,
        "nonoperatingincomeexpense": 91030000,
        "incomelossfromcontinuingoperationsbeforeincometaxesdomestic": 686254000,
        "incometaxexpensebenefit": 162526000,
        "profitloss": 523728000,
        "netincomelossattributabletononcontrollinginterest": 1880000,
        "netincomelossavailabletocommonstockholdersbasic": 521848000,
        "earningspersharebasic": 1.49,
        "earningspersharediluted": 1.49,
        "weightedaveragenumberofsharesoutstandingbasic": 350717114,
        "weightedaveragenumberofdilutedsharesoutstanding": 350997220,
        "othercomprehensiveincomelosscashflowhedgegainlossafterreclassificationandtax": 5000,
        "othercomprehensiveincomelosspensionandotherpostretirementbenefitplansadjustmentnetoftax": -5198000,
        "othercomprehensiveincomelossnetoftax": 5203000,
        "comprehensiveincomenetoftaxattributabletononcontrollinginterest": 1880000,
        "comprehensiveincomenetoftax": 527051000,
        "amortizationofregulatoryassetliabilities": 91713000,
        "netincomeloss": 138353000,
        "othercomprehensiveincomelosscashflowhedgegainlossafterreclassificationandtaxparent": -7000,
        "othercomprehensiveincomelossnetoftaxportionattributabletoparent": -7000,
        "othercomprehensiveincomedefinedbenefitplansadjustmentnetoftaxportionattributabletoparent": 21000
    },
    {
        "date": "2023-12-30",
        "symbol": "ES",
        "period": "Q4",
        "revenues": 2694238000,
        "utilitiesoperatingexpensemaintenanceandoperations": 513140000,
        "depreciation": 343363000,
        "energyefficiencyprograms": 160145000,
        "taxesexcludingincomeandexcisetaxes": 235370000,
        "operatingexpenses": 2135690000,
        "operatingincomeloss": 558548000,
        "interestexpense": 231301000,
        "nonoperatingincomeexpense": 85089000,
        "incomelossfromcontinuingoperationsbeforeincometaxesdomestic": -1353664000,
        "incometaxexpensebenefit": -67059000,
        "profitloss": -1286605000,
        "netincomelossattributabletononcontrollinginterest": 1880000,
        "netincomelossavailabletocommonstockholdersbasic": -1288485000,
        "earningspersharebasic": -3.6900000000000004,
        "earningspersharediluted": -3.6799999999999997,
        "weightedaveragenumberofsharesoutstandingbasic": 349580638,
        "weightedaveragenumberofdilutedsharesoutstanding": 349840481,
        "othercomprehensiveincomelosscashflowhedgegainlossafterreclassificationandtax": 5000,
        "othercomprehensiveincomelosspensionandotherpostretirementbenefitplansadjustmentnetoftax": 9718000,
        "othercomprehensiveincomelossnetoftax": -9715000,
        "comprehensiveincomenetoftaxattributabletononcontrollinginterest": 1880000,
        "comprehensiveincomenetoftax": -1298200000,
        "amortizationofregulatoryassetliabilities": -925769000,
        "netincomeloss": 117629000
    },
    {
        "date": "2023-09-29",
        "symbol": "ES",
        "period": "Q3",
        "revenues": 9108167000,
        "utilitiesoperatingexpensepurchasedpowerpurchasedtransmissionandfuelused": 3861398000,
        "utilitiesoperatingexpensemaintenanceandoperations": 1250265000,
        "depreciation": 893687000,
        "energyefficiencyprograms": 511823000,
        "taxesexcludingincomeandexcisetaxes": 657353000,
        "operatingexpenses": 6761337000,
        "operatingincomeloss": 1839787000,
        "interestexpense": 690540000,
        "nonoperatingincomeexpense": 888280000,
        "incomelossfromcontinuingoperationsbeforeincometaxesdomestic": 947375000,
        "incometaxexpensebenefit": 196149000,
        "profitloss": 341544000,
        "netincomelossattributabletononcontrollinginterest": 1880000,
        "netincomelossavailabletocommonstockholdersbasic": 1404145000,
        "earningspersharebasic": 0.97,
        "earningspersharediluted": 0.97,
        "weightedaveragenumberofsharesoutstandingbasic": 121467,
        "weightedaveragenumberofdilutedsharesoutstanding": 60324,
        "othercomprehensiveincomelosscashflowhedgegainlossafterreclassificationandtax": 5000,
        "othercomprehensiveincomelosspensionandotherpostretirementbenefitplansadjustmentnetoftax": -14195000,
        "othercomprehensiveincomelossnetoftax": 9299000,
        "comprehensiveincomenetoftaxattributabletononcontrollinginterest": 1880000,
        "comprehensiveincomenetoftax": 760913000,
        "amortizationofregulatoryassetliabilities": 403802000,
        "netincomeloss": 300446000
    },
    {
        "date": "2023-06-29",
        "symbol": "ES",
        "period": "Q2",
        "revenues": 58000000,
        "utilitiesoperatingexpensepurchasedpowerpurchasedtransmissionandfuelused": 144829000,
        "utilitiesoperatingexpensemaintenanceandoperations": 64502000,
        "depreciation": 34702000,
        "energyefficiencyprograms": 9150000,
        "taxesexcludingincomeandexcisetaxes": 25531000,
        "operatingexpenses": 258760000,
        "operatingincomeloss": 500000,
        "interestexpense": -34400000.00000001,
        "nonoperatingincomeexpense": -74700000,
        "incomelossfromcontinuingoperationsbeforeincometaxesdomestic": 78505000,
        "incometaxexpensebenefit": 18143000,
        "profitloss": 17301000,
        "netincomelossattributabletononcontrollinginterest": 1879000,
        "netincomelossavailabletocommonstockholdersbasic": -39800000,
        "earningspersharebasic": 0.040000000000000036,
        "earningspersharediluted": 0.040000000000000036,
        "weightedaveragenumberofsharesoutstandingbasic": 122605,
        "weightedaveragenumberofdilutedsharesoutstanding": 58983,
        "othercomprehensiveincomelosscashflowhedgegainlossafterreclassificationandtax": 5000,
        "othercomprehensiveincomelossavailableforsalesecuritiesadjustmentnetoftax": 0,
        "othercomprehensiveincomelosspensionandotherpostretirementbenefitplansadjustmentnetoftax": 32000,
        "othercomprehensiveincomelossnetoftax": 4100000,
        "comprehensiveincomenetoftaxattributabletononcontrollinginterest": 1879000,
        "comprehensiveincomenetoftax": 60362000,
        "amortizationofregulatoryassetliabilities": 10800000,
        "netincomeloss": 60362000
    },
    {
        "date": "2023-03-30",
        "symbol": "ES",
        "period": "Q1",
        "revenues": 50300000,
        "utilitiesoperatingexpensepurchasedpowerpurchasedtransmissionandfuelused": 226685000,
        "utilitiesoperatingexpensemaintenanceandoperations": 67796000,
        "depreciation": 34088000,
        "amortizationofdeferredcharges": -76059000,
        "energyefficiencyprograms": 10226000,
        "taxesexcludingincomeandexcisetaxes": 22105000,
        "operatingexpenses": 355583000,
        "operatingincomeloss": 500000,
        "interestexpense": -32000000,
        "nonoperatingincomeexpense": -550600000,
        "incomelossfromcontinuingoperationsbeforeincometaxesdomestic": 52747000,
        "incometaxexpensebenefit": 12451000,
        "profitloss": 493039000,
        "netincomelossattributabletononcontrollinginterest": 1880000,
        "netincomelossavailabletocommonstockholdersbasic": -518100000,
        "earningspersharebasic": 1.41,
        "earningspersharediluted": 1.41,
        "weightedaveragenumberofsharesoutstandingbasic": 349217147,
        "weightedaveragenumberofdilutedsharesoutstanding": 349612013,
        "netincomeloss": 40296000,
        "othercomprehensiveincomelosscashflowhedgegainlossafterreclassificationandtax": 5000,
        "othercomprehensiveincomelossavailableforsalesecuritiesadjustmentnetoftax": 73000,
        "othercomprehensiveincomelosspensionandotherpostretirementbenefitplansadjustmentnetoftax": 33000,
        "othercomprehensiveincomelossnetoftax": 2000000,
        "comprehensiveincomenetoftaxattributabletononcontrollinginterest": 1880000,
        "comprehensiveincomenetoftax": 40369000,
        "amortizationofregulatoryassetliabilities": 10800000
    },
    {
        "date": "2022-09-29",
        "symbol": "ES",
        "period": "Q3",
        "revenues": 3215645000,
        "utilitiesoperatingexpensepurchasedpowerpurchasedtransmissionandfuelused": 1388041000,
        "utilitiesoperatingexpensemaintenanceandoperations": 454289000,
        "depreciation": 302143000,
        "amortizationofdeferredcharges": 111287000,
        "energyefficiencyprograms": 162545000,
        "taxesexcludingincomeandexcisetaxes": 240047000,
        "operatingexpenses": 2658352000,
        "operatingincomeloss": 557293000,
        "interestexpense": 178174000,
        "nonoperatingincomeexpense": 89831000,
        "incomelossfromcontinuingoperationsbeforeincometaxesdomestic": 468950000,
        "incometaxexpensebenefit": 117661000,
        "netincomeloss": 351289000,
        "netincomelossattributabletononcontrollinginterest": 1880000,
        "netincomelossavailabletocommonstockholdersbasic": 349409000,
        "earningspersharebasic": 1.01,
        "earningspersharediluted": 1,
        "weightedaveragenumberofsharesoutstandingbasic": 347297411,
        "weightedaveragenumberofdilutedsharesoutstanding": 347762693,
        "othercomprehensiveincomelosscashflowhedgegainlossafterreclassificationandtax": 5000,
        "othercomprehensiveincomelossavailableforsalesecuritiesadjustmentnetoftax": -667000,
        "othercomprehensiveincomelosspensionandotherpostretirementbenefitplansadjustmentnetoftax": -2520000,
        "othercomprehensiveincomelossnetoftax": 1858000,
        "comprehensiveincomenetoftaxattributabletononcontrollinginterest": 1880000,
        "comprehensiveincomenetoftax": 351267000,
        "amortizationofregulatoryassetliabilities": -105825000
    },
    {
        "date": "2022-06-29",
        "symbol": "ES",
        "period": "Q2",
        "revenues": 2572641000,
        "utilitiesoperatingexpensepurchasedpowerpurchasedtransmissionandfuelused": 940541000,
        "utilitiesoperatingexpensemaintenanceandoperations": 452174000,
        "depreciation": 294238000,
        "amortizationofdeferredcharges": 70409000,
        "energyefficiencyprograms": 136679000,
        "taxesexcludingincomeandexcisetaxes": 223031000,
        "operatingexpenses": 2117072000,
        "operatingincomeloss": 455569000,
        "interestexpense": 160090000,
        "nonoperatingincomeexpense": 93861000,
        "incomelossfromcontinuingoperationsbeforeincometaxesdomestic": 389340000,
        "incometaxexpensebenefit": 95598000,
        "netincomeloss": 293742000,
        "netincomelossattributabletononcontrollinginterest": 1880000,
        "netincomelossavailabletocommonstockholdersbasic": 291862000,
        "earningspersharebasic": 0.84,
        "earningspersharediluted": 0.84,
        "weightedaveragenumberofsharesoutstandingbasic": 345893714,
        "weightedaveragenumberofdilutedsharesoutstanding": 346295478,
        "othercomprehensiveincomelosscashflowhedgegainlossafterreclassificationandtax": 5000,
        "othercomprehensiveincomelossavailableforsalesecuritiesadjustmentnetoftax": -505000,
        "othercomprehensiveincomelosspensionandotherpostretirementbenefitplansadjustmentnetoftax": 793000,
        "othercomprehensiveincomelossnetoftax": -1293000,
        "comprehensiveincomenetoftaxattributabletononcontrollinginterest": 1880000,
        "comprehensiveincomenetoftax": 290569000,
        "amortizationofregulatoryassetliabilities": -42772000
    },
    {
        "date": "2022-03-30",
        "symbol": "ES",
        "period": "Q1",
        "revenues": 3471310000,
        "utilitiesoperatingexpensepurchasedpowerpurchasedtransmissionandfuelused": 1389696000,
        "utilitiesoperatingexpensemaintenanceandoperations": 472433000,
        "depreciation": 289330000,
        "amortizationofdeferredcharges": 236948000,
        "energyefficiencyprograms": 199484000,
        "taxesexcludingincomeandexcisetaxes": 220364000,
        "operatingexpenses": 2808255000,
        "operatingincomeloss": 663055000,
        "interestexpense": 153245000,
        "nonoperatingincomeexpense": 71561000,
        "incomelossfromcontinuingoperationsbeforeincometaxesdomestic": 581371000,
        "incometaxexpensebenefit": 136045000,
        "netincomeloss": 445326000,
        "netincomelossattributabletononcontrollinginterest": 1880000,
        "netincomelossavailabletocommonstockholdersbasic": 443446000,
        "earningspersharebasic": 1.28,
        "earningspersharediluted": 1.28,
        "weightedaveragenumberofsharesoutstandingbasic": 345156346,
        "weightedaveragenumberofdilutedsharesoutstanding": 345661133,
        "othercomprehensiveincomelosscashflowhedgegainlossafterreclassificationandtax": 5000,
        "othercomprehensiveincomelossavailableforsalesecuritiesadjustmentnetoftax": -817000,
        "othercomprehensiveincomelosspensionandotherpostretirementbenefitplansadjustmentnetoftax": -1516000,
        "othercomprehensiveincomelossnetoftax": 704000,
        "comprehensiveincomenetoftaxattributabletononcontrollinginterest": 1880000,
        "comprehensiveincomenetoftax": 444150000,
        "amortizationofregulatoryassetliabilities": -169749000
    },
    {
        "date": "2021-12-30",
        "symbol": "ES",
        "period": "Q4",
        "revenues": 2481913000,
        "utilitiesoperatingexpensepurchasedpowerpurchasedtransmissionandfuelused": 843127000,
        "utilitiesoperatingexpensemaintenanceandoperations": 473931000,
        "depreciation": 280811000,
        "energyefficiencyprograms": 131961000,
        "taxesexcludingincomeandexcisetaxes": 206161000,
        "operatingexpenses": 2009096000,
        "operatingincomeloss": 472817000,
        "interestexpense": 151171000,
        "nonoperatingincomeexpense": 36694000,
        "incomelossfromcontinuingoperationsbeforeincometaxesdomestic": 358340000,
        "incometaxexpensebenefit": 49763000,
        "netincomeloss": 308577000,
        "netincomelossattributabletononcontrollinginterest": 1879000,
        "netincomelossavailabletocommonstockholdersbasic": 306698000,
        "earningspersharebasic": 0.8899999999999999,
        "earningspersharediluted": 0.8900000000000001,
        "weightedaveragenumberofsharesoutstandingbasic": -687573789,
        "weightedaveragenumberofdilutedsharesoutstanding": -688809111,
        "othercomprehensiveincomelosscashflowhedgegainlossafterreclassificationandtax": 5000,
        "othercomprehensiveincomelossavailableforsalesecuritiesadjustmentnetoftax": -102000,
        "othercomprehensiveincomelosspensionandotherpostretirementbenefitplansadjustmentnetoftax": -29687000,
        "othercomprehensiveincomelossnetoftax": 29590000,
        "comprehensiveincomenetoftaxattributabletononcontrollinginterest": 1879000,
        "comprehensiveincomenetoftax": 336288000
    },
    {
        "date": "2021-09-29",
        "symbol": "ES",
        "period": "Q3",
        "revenues": 2432794000,
        "utilitiesoperatingexpensepurchasedpowerpurchasedtransmissionandfuelused": 880639000,
        "utilitiesoperatingexpensemaintenanceandoperations": 389065000,
        "depreciation": 276846000,
        "amortizationofregulatoryassetliabilities": -28921000,
        "amortizationofdeferredcharges": 45236000,
        "energyefficiencyprograms": 143796000,
        "taxesexcludingincomeandexcisetaxes": 213881000,
        "operatingexpenses": 1949463000,
        "operatingincomeloss": 483331000,
        "interestexpense": 147962000,
        "nonoperatingincomeexpense": 43768000,
        "incomelossfromcontinuingoperationsbeforeincometaxesdomestic": 379137000,
        "incometaxexpensebenefit": 94091000,
        "netincomeloss": 285046000,
        "netincomelossattributabletononcontrollinginterest": 1880000,
        "netincomelossavailabletocommonstockholdersbasic": 283166000,
        "earningspersharebasic": 0.82,
        "earningspersharediluted": 0.82,
        "weightedaveragenumberofsharesoutstandingbasic": 344023846,
        "weightedaveragenumberofdilutedsharesoutstanding": 344669782,
        "othercomprehensiveincomelosscashflowhedgegainlossafterreclassificationandtax": 115000,
        "othercomprehensiveincomelossavailableforsalesecuritiesadjustmentnetoftax": -106000,
        "othercomprehensiveincomelosspensionandotherpostretirementbenefitplansadjustmentnetoftax": -2468000,
        "othercomprehensiveincomelossnetoftax": 2477000,
        "comprehensiveincomenetoftaxattributabletononcontrollinginterest": 1880000,
        "comprehensiveincomenetoftax": 285643000
    },
    {
        "date": "2021-06-29",
        "symbol": "ES",
        "period": "Q2",
        "revenues": 2122538000,
        "utilitiesoperatingexpensepurchasedpowerpurchasedtransmissionandfuelused": 650087000,
        "utilitiesoperatingexpensemaintenanceandoperations": 411147000,
        "depreciation": 274647000,
        "amortizationofregulatoryassetliabilities": 15059000,
        "amortizationofdeferredcharges": 5611000,
        "energyefficiencyprograms": 128955000,
        "taxesexcludingincomeandexcisetaxes": 200486000,
        "operatingexpenses": 1670933000,
        "operatingincomeloss": 451605000,
        "interestexpense": 145435000,
        "nonoperatingincomeexpense": 46619000,
        "incomelossfromcontinuingoperationsbeforeincometaxesdomestic": 352789000,
        "incometaxexpensebenefit": 86389000,
        "netincomeloss": 266400000,
        "netincomelossattributabletononcontrollinginterest": 1880000,
        "netincomelossavailabletocommonstockholdersbasic": 264520000,
        "earningspersharebasic": 0.77,
        "earningspersharediluted": 0.77,
        "weightedaveragenumberofsharesoutstandingbasic": 343844626,
        "weightedaveragenumberofdilutedsharesoutstanding": 344435696,
        "othercomprehensiveincomelosscashflowhedgegainlossafterreclassificationandtax": 445000,
        "othercomprehensiveincomelossavailableforsalesecuritiesadjustmentnetoftax": 273000,
        "othercomprehensiveincomelosspensionandotherpostretirementbenefitplansadjustmentnetoftax": -163000,
        "othercomprehensiveincomelossnetoftax": 881000,
        "comprehensiveincomenetoftaxattributabletononcontrollinginterest": 1880000,
        "comprehensiveincomenetoftax": 265401000
    },
    {
        "date": "2021-03-30",
        "symbol": "ES",
        "period": "Q1",
        "revenues": 2825840000,
        "utilitiesoperatingexpensepurchasedpowerpurchasedtransmissionandfuelused": 998491000,
        "utilitiesoperatingexpensemaintenanceandoperations": 465542000,
        "depreciation": 270704000,
        "amortizationofregulatoryasset": 62775000,
        "amortizationofdeferredcharges": 108013000,
        "energyefficiencyprograms": 188063000,
        "taxesexcludingincomeandexcisetaxes": 209459000,
        "operatingexpenses": 2240272000,
        "operatingincomeloss": 585568000,
        "interestexpense": 137766000,
        "nonoperatingincomeexpense": 34201000,
        "incomelossfromcontinuingoperationsbeforeincometaxesdomestic": 482003000,
        "incometaxexpensebenefit": 113980000,
        "netincomeloss": 368023000,
        "netincomelossattributabletononcontrollinginterest": 1880000,
        "netincomelossavailabletocommonstockholdersbasic": 366143000,
        "earningspersharebasic": 1.07,
        "earningspersharediluted": 1.06,
        "weightedaveragenumberofsharesoutstandingbasic": 343678243,
        "weightedaveragenumberofdilutedsharesoutstanding": 344334689,
        "othercomprehensiveincomelosscashflowhedgegainlossafterreclassificationandtax": 407000,
        "othercomprehensiveincomelossavailableforsalesecuritiesadjustmentnetoftax": -736000,
        "othercomprehensiveincomelosspensionandotherpostretirementbenefitplansadjustmentnetoftax": -1517000,
        "othercomprehensiveincomelossnetoftax": 1188000,
        "comprehensiveincomenetoftaxattributabletononcontrollinginterest": 1880000,
        "comprehensiveincomenetoftax": 367331000
    },
    {
        "date": "2020-12-30",
        "symbol": "ES",
        "period": "Q4",
        "revenues": 2233934000,
        "utilitiesoperatingexpensepurchasedpowerpurchasedtransmissionandfuelused": 674884000,
        "utilitiesoperatingexpensemaintenanceandoperations": 474104000,
        "depreciation": 260200000,
        "energyefficiencyprograms": 126966000,
        "taxesexcludingincomeandexcisetaxes": 196060000,
        "operatingexpenses": 1779205000,
        "operatingincomeloss": 454729000,
        "interestexpense": 135386000,
        "nonoperatingincomeexpense": 25025000,
        "incomelossfromcontinuingoperationsbeforeincometaxesdomestic": 344368000,
        "incometaxexpensebenefit": 70567000,
        "netincomeloss": 273801000,
        "netincomelossattributabletononcontrollinginterest": 1879000,
        "netincomelossavailabletocommonstockholdersbasic": 271922000,
        "weightedaveragenumberofsharesoutstandingbasic": -673289367,
        "weightedaveragenumberofdilutedsharesoutstanding": -675425342,
        "othercomprehensiveincomelosscashflowhedgegainlossafterreclassificationandtax": 378000,
        "othercomprehensiveincomelossavailableforsalesecuritiesadjustmentnetoftax": 47000,
        "othercomprehensiveincomelosspensionandotherpostretirementbenefitplansadjustmentnetoftax": 16439000,
        "othercomprehensiveincomelossnetoftax": -16014000,
        "comprehensiveincomenetoftaxattributabletononcontrollinginterest": 1879000,
        "comprehensiveincomenetoftax": 255908000
    },
    {
        "date": "2020-09-29",
        "symbol": "ES",
        "period": "Q3",
        "netincomeloss": 348140000,
        "othercomprehensiveincomelosscashflowhedgegainlossafterreclassificationandtax": 602000,
        "othercomprehensiveincomelossavailableforsalesecuritiesadjustmentnetoftax": -134000,
        "othercomprehensiveincomelosspensionandotherpostretirementbenefitplansadjustmentnetoftax": -1693000,
        "othercomprehensiveincomelossnetoftax": 2161000,
        "comprehensiveincomenetoftaxattributabletononcontrollinginterest": 1880000,
        "comprehensiveincomenetoftax": 348421000,
        "revenues": 2343642000,
        "utilitiesoperatingexpensepurchasedpowerpurchasedtransmissionandfuelused": 806254000,
        "utilitiesoperatingexpensemaintenanceandoperations": 332031000,
        "depreciation": 244453000,
        "amortizationofregulatoryasset": 36365000,
        "amortizationofdeferredcharges": 57515000,
        "energyefficiencyprograms": 145047000,
        "taxesexcludingincomeandexcisetaxes": 197112000,
        "operatingexpenses": 1782412000,
        "operatingincomeloss": 561230000,
        "interestexpense": 134066000,
        "nonoperatingincomeexpense": 29218000,
        "incomelossfromcontinuingoperationsbeforeincometaxesdomestic": 456382000,
        "incometaxexpensebenefit": 108242000,
        "netincomelossattributabletononcontrollinginterest": 1880000,
        "netincomelossavailabletocommonstockholdersbasic": 346260000,
        "earningspersharebasic": 1.01,
        "earningspersharediluted": 1.01,
        "weightedaveragenumberofsharesoutstandingbasic": 343076614,
        "weightedaveragenumberofdilutedsharesoutstanding": 343773602
    },
    {
        "date": "2020-06-29",
        "symbol": "ES",
        "period": "Q2",
        "netincomeloss": 254112000,
        "othercomprehensiveincomelosscashflowhedgegainlossafterreclassificationandtax": 387000,
        "othercomprehensiveincomelossavailableforsalesecuritiesadjustmentnetoftax": 269000,
        "othercomprehensiveincomelosspensionandotherpostretirementbenefitplansadjustmentnetoftax": 103000,
        "othercomprehensiveincomelossnetoftax": 553000,
        "comprehensiveincomenetoftaxattributabletononcontrollinginterest": 1880000,
        "comprehensiveincomenetoftax": 252785000,
        "revenues": 1953128000,
        "utilitiesoperatingexpensepurchasedpowerpurchasedtransmissionandfuelused": 630132000,
        "utilitiesoperatingexpensemaintenanceandoperations": 332055000,
        "depreciation": 240516000,
        "amortizationofregulatoryasset": -5698000,
        "amortizationofdeferredcharges": 23397000,
        "energyefficiencyprograms": 115354000,
        "taxesexcludingincomeandexcisetaxes": 178019000,
        "operatingexpenses": 1519473000,
        "operatingincomeloss": 433655000,
        "interestexpense": 134285000,
        "nonoperatingincomeexpense": 30243000,
        "incomelossfromcontinuingoperationsbeforeincometaxesdomestic": 329613000,
        "incometaxexpensebenefit": 75501000,
        "netincomelossattributabletononcontrollinginterest": 1880000,
        "netincomelossavailabletocommonstockholdersbasic": 252232000,
        "earningspersharebasicanddiluted": 0.75,
        "weightedaveragenumberofsharesoutstandingbasic": 337946663,
        "weightedaveragenumberofdilutedsharesoutstanding": 338561649
    },
    {
        "date": "2020-03-30",
        "symbol": "ES",
        "period": "Q1",
        "netincomeloss": 336633000,
        "othercomprehensiveincomelosscashflowhedgegainlossafterreclassificationandtax": 229000,
        "othercomprehensiveincomelossavailableforsalesecuritiesadjustmentnetoftax": 160000,
        "othercomprehensiveincomelosspensionandotherpostretirementbenefitplansadjustmentnetoftax": -1559000,
        "othercomprehensiveincomelossnetoftax": 1948000,
        "comprehensiveincomenetoftaxattributabletononcontrollinginterest": 1880000,
        "comprehensiveincomenetoftax": 336701000,
        "revenues": 2373726000,
        "utilitiesoperatingexpensepurchasedpowerpurchasedtransmissionandfuelused": 876570000,
        "utilitiesoperatingexpensemaintenanceandoperations": 342062000,
        "depreciation": 236211000,
        "amortizationofregulatoryasset": 6548000,
        "amortizationofdeferredcharges": 49776000,
        "energyefficiencyprograms": 148393000,
        "taxesexcludingincomeandexcisetaxes": 181594000,
        "operatingexpenses": 1834606000,
        "operatingincomeloss": 539120000,
        "interestexpense": 134715000,
        "nonoperatingincomeexpense": 24104000,
        "incomelossfromcontinuingoperationsbeforeincometaxesdomestic": 428509000,
        "incometaxexpensebenefit": 91876000,
        "netincomelossattributabletononcontrollinginterest": 1880000,
        "netincomelossavailabletocommonstockholdersbasic": 334753000,
        "earningspersharebasicanddiluted": 1.01,
        "weightedaveragenumberofsharesoutstandingbasic": 331102237,
        "weightedaveragenumberofdilutedsharesoutstanding": 332937153
    },
    {
        "date": "2019-12-30",
        "symbol": "ES",
        "period": "Q4",
        "netincomeloss": 251917000,
        "othercomprehensiveincomelossavailableforsalesecuritiesadjustmentnetoftax": -102000,
        "othercomprehensiveincomelosspensionandotherpostretirementbenefitplansadjustmentnetoftax": 13388000,
        "othercomprehensiveincomelossnetoftax": -13042000,
        "comprehensiveincomenetoftaxattributabletononcontrollinginterest": 1880000,
        "comprehensiveincomenetoftax": 236995000,
        "revenues": 2050386000,
        "utilitiesoperatingexpensepurchasedpowerpurchasedtransmissionandfuelused": 714119000,
        "utilitiesoperatingexpensemaintenanceandoperations": 368453000,
        "depreciation": 228646000,
        "energyefficiencyprograms": 118584000,
        "taxesexcludingincomeandexcisetaxes": 173399000,
        "operatingexpenses": 1614821000,
        "operatingincomeloss": 435565000,
        "interestexpense": 133543000,
        "nonoperatingincomeexpense": 28959000,
        "incomelossfromcontinuingoperationsbeforeincometaxesdomestic": 330981000,
        "incometaxexpensebenefit": 79064000,
        "netincomelossattributabletononcontrollinginterest": 1880000,
        "netincomelossavailabletocommonstockholdersbasic": 250037000,
        "weightedaveragenumberofsharesoutstandingbasic": 973833,
        "weightedaveragenumberofdilutedsharesoutstanding": 1370710
    },
    {
        "date": "2019-09-29",
        "symbol": "ES",
        "period": "Q3",
        "netincomeloss": 520850000,
        "othercomprehensiveincomelosscashflowhedgegainlossafterreclassificationandtax": 689000,
        "othercomprehensiveincomelossavailableforsalesecuritiesadjustmentnetoftax": 801000,
        "othercomprehensiveincomelosspensionandotherpostretirementbenefitplansadjustmentnetoftax": -2312000,
        "othercomprehensiveincomelossnetoftax": 3120000,
        "comprehensiveincomenetoftaxattributabletononcontrollinginterest": 1879000,
        "comprehensiveincomenetoftax": 520894000,
        "revenues": 4587789000,
        "utilitiesoperatingexpensepurchasedpowerpurchasedtransmissionandfuelused": 1385304000,
        "utilitiesoperatingexpensemaintenanceandoperations": 536013000,
        "depreciation": 364259000,
        "amortizationofregulatoryasset": 30406000,
        "energyefficiencyprograms": 250960000,
        "taxesexcludingincomeandexcisetaxes": 264553000,
        "operatingexpenses": 2910233000,
        "operatingincomeloss": 832110000,
        "interestexpense": 231168000,
        "nonoperatingincomeexpense": 54072000,
        "incomelossfromcontinuingoperationsbeforeincometaxesdomestic": 655014000,
        "incometaxexpensebenefit": 134164000,
        "netincomelossattributabletononcontrollinginterest": 1879000,
        "netincomelossavailabletocommonstockholdersbasic": 318862000,
        "earningspersharebasicanddiluted": 0.99,
        "weightedaveragenumberofsharesoutstandingbasic": -316847338,
        "weightedaveragenumberofdilutedsharesoutstanding": -317133646
    },
    {
        "date": "2019-06-29",
        "symbol": "ES",
        "period": "Q2",
        "netincomeloss": 33334000,
        "othercomprehensiveincomelosscashflowhedgegainlossafterreclassificationandtax": 262000,
        "othercomprehensiveincomelossavailableforsalesecuritiesadjustmentnetoftax": 444000,
        "othercomprehensiveincomelosspensionandotherpostretirementbenefitplansadjustmentnetoftax": -3457000,
        "othercomprehensiveincomelossnetoftax": 4163000,
        "comprehensiveincomenetoftaxattributabletononcontrollinginterest": 1880000,
        "comprehensiveincomenetoftax": 35617000,
        "revenues": 1884495000,
        "utilitiesoperatingexpensepurchasedpowerpurchasedtransmissionandfuelused": 620904000,
        "utilitiesoperatingexpensemaintenanceandoperations": 328010000,
        "depreciation": 219084000,
        "amortizationofdeferredcharges": 38945000,
        "amortizationofregulatoryasset": 12376000,
        "energyefficiencyprograms": 105837000,
        "taxesexcludingincomeandexcisetaxes": 181083000,
        "tangibleassetimpairmentcharges": 239644000,
        "operatingexpenses": 1733507000,
        "operatingincomeloss": 150988000,
        "interestexpense": 132705000,
        "nonoperatingincomeexpense": 45866000,
        "incomelossfromcontinuingoperationsbeforeincometaxesdomestic": 64149000,
        "incometaxexpensebenefit": 30815000,
        "netincomelossattributabletononcontrollinginterest": 1880000,
        "netincomelossavailabletocommonstockholdersbasic": 31454000,
        "earningspersharebasicanddiluted": 0.1,
        "weightedaveragenumberofsharesoutstandingbasic": 319664998,
        "weightedaveragenumberofdilutedsharesoutstanding": 320388490
    },
    {
        "date": "2019-03-30",
        "symbol": "ES",
        "period": "Q1",
        "netincomeloss": 110471000,
        "othercomprehensiveincomelosscashflowhedgegainlossafterreclassificationandtax": -6000,
        "othercomprehensiveincomelossavailableforsalesecuritiesadjustmentnetoftax": 23000,
        "othercomprehensiveincomelosspensionandotherpostretirementbenefitplansadjustmentnetoftax": -1000,
        "othercomprehensiveincomelossnetoftax": 700000,
        "comprehensiveincomenetoftaxattributabletononcontrollinginterest": 1880000,
        "comprehensiveincomenetoftax": 110488000,
        "revenues": 3800000,
        "utilitiesoperatingexpensepurchasedpowerpurchasedtransmissionandfuelused": 319833000,
        "utilitiesoperatingexpensemaintenanceandoperations": 130637000,
        "depreciation": 73289000,
        "amortizationofregulatoryassetliability": 13667000,
        "amortizationofregulatoryasset": 35671000,
        "energyefficiencyprograms": 25988000,
        "taxesexcludingincomeandexcisetaxes": 92000000,
        "operatingexpenses": 677418000,
        "operatingincomeloss": 171828000,
        "interestexpense": 35781000,
        "nonoperatingincomeexpense": 3880000,
        "incomelossfromcontinuingoperationsbeforeincometaxesdomestic": 139927000,
        "incometaxexpensebenefit": 29456000,
        "netincomelossattributabletononcontrollinginterest": 1880000,
        "netincomelossavailabletocommonstockholdersbasic": 308700000,
        "earningspersharebasicanddiluted": 0.97,
        "weightedaveragenumberofsharesoutstandingbasic": 317624593,
        "weightedaveragenumberofdilutedsharesoutstanding": 318316082
    },
    {
        "date": "2018-12-30",
        "symbol": "ES",
        "period": "Q4",
        "netincomeloss": 741909000,
        "othercomprehensiveincomelossderivativesqualifyingashedgesnetoftax": 1698000,
        "othercomprehensiveincomelossavailableforsalesecuritiesadjustmentnetoftax": -526000,
        "othercomprehensiveincomelosspensionandotherpostretirementbenefitplansadjustmentnetoftax": -5191000,
        "othercomprehensiveincomelossnetoftax": 3106000,
        "comprehensiveincomenetoftaxattributabletononcontrollinginterest": 1879000,
        "comprehensiveincomenetoftax": 740756000,
        "revenues": 482900000,
        "utilitiesoperatingexpensemaintenanceandoperations": -362052000,
        "depreciation": 69659000,
        "energyefficiencyprograms": 22371000,
        "taxesexcludingincomeandexcisetaxes": 89485000,
        "operatingexpenses": 608439000,
        "operatingincomeloss": 2600000,
        "interestexpense": 16194000,
        "nonoperatingincomeexpense": -1200000,
        "incomelossfromcontinuingoperationsbeforeincometaxesdomestic": 579623000,
        "incometaxexpensebenefit": -103010000,
        "netincomelossattributabletononcontrollinginterest": -2740000,
        "netincomelossavailabletocommonstockholdersbasic": -28100000,
        "weightedaveragenumberofsharesoutstandingbasic": -634731389,
        "weightedaveragenumberofdilutedsharesoutstanding": -635851563
    },
    {
        "date": "2018-09-29",
        "symbol": "ES",
        "period": "Q3",
        "netincomeloss": 100330000,
        "othercomprehensiveincomelossderivativesqualifyingashedgesnetoftax": -7000,
        "othercomprehensiveincomelossavailableforsalesecuritiesadjustmentnetoftax": -5000,
        "othercomprehensiveincomelosspensionandotherpostretirementbenefitplansadjustmentnetoftax": -1000,
        "othercomprehensiveincomelossnetoftax": -12000,
        "comprehensiveincomenetoftaxattributabletononcontrollinginterest": 1880000,
        "comprehensiveincomenetoftax": 100318000,
        "revenues": 5500000,
        "utilitiesoperatingexpensepurchasedpowerpurchasedtransmissionandfuelused": 314571000,
        "utilitiesoperatingexpensemaintenanceandoperations": 128523000,
        "depreciation": 72017000,
        "amortizationofregulatoryasset": 54031000,
        "amortizationadjustmentofregulatoryassetliability": 27357000,
        "energyefficiencyprograms": 30240000,
        "taxesexcludingincomeandexcisetaxes": 92987000,
        "operatingexpenses": 692369000,
        "operatingincomeloss": 26300000,
        "interestexpense": 37609000,
        "nonoperatingincomeexpense": 5000000,
        "incomelossfromcontinuingoperationsbeforeincometaxesdomestic": 142148000,
        "incometaxexpensebenefit": 41818000,
        "netincomelossattributabletononcontrollinginterest": 1880000,
        "netincomelossavailabletocommonstockholdersbasic": 17600000,
        "earningspersharebasic": 0.91,
        "earningspersharediluted": 0.91,
        "commonstockdividendspersharedeclared": 0.51,
        "weightedaveragenumberofsharesoutstandingbasic": 317360110,
        "weightedaveragenumberofdilutedsharesoutstanding": 317967311
    },
    {
        "date": "2018-06-29",
        "symbol": "ES",
        "period": "Q2",
        "netincomeloss": 99712000,
        "othercomprehensiveincomelossderivativesqualifyingashedgesnetoftax": 13000,
        "othercomprehensiveincomelossavailableforsalesecuritiesadjustmentnetoftax": -4000,
        "othercomprehensiveincomelosspensionandotherpostretirementbenefitplansadjustmentnetoftax": -1000,
        "othercomprehensiveincomelossnetoftax": 9000,
        "comprehensiveincomenetoftaxattributabletononcontrollinginterest": 1880000,
        "comprehensiveincomenetoftax": 99721000,
        "revenues": 5200000,
        "utilitiesoperatingexpensepurchasedpowerpurchasedtransmissionandfuelused": 234335000,
        "utilitiesoperatingexpensemaintenanceandoperations": 109685000,
        "depreciation": 69383000,
        "amortizationofregulatoryasset": 15400000,
        "amortizationadjustmentofregulatoryassetliability": 8926000,
        "energyefficiencyprograms": 18606000,
        "taxesexcludingincomeandexcisetaxes": 84375000,
        "operatingexpenses": 531784000,
        "operatingincomeloss": 16800000,
        "interestexpense": 38674000,
        "nonoperatingincomeexpense": 1900000,
        "incomelossfromcontinuingoperationsbeforeincometaxesdomestic": 131497000,
        "incometaxexpensebenefit": 31785000,
        "netincomelossattributabletononcontrollinginterest": 1880000,
        "netincomelossavailabletocommonstockholdersbasic": 7200000,
        "earningspersharebasicanddiluted": 0.76,
        "commonstockdividendspersharedeclared": 0.51,
        "weightedaveragenumberofsharesoutstandingbasic": 317344596,
        "weightedaveragenumberofdilutedsharesoutstanding": 317885187
    },
    {
        "date": "2018-03-30",
        "symbol": "ES",
        "period": "Q1",
        "netincomeloss": 98568000,
        "othercomprehensiveincomelosspensionandotherpostretirementbenefitplansadjustmentnetoftax": -1000,
        "othercomprehensiveincomelossderivativesqualifyingashedgesnetoftax": 52000,
        "othercomprehensiveincomelossavailableforsalesecuritiesadjustmentnetoftax": -12000,
        "othercomprehensiveincomelossnetoftax": 3300000,
        "comprehensiveincomenetoftaxattributabletononcontrollinginterest": 1880000,
        "comprehensiveincomenetoftax": 98608000,
        "revenues": -472000000,
        "costofpurchasedpower": 301889000,
        "utilitiesoperatingexpensemaintenanceandoperations": 117292000,
        "depreciation": 67498000,
        "amortizationofregulatoryasset": 28006000,
        "energyefficiencyprograms": 22760000,
        "taxesexcludingincomeandexcisetaxes": 90300000,
        "operatingexpenses": 627745000,
        "operatingincomeloss": 10000000,
        "interestexpense": 36823000,
        "nonoperatingincomeexpense": -600000,
        "incomelossfromcontinuingoperationsbeforeincometaxesdomestic": 126975000,
        "incometaxexpensebenefit": 28407000,
        "netincomelossattributabletononcontrollinginterest": 1880000,
        "netincomelossavailabletocommonstockholdersbasic": 1500000,
        "earningspersharebasicanddiluted": 0.85,
        "commonstockdividendspersharedeclared": 0.51,
        "weightedaveragenumberofsharesoutstandingbasic": 317397052,
        "weightedaveragenumberofdilutedsharesoutstanding": 317992999
    },
    {
        "date": "2017-12-30",
        "symbol": "ES",
        "period": "Q4",
        "netincomeloss": 943069000,
        "othercomprehensiveincomelossderivativesqualifyingashedgesnetoftax": 1646000,
        "othercomprehensiveincomelossavailableforsalesecuritiesadjustmentnetoftax": -357000,
        "othercomprehensiveincomelosspensionandotherpostretirementbenefitplansadjustmentnetoftax": -2757000,
        "othercomprehensiveincomelossnetoftax": -3031000,
        "comprehensiveincomenetoftaxattributabletononcontrollinginterest": 1879000,
        "comprehensiveincomenetoftax": 934094000,
        "revenues": 331700000,
        "costofpurchasedpower": 821227000,
        "utilitiesoperatingexpensemaintenanceandoperations": -97958000,
        "depreciation": 212508000,
        "amortizationofregulatoryassetliability": -16014000,
        "energyefficiencyprograms": 84974000,
        "taxesexcludingincomeandexcisetaxes": 292483000,
        "operatingexpenses": 1929510000,
        "operatingincomeloss": 174700000,
        "interestexpense": 28900000,
        "nonoperatingincomeexpense": 993102000,
        "incomelossfromcontinuingoperationsbeforeincometaxesdomestic": 880765000,
        "incometaxexpensebenefit": -35980000,
        "netincomelossattributabletononcontrollinginterest": -2740000,
        "netincomelossavailabletocommonstockholdersbasic": -291600000,
        "weightedaveragenumberofsharesoutstandingbasic": -634836448,
        "weightedaveragenumberofdilutedsharesoutstanding": -635989546
    },
    {
        "date": "2017-09-29",
        "symbol": "ES",
        "period": "Q3",
        "netincomeloss": 17607000,
        "othercomprehensiveincomelossderivativesqualifyingashedgesnetoftax": 109000,
        "othercomprehensiveincomelossavailableforsalesecuritiesadjustmentnetoftax": -18000,
        "othercomprehensiveincomelosspensionandotherpostretirementbenefitplansadjustmentnetoftax": 4000,
        "othercomprehensiveincomelossnetoftax": 91000,
        "comprehensiveincomenetoftaxattributabletononcontrollinginterest": 1880000,
        "comprehensiveincomenetoftax": 17698000,
        "revenues": 328500000,
        "costofpurchasedpower": 34828000,
        "utilitiesoperatingexpensemaintenanceandoperations": 21528000,
        "depreciation": 12546000,
        "amortizationofregulatoryasset": 34574000,
        "amortizationofregulatoryassetliability": 286000,
        "energyefficiencyprograms": 10996000,
        "taxesexcludingincomeandexcisetaxes": 10779000,
        "operatingexpenses": 90963000,
        "operatingincomeloss": 180400000,
        "interestexpense": 29200000,
        "nonoperatingincomeexpense": 5100000,
        "incomelossfromcontinuingoperationsbeforeincometaxesdomestic": 30111000,
        "incometaxexpensebenefit": 12504000,
        "netincomelossattributabletononcontrollinginterest": 1880000,
        "netincomelossavailabletocommonstockholdersbasic": 99000000,
        "earningspersharebasicanddiluted": 0.82,
        "commonstockdividendspersharedeclared": 0.48,
        "weightedaveragenumberofsharesoutstandingbasic": 317393029,
        "weightedaveragenumberofdilutedsharesoutstanding": 317949396
    },
    {
        "date": "2017-06-29",
        "symbol": "ES",
        "period": "Q2",
        "netincomeloss": 17621000,
        "othercomprehensiveincomelossderivativesqualifyingashedgesnetoftax": 110000,
        "othercomprehensiveincomelossavailableforsalesecuritiesadjustmentnetoftax": 9000,
        "othercomprehensiveincomelosspensionandotherpostretirementbenefitplansadjustmentnetoftax": 4000,
        "othercomprehensiveincomelossnetoftax": 119000,
        "comprehensiveincomenetoftaxattributabletononcontrollinginterest": 1880000,
        "comprehensiveincomenetoftax": 17740000,
        "revenues": 324600000,
        "costofpurchasedpower": 33858000,
        "utilitiesoperatingexpensemaintenanceandoperations": 21743000,
        "depreciation": 12296000,
        "amortizationofregulatoryassetliability": -361000,
        "energyefficiencyprograms": 8079000,
        "taxesexcludingincomeandexcisetaxes": 10197000,
        "operatingexpenses": 85812000,
        "operatingincomeloss": 178300000,
        "interestexpense": 28900000,
        "nonoperatingincomeexpense": 13300000,
        "incomelossfromcontinuingoperationsbeforeincometaxesdomestic": 29022000,
        "incometaxexpensebenefit": 11401000,
        "netincomelossattributabletononcontrollinginterest": 1880000,
        "netincomelossavailabletocommonstockholdersbasic": 96400000,
        "earningspersharebasicanddiluted": 0.72,
        "commonstockdividendspersharedeclared": 0.48,
        "weightedaveragenumberofsharesoutstandingbasic": 317391365,
        "weightedaveragenumberofdilutedsharesoutstanding": 317947194
    },
    {
        "date": "2017-03-30",
        "symbol": "ES",
        "period": "Q1",
        "netincomeloss": 17218000,
        "othercomprehensiveincomelossderivativesqualifyingashedgesnetoftax": 109000,
        "othercomprehensiveincomelossavailableforsalesecuritiesadjustmentnetoftax": 16000,
        "othercomprehensiveincomelosspensionandotherpostretirementbenefitplansadjustmentnetoftax": 4000,
        "othercomprehensiveincomelossnetoftax": 1700000,
        "comprehensiveincomenetoftaxattributabletononcontrollinginterest": 1880000,
        "comprehensiveincomenetoftax": 17343000,
        "revenues": 316900000,
        "costofpurchasedpower": 40867000,
        "utilitiesoperatingexpensemaintenanceandoperations": 22498000,
        "depreciation": 12002000,
        "amortizationofregulatoryasset": 12803000,
        "amortizationofregulatoryassetliability": -488000,
        "energyefficiencyprograms": 10664000,
        "taxesexcludingincomeandexcisetaxes": 10428000,
        "operatingexpenses": 95971000,
        "operatingincomeloss": 176300000,
        "interestexpense": 28100000,
        "nonoperatingincomeexpense": 4900000,
        "incomelossfromcontinuingoperationsbeforeincometaxesdomestic": 27993000,
        "incometaxexpensebenefit": 10775000,
        "netincomelossattributabletononcontrollinginterest": 1880000,
        "netincomelossavailabletocommonstockholdersbasic": 94200000,
        "commonstockdividendspersharedeclared": 0.48,
        "weightedaveragenumberofsharesoutstandingbasic": 317463151,
        "weightedaveragenumberofdilutedsharesoutstanding": 318124536
    },
    {
        "date": "2016-09-29",
        "symbol": "ES",
        "period": "Q3",
        "netincomeloss": 16011000,
        "othercomprehensiveincomelossderivativesqualifyingashedgesnetoftax": 109000,
        "othercomprehensiveincomelossavailableforsalesecuritiesadjustmentnetoftax": 9000,
        "othercomprehensiveincomelosspensionandotherpostretirementbenefitplansadjustmentnetoftax": 10000,
        "othercomprehensiveincomelossnetoftax": 118000,
        "comprehensiveincomenetoftaxattributabletononcontrollinginterest": 1880000,
        "comprehensiveincomenetoftax": 16129000,
        "revenues": 306800000,
        "costofpurchasedpower": 32178000,
        "utilitiesoperatingexpensemaintenanceandoperations": 24125000,
        "depreciation": 11567000,
        "amortizationofregulatoryasset": 1102000,
        "energyefficiencyprograms": 12389000,
        "taxesexcludingincomeandexcisetaxes": 10609000,
        "operatingexpenses": 91970000,
        "operatingincomeloss": 169500000,
        "interestexpense": 26900000,
        "nonoperatingincomeexpense": 6300000,
        "incomelossfromcontinuingoperationsbeforeincometaxesdomestic": 26029000,
        "incometaxexpensebenefit": 10018000,
        "netincomelossattributabletononcontrollinginterest": 1900000,
        "netincomelossavailabletocommonstockholdersbasic": 88400000,
        "earningspersharebasic": 0.83,
        "earningspersharediluted": 0.83,
        "commonstockdividendspersharedeclared": 0.45,
        "weightedaveragenumberofsharesoutstandingbasic": 317787836,
        "weightedaveragenumberofdilutedsharesoutstanding": 318577079
    },
    {
        "date": "2016-06-29",
        "symbol": "ES",
        "period": "Q2",
        "revenues": 1767200000,
        "costofpurchasedpower": 32665000,
        "utilitiesoperatingexpensemaintenanceandoperations": 22088000,
        "depreciation": 11476000,
        "amortizationofregulatoryasset": 992000,
        "energyefficiencyprograms": 10347000,
        "taxesexcludingincomeandexcisetaxes": 9600000,
        "operatingexpenses": 87168000,
        "operatingincomeloss": 423400000,
        "interestexpense": 100500000,
        "nonoperatingincomeexpense": 8100000,
        "incomelossfromcontinuingoperationsbeforeincometaxesdomestic": 23260000,
        "incometaxexpensebenefit": 9995000,
        "netincomeloss": 13265000,
        "netincomelossattributabletononcontrollinginterest": 1880000,
        "netincomelossavailabletocommonstockholdersbasic": 203600000,
        "earningspersharebasicanddiluted": 0.64,
        "commonstockdividendspersharedeclared": 0.45,
        "weightedaveragenumberofsharesoutstandingbasic": 317785495,
        "weightedaveragenumberofdilutedsharesoutstanding": 318476699,
        "othercomprehensiveincomelossderivativesqualifyingashedgesnetoftax": 110000,
        "othercomprehensiveincomelossavailableforsalesecuritiesadjustmentnetoftax": 10000,
        "othercomprehensiveincomelosspensionandotherpostretirementbenefitplansadjustmentnetoftax": -11000,
        "othercomprehensiveincomelossnetoftax": 120000,
        "comprehensiveincomenetoftaxattributabletononcontrollinginterest": 1880000,
        "comprehensiveincomenetoftax": 13385000
    },
    {
        "date": "2016-03-30",
        "symbol": "ES",
        "period": "Q1",
        "revenues": 2055600000,
        "costofpurchasedpower": 39563000,
        "utilitiesoperatingexpensemaintenanceandoperations": 21805000,
        "depreciation": 11371000,
        "amortizationofregulatoryasset": 1212000,
        "energyefficiencyprograms": 10856000,
        "taxesexcludingincomeandexcisetaxes": 10232000,
        "operatingexpenses": 95039000,
        "operatingincomeloss": 488500000,
        "interestexpense": 98200000,
        "nonoperatingincomeexpense": 2000000,
        "incomelossfromcontinuingoperationsbeforeincometaxesdomestic": 26903000,
        "incometaxexpensebenefit": 10076000,
        "netincomeloss": 16827000,
        "netincomelossattributabletononcontrollinginterest": 1880000,
        "netincomelossavailabletocommonstockholdersbasic": 244200000,
        "earningspersharebasicanddiluted": 0.77,
        "commonstockdividendspersharedeclared": 0.45,
        "weightedaveragenumberofsharesoutstandingbasic": 317517141,
        "weightedaveragenumberofdilutedsharesoutstanding": 318481050,
        "othercomprehensiveincomelossderivativesqualifyingashedgesnetoftax": 109000,
        "othercomprehensiveincomelossavailableforsalesecuritiesadjustmentnetoftax": 3000,
        "othercomprehensiveincomelosspensionandotherpostretirementbenefitplansadjustmentnetoftax": -10000,
        "othercomprehensiveincomelossnetoftax": 900000,
        "comprehensiveincomenetoftaxattributabletononcontrollinginterest": 1880000,
        "comprehensiveincomenetoftax": 16939000
    },
    {
        "date": "2015-09-29",
        "symbol": "ES",
        "period": "Q3",
        "costofpurchasedpower": 36465000,
        "utilitiesoperatingexpensemaintenanceandoperations": 21762000,
        "depreciation": 11196000,
        "amortizationofregulatoryasset": 3930000,
        "energyefficiencyprograms": 12107000,
        "taxesexcludingincomeandexcisetaxes": 9599000,
        "operatingexpenses": 95059000,
        "weightedaveragenumberofsharesoutstandingbasic": 317452212,
        "weightedaveragenumberofdilutedsharesoutstanding": 318405269,
        "revenues": 1933100000,
        "operatingincomeloss": 469200000,
        "interestexpense": 92500000,
        "nonoperatingincomeexpense": 5200000,
        "incomelossfromcontinuingoperationsbeforeincometaxesdomestic": 24720000,
        "incometaxexpensebenefit": 9749000,
        "netincomeloss": 14971000,
        "netincomelossattributabletononcontrollinginterest": 1879000,
        "netincomelossavailabletocommonstockholdersbasic": 235900000,
        "earningspersharebasic": 0.74,
        "earningspersharediluted": 0.74,
        "commonstockdividendspersharedeclared": 0.42,
        "othercomprehensiveincomelossderivativesqualifyingashedgesnetoftax": 101000,
        "othercomprehensiveincomelossavailableforsalesecuritiesadjustmentnetoftax": -27000,
        "othercomprehensiveincomelosspensionandotherpostretirementbenefitplansadjustmentnetoftax": -2000,
        "othercomprehensiveincomelossnetoftax": 74000,
        "comprehensiveincomenetoftaxattributabletononcontrollinginterest": 1879000,
        "comprehensiveincomenetoftax": 15045000
    },
    {
        "date": "2015-06-29",
        "symbol": "ES",
        "period": "Q2",
        "costofpurchasedpower": 43055000,
        "utilitiesoperatingexpensemaintenanceandoperations": 20104000,
        "depreciation": 10848000,
        "amortizationofregulatoryasset": 3336000,
        "energyefficiencyprograms": 9519000,
        "taxesexcludingincomeandexcisetaxes": 9398000,
        "operatingexpenses": 96260000,
        "weightedaveragenumberofsharesoutstandingbasic": 317613166,
        "weightedaveragenumberofdilutedsharesoutstanding": 318559568,
        "revenues": 1817100000,
        "operatingincomeloss": 412000000,
        "interestexpenselongtermdebt": 6015000,
        "interestexpenseother": 276000,
        "interestexpense": 92300000,
        "nonoperatingincomeexpense": 12900000,
        "incomelossfromcontinuingoperationsbeforeincometaxesdomestic": 23888000,
        "incometaxexpensebenefit": 9693000,
        "netincomeloss": 14195000,
        "netincomelossattributabletononcontrollinginterest": 1880000,
        "netincomelossavailabletocommonstockholdersbasic": 207500000,
        "earningspersharebasicanddiluted": 0.65,
        "commonstockdividendspersharedeclared": 0.42,
        "othercomprehensiveincomelossderivativesqualifyingashedgesnetoftax": 84000,
        "othercomprehensiveincomelossavailableforsalesecuritiesadjustmentnetoftax": -12000,
        "othercomprehensiveincomelosspensionandotherpostretirementbenefitplansadjustmentnetoftax": -2000,
        "othercomprehensiveincomelossnetoftax": 72000,
        "comprehensiveincomenetoftaxattributabletononcontrollinginterest": 1880000,
        "comprehensiveincomenetoftax": 14267000
    },
    {
        "date": "2015-03-30",
        "symbol": "ES",
        "period": "Q1",
        "revenues": 2513400000,
        "costofpurchasedpower": 69661000,
        "utilitiesoperatingexpensemaintenanceandoperations": 19784000,
        "depreciation": 10375000,
        "amortizationofregulatoryasset": 3927000,
        "energyefficiencyprograms": 11075000,
        "taxesexcludingincomeandexcisetaxes": 9437000,
        "operatingexpenses": 124259000,
        "operatingincomeloss": 497500000,
        "interestexpenselongtermdebt": 6045000,
        "interestexpenseother": 778000,
        "interestexpense": 94800000,
        "nonoperatingincomeexpense": 5700000,
        "incomelossfromcontinuingoperationsbeforeincometaxesdomestic": 22357000,
        "incometaxexpensebenefit": 9113000,
        "netincomeloss": 13244000,
        "netincomelossattributabletononcontrollinginterest": 1879000,
        "netincomelossavailabletocommonstockholdersbasic": 253300000,
        "earningspersharebasic": 0.8,
        "earningspersharediluted": 0.8,
        "commonstockdividendspersharedeclared": 0.42,
        "weightedaveragenumberofsharesoutstandingbasic": 317090841,
        "weightedaveragenumberofdilutedsharesoutstanding": 318491188,
        "othercomprehensiveincomelossderivativesqualifyingashedgesnetoftax": 85000,
        "othercomprehensiveincomelossavailableforsalesecuritiesadjustmentnetoftax": 1000,
        "othercomprehensiveincomelosspensionandotherpostretirementbenefitplansadjustmentnetoftax": -180000,
        "othercomprehensiveincomelossnetoftax": 1000000,
        "comprehensiveincomenetoftaxattributabletononcontrollinginterest": 1879000,
        "comprehensiveincomenetoftax": 13330000
    },
    {
        "date": "2014-09-29",
        "symbol": "ES",
        "period": "Q3",
        "costofpurchasedpower": 43926000,
        "utilitiesoperatingexpensemaintenanceandoperations": 20820000,
        "depreciation": 10506000,
        "amortizationofregulatoryasset": -8519000,
        "energyefficiencyprograms": 10983000,
        "taxesexcludingincomeandexcisetaxes": 9200000,
        "operatingexpenses": 86916000,
        "weightedaveragenumberofsharesoutstandingbasic": 316340691,
        "weightedaveragenumberofdilutedsharesoutstanding": 317554925,
        "revenues": 1892500000,
        "operatingincomeloss": 440900000,
        "interestexpenselongtermdebt": 6029000,
        "interestexpenseother": 547000,
        "interestexpense": 89800000,
        "nonoperatingincomeexpense": 11900000,
        "incomelossfromcontinuingoperationsbeforeincometaxesdomestic": 25155000,
        "incometaxexpensebenefit": -600000,
        "netincomeloss": 236500000,
        "netincomelossattributabletononcontrollinginterest": 1900000,
        "netincomelossavailabletocommonstockholdersbasic": 234600000,
        "earningspersharebasicanddiluted": 0.74,
        "commonstockdividendspersharedeclared": 0.39,
        "othercomprehensiveincomelossderivativesqualifyingashedgesnetoftax": 85000,
        "othercomprehensiveincomelossavailableforsalesecuritiesadjustmentnetoftax": -2000,
        "othercomprehensiveincomelosspensionandotherpostretirementbenefitplansadjustmentnetoftax": 1042000,
        "othercomprehensiveincomelossnetoftax": 1300000,
        "comprehensiveincomenetoftaxattributabletononcontrollinginterest": 1879000,
        "comprehensiveincomenetoftax": 14748000
    },
    {
        "date": "2014-06-29",
        "symbol": "ES",
        "period": "Q2",
        "costofpurchasedpower": 37619000,
        "utilitiesoperatingexpensemaintenanceandoperations": 23686000,
        "depreciation": 10317000,
        "amortizationofregulatoryasset": 343000,
        "energyefficiencyprograms": 10249000,
        "taxesexcludingincomeandexcisetaxes": 8396000,
        "operatingexpenses": 90610000,
        "weightedaveragenumberofsharesoutstandingbasic": 315950510,
        "weightedaveragenumberofdilutedsharesoutstanding": 317112801,
        "revenues": 1677600000,
        "operatingincomeloss": 294000000,
        "interestexpenselongtermdebt": 6104000,
        "interestexpenseother": 603000,
        "interestexpense": 92500000,
        "nonoperatingincomeexpense": 5500000,
        "incomelossfromcontinuingoperationsbeforeincometaxesdomestic": 11566000,
        "incometaxexpensebenefit": 4548000,
        "netincomeloss": 129200000,
        "netincomelossattributabletononcontrollinginterest": 1900000,
        "netincomelossavailabletocommonstockholdersbasic": 127400000,
        "earningspersharediluted": 0.4,
        "earningspersharebasic": 0.4,
        "commonstockdividendspersharedeclared": 0.39,
        "othercomprehensiveincomelossderivativesqualifyingashedgesnetoftax": 84000,
        "othercomprehensiveincomelossavailableforsalesecuritiesadjustmentnetoftax": 2000,
        "othercomprehensiveincomelosspensionandotherpostretirementbenefitplansadjustmentnetoftax": 2086000,
        "othercomprehensiveincomelossnetoftax": 2800000,
        "comprehensiveincomenetoftaxattributabletononcontrollinginterest": 1880000,
        "comprehensiveincomenetoftax": 7104000
    },
    {
        "date": "2014-03-30",
        "symbol": "ES",
        "period": "Q1",
        "revenues": 2290600000,
        "costofpurchasedpower": 49431000,
        "utilitiesoperatingexpensemaintenanceandoperations": 22579000,
        "depreciation": 10321000,
        "amortizationofregulatoryasset": 399000,
        "energyefficiencyprograms": 11865000,
        "taxesexcludingincomeandexcisetaxes": 8082000,
        "operatingexpenses": 102677000,
        "operatingincomeloss": 467700000,
        "interestexpenselongtermdebt": 6062000,
        "interestexpenseother": -416000,
        "interestexpense": -90000000,
        "nonoperatingincomeexpense": 1700000,
        "incomelossfromcontinuingoperationsbeforeincometaxesdomestic": 29660000,
        "incometaxexpensebenefit": 11558000,
        "netincomeloss": 237800000,
        "netincomelossattributabletononcontrollinginterest": 1900000,
        "netincomelossavailabletocommonstockholdersbasic": 236000000,
        "earningspersharediluted": 0.74,
        "earningspersharebasic": 0.75,
        "commonstockdividendspersharedeclared": 0.39,
        "weightedaveragenumberofsharesoutstandingbasic": 315534512,
        "weightedaveragenumberofdilutedsharesoutstanding": 316892119,
        "othercomprehensiveincomelossderivativesqualifyingashedgesnetoftax": 85000,
        "othercomprehensiveincomelossavailableforsalesecuritiesadjustmentnetoftax": 2000,
        "othercomprehensiveincomelosspensionandotherpostretirementbenefitplansadjustmentnetoftax": 961000,
        "othercomprehensiveincomelossnetoftax": 1700000,
        "comprehensiveincomenetoftaxattributabletononcontrollinginterest": 1879000,
        "comprehensiveincomenetoftax": 18189000
    },
    {
        "date": "2013-09-29",
        "symbol": "ES",
        "period": "Q3",
        "revenues": 1892600000,
        "costofpurchasedpower": 38797000,
        "utilitiesoperatingexpensemaintenanceandoperations": 26149000,
        "depreciation": 9427000,
        "amortizationofregulatoryasset": -1412000,
        "otherdepreciationandamortization": 0,
        "energyefficiencyprograms": 12222000,
        "taxesexcludingincomeandexcisetaxes": 7694000,
        "operatingexpenses": 92877000,
        "operatingincomeloss": 399200000,
        "interestexpenselongtermdebt": 5813000,
        "interestexpenseotherlongtermdebt": 0,
        "interestexpenseother": 418000,
        "interestexpense": -144400000,
        "nonoperatingincomeexpense": 926000,
        "incomelossfromcontinuingoperationsbeforeincometaxesdomestic": 23613000,
        "incometaxexpensebenefit": -185676000,
        "netincomeloss": 211300000,
        "netincomelossattributabletononcontrollinginterest": 1800000,
        "netincomelossavailabletocommonstockholdersbasic": 209500000,
        "commonstockdividendspersharedeclared": 0.3600000000000001,
        "weightedaveragenumberofsharesoutstandingbasic": -315092160,
        "weightedaveragenumberofdilutedsharesoutstanding": -315904026,
        "othercomprehensiveincomelossderivativesqualifyingashedgesnetoftax": 85000,
        "othercomprehensiveincomelossavailableforsalesecuritiesadjustmentnetoftax": 0,
        "othercomprehensiveincomelosspensionandotherpostretirementbenefitplansadjustmentnetoftax": -1506000,
        "othercomprehensiveincomelossnetoftax": 2100000,
        "comprehensiveincomenetoftaxattributabletononcontrollinginterest": 1881000,
        "comprehensiveincomenetoftax": 15109000
    },
    {
        "date": "2013-06-29",
        "symbol": "ES",
        "period": "Q2",
        "revenues": 1635900000,
        "costofpurchasedpower": 32254000,
        "utilitiesoperatingexpensemaintenanceandoperations": 23136000,
        "depreciation": 9310000,
        "amortizationofregulatoryasset": 685000,
        "otherdepreciationandamortization": 3091000,
        "energyefficiencyprograms": 7925000,
        "taxesexcludingincomeandexcisetaxes": 6206000,
        "operatingexpenses": 82607000,
        "operatingincomeloss": 350600000,
        "interestexpenselongtermdebt": 6078000,
        "interestexpenseotherlongtermdebt": 50000,
        "interestexpenseother": 148000,
        "interestexpense": 86900000,
        "nonoperatingincomeexpense": 419000,
        "incomelossfromcontinuingoperationsbeforeincometaxesdomestic": 26551000,
        "incometaxexpensebenefit": 95600000,
        "netincomeloss": 173100000,
        "netincomelossattributabletononcontrollinginterest": 2100000,
        "netincomelossavailabletocommonstockholdersbasic": 171000000,
        "earningspersharediluted": 0.54,
        "earningspersharebasic": 0.54,
        "commonstockdividendspersharedeclared": 0.37,
        "weightedaveragenumberofsharesoutstandingbasic": 315154130,
        "weightedaveragenumberofdilutedsharesoutstanding": 315962619,
        "othercomprehensiveincomelossderivativesqualifyingashedgesnetoftax": 84000,
        "othercomprehensiveincomelossavailableforsalesecuritiesadjustmentnetoftax": -6000,
        "othercomprehensiveincomelosspensionandotherpostretirementbenefitplansadjustmentnetoftax": 1506000,
        "othercomprehensiveincomelossnetoftax": 1400000,
        "comprehensiveincomenetoftaxattributabletononcontrollinginterest": 2043000,
        "comprehensiveincomenetoftax": 16492000
    },
    {
        "date": "2013-03-30",
        "symbol": "ES",
        "period": "Q1",
        "revenues": 1995000000,
        "costofpurchasedpower": 40044000,
        "utilitiesoperatingexpensemaintenanceandoperations": 20928000,
        "depreciation": 8970000,
        "amortizationofregulatoryasset": 129000,
        "otherdepreciationandamortization": 4689000,
        "energyefficiencyprograms": 8315000,
        "taxesexcludingincomeandexcisetaxes": 6288000,
        "operatingexpenses": 89363000,
        "operatingincomeloss": 419000000,
        "interestexpenselongtermdebt": 5955000,
        "interestexpenseotherlongtermdebt": 127000,
        "interestexpenseother": 211000,
        "interestexpense": 76300000,
        "nonoperatingincomeexpense": 1004000,
        "incomelossfromcontinuingoperationsbeforeincometaxesdomestic": 30301000,
        "incometaxexpensebenefit": 120500000,
        "netincomeloss": 230000000,
        "netincomelossattributabletononcontrollinginterest": 1900000,
        "netincomelossavailabletocommonstockholdersbasic": 228100000,
        "earningspersharebasicanddiluted": 0.72,
        "commonstockdividendspersharedeclared": 0.37,
        "weightedaveragenumberofsharesoutstandingbasic": 315129782,
        "weightedaveragenumberofdilutedsharesoutstanding": 316002538,
        "othercomprehensiveincomelossderivativesqualifyingashedgesnetoftax": 85000,
        "othercomprehensiveincomelossavailableforsalesecuritiesadjustmentnetoftax": -2000,
        "othercomprehensiveincomelosspensionandotherpostretirementbenefitplansadjustmentnetoftax": -3000,
        "othercomprehensiveincomelossnetoftax": 2000000,
        "comprehensiveincomenetoftaxattributabletononcontrollinginterest": 1879000,
        "comprehensiveincomenetoftax": 18686000
    },
    {
        "date": "2012-09-29",
        "symbol": "ES",
        "period": "Q3",
        "revenues": 24400000,
        "costofpurchasedpower": 32028000,
        "utilitiesoperatingexpensemaintenanceandoperations": 24765000,
        "depreciation": 7464000,
        "amortizationofregulatoryasset": 1021000,
        "otherdepreciationandamortization": 4352000,
        "energyefficiencyandrenewableenergyprograms": 9190000,
        "taxesexcludingincomeandexcisetaxes": 5505000,
        "operatingexpenses": 84325000,
        "operatingincomeloss": 139600000,
        "interestexpenselongtermdebt": 5783000,
        "interestexpenseotherlongtermdebt": 272000,
        "interestexpenseother": 714000,
        "interestexpense": 26100000,
        "othernonoperatingincomeexpense": 4500000,
        "incomelossfromcontinuingoperationsbeforeincometaxesdomestic": 22061000,
        "incometaxexpensebenefit": 43700000,
        "netincomeloss": 8800000,
        "netincomelossattributabletononcontrollinginterest": 700000,
        "netincomelossavailabletocommonstockholdersbasic": 71100000,
        "earningspersharediluted": 0.66,
        "earningspersharebasic": 0.66,
        "commonstockdividendspersharedeclared": 0.34,
        "weightedaveragenumberofsharesoutstandingbasic": 314806441,
        "weightedaveragenumberofdilutedsharesoutstanding": 315805796,
        "othercomprehensiveincomederivativesqualifyingashedgesnetoftaxperiodincreasedecrease": 84000,
        "othercomprehensiveincomeavailableforsalesecuritiesadjustmentnetoftaxperiodincreasedecrease": 2000,
        "othercomprehensiveincomedefinedbenefitplansadjustmentnetoftaxperiodincreasedecrease": -2000,
        "othercomprehensiveincomelossnetoftaxperiodincreasedecrease": 86000,
        "comprehensiveincomenetoftaxincludingportionattributabletononcontrollinginterest": 14170000,
        "comprehensiveincomenetoftaxattributabletononcontrollinginterest": 1880000,
        "comprehensiveincomenetoftax": 209806000
    },
    {
        "date": "2012-03-30",
        "symbol": "ES",
        "period": "Q1",
        "revenues": 22100000,
        "costofpurchasedpower": 39504000,
        "othercostandexpenseoperating": 24019000,
        "maintenancecosts": 4724000,
        "depreciation": 7697000,
        "amortizationofregulatoryasset": 121000,
        "otherdepreciationandamortization": 4418000,
        "taxesexcludingincomeandexcisetaxes": 4882000,
        "operatingexpenses": 85365000,
        "operatingincomeloss": 15600000,
        "interestexpenselongtermdebt": 5766000,
        "interestexpenseotherlongtermdebt": 415000,
        "interestexpenseother": 214000,
        "interestexpense": 2800000,
        "othernonoperatingincomeexpense": 1000000,
        "incomelossfromcontinuingoperationsbeforeincometaxesdomestic": 23357000,
        "incometaxexpensebenefit": 5100000,
        "netincomeloss": 8100000,
        "netincomelossattributabletononcontrollinginterest": 700000,
        "netincomelossavailabletocommonstockholdersbasic": 46300000,
        "earningspersharebasicanddiluted": 0.56,
        "commonstockdividendspersharedeclared": 0.29,
        "weightedaveragenumberofsharesoutstandingbasic": 178055716,
        "weightedaveragenumberofdilutedsharesoutstanding": 178437453,
        "othercomprehensiveincomederivativesqualifyingashedgesnetoftaxperiodincreasedecrease": 85000,
        "othercomprehensiveincomeavailableforsalesecuritiesadjustmentnetoftaxperiodincreasedecrease": 2000,
        "othercomprehensiveincomedefinedbenefitplansadjustmentnetoftaxperiodincreasedecrease": 1407000,
        "othercomprehensiveincomelossnetoftaxperiodincreasedecrease": 1900000,
        "comprehensiveincomenetoftaxattributabletononcontrollinginterest": 1493000,
        "comprehensiveincomenetoftax": 14271000
    },
    {
        "date": "2011-09-29",
        "symbol": "ES",
        "period": "Q3",
        "revenues": 15800000,
        "costofpurchasedpower": 39194000,
        "othercostandexpenseoperating": 22744000,
        "maintenancecosts": 4001000,
        "depreciation": 6681000,
        "amortizationofregulatoryasset": 3388000,
        "otherdepreciationandamortization": 4071000,
        "taxesexcludingincomeandexcisetaxes": 4650000,
        "operatingexpenses": 84729000,
        "operatingincomeloss": 11000000,
        "interestexpenselongtermdebt": 4913000,
        "interestexpenseotherlongtermdebt": 550000,
        "interestexpenseother": 529000,
        "interestexpense": 2100000,
        "othernonoperatingincomeexpense": -900000,
        "incomelossfromcontinuingoperationsbeforeincometaxesdomestic": 13072000,
        "incometaxexpensebenefit": 3200000,
        "netincomeloss": 5600000,
        "netincomelossattributabletononcontrollinginterest": 600000,
        "netincomelossavailabletocommonstockholdersbasic": 41500000,
        "earningspersharediluted": 0.51,
        "earningspersharebasic": 0.51,
        "commonstockdividendspersharedeclared": 0.28,
        "weightedaveragenumberofsharesoutstandingbasic": 177497862,
        "weightedaveragenumberofdilutedsharesoutstanding": 177835348
    },
    {
        "date": "2011-06-29",
        "symbol": "ES",
        "period": "Q2",
        "revenues": 13000000,
        "costofpurchasedpower": 32617000,
        "othercostandexpenseoperating": 26376000,
        "maintenancecosts": 4214000,
        "depreciation": 6625000,
        "amortizationofregulatoryasset": 1796000,
        "otherdepreciationandamortization": 4082000,
        "taxesexcludingincomeandexcisetaxes": 4203000,
        "operatingexpenses": 79913000,
        "operatingincomeloss": 7100000,
        "interestexpenselongtermdebt": 4722000,
        "interestexpenseotherlongtermdebt": 617000,
        "interestexpenseother": 121000,
        "interestexpense": 1400000,
        "othernonoperatingincomeexpense": 200000,
        "incomelossfromcontinuingoperationsbeforeincometaxesdomestic": 13259000,
        "incometaxexpensebenefit": 2600000,
        "netincomeloss": 4200000,
        "netincomelossattributabletononcontrollinginterest": 600000,
        "netincomelossavailabletocommonstockholdersbasic": 42200000,
        "earningspersharebasicanddiluted": 0.44,
        "commonstockdividendspersharedeclared": 0.28,
        "weightedaveragenumberofsharesoutstandingbasic": 177347374,
        "weightedaveragenumberofdilutedsharesoutstanding": 177626992
    },
    {
        "date": "2011-03-30",
        "symbol": "ES",
        "period": "Q1",
        "revenues": 106684000,
        "costofpurchasedpower": 40204000,
        "othercostandexpenseoperating": 26230000,
        "maintenancecosts": 4771000,
        "depreciation": 6338000,
        "amortizationofregulatoryasset": -600000,
        "otherdepreciationandamortization": 4146000,
        "taxesexcludingincomeandexcisetaxes": 4543000,
        "operatingexpenses": 85632000,
        "operatingincomeloss": 21052000,
        "interestexpenselongtermdebt": 4754000,
        "interestexpenseotherlongtermdebt": 684000,
        "interestexpenseother": 136000,
        "interestexpense": 5574000,
        "othernonoperatingincomeexpense": 739000,
        "incomelossfromcontinuingoperationsbeforeincometaxesdomestic": 16217000,
        "incometaxexpensebenefit": 6251000,
        "netincomeloss": 9966000,
        "netincomelossattributabletononcontrollinginterest": 1429000,
        "netincomelossavailabletocommonstockholdersbasic": 114155000,
        "earningspersharebasicanddiluted": 0.64,
        "commonstockdividendspersharedeclared": 0.28,
        "weightedaveragenumberofsharesoutstandingbasic": 177188207,
        "weightedaveragenumberofdilutedsharesoutstanding": 177480996
    },
    {
        "date": "2010-09-29",
        "symbol": "ES",
        "period": "Q3",
        "revenues": 103719000,
        "costofpurchasedpower": 39922000,
        "othercostandexpenseoperating": 27314000,
        "maintenancecosts": 4915000,
        "depreciation": 5838000,
        "amortizationofregulatoryasset": 2735000,
        "otherdepreciationandamortization": 3812000,
        "taxesexcludingincomeandexcisetaxes": 4319000,
        "operatingexpenses": 88855000,
        "operatingincomeloss": 14864000,
        "interestexpenselongtermdebt": 4691000,
        "interestexpenseotherlongtermdebt": 811000,
        "interestexpenseother": 93000,
        "interestexpense": 5595000,
        "othernonoperatingincomeexpense": 747000,
        "incomelossfromcontinuingoperationsbeforeincometaxesdomestic": 10016000,
        "incometaxexpensebenefit": 2679000,
        "netincomeloss": 7337000,
        "netincomelossattributabletononcontrollinginterest": 1411000,
        "netincomelossavailabletocommonstockholdersbasic": 100524000,
        "earningspersharebasic": 0.57,
        "earningspersharediluted": 0.57,
        "commonstockdividendspersharedeclared": 0.26,
        "weightedaveragenumberofsharesoutstandingbasic": 176752714,
        "weightedaveragenumberofdilutedsharesoutstanding": 177012278
    },
    {
        "date": "2010-06-29",
        "symbol": "ES",
        "period": "Q2",
        "revenues": 92473000,
        "costofpurchasedpower": 36720000,
        "othercostandexpenseoperating": 23067000,
        "maintenancecosts": 5367000,
        "depreciation": 5868000,
        "amortizationofregulatoryasset": -721000,
        "otherdepreciationandamortization": 3827000,
        "taxesexcludingincomeandexcisetaxes": 4080000,
        "operatingexpenses": 78208000,
        "operatingincomeloss": 14265000,
        "interestexpenselongtermdebt": 4726000,
        "interestexpenseotherlongtermdebt": 874000,
        "interestexpenseother": 57000,
        "interestexpense": 5657000,
        "othernonoperatingincomeexpense": 161000,
        "incomelossfromcontinuingoperationsbeforeincometaxesdomestic": 8769000,
        "incometaxexpensebenefit": 3520000,
        "netincomeloss": 5249000,
        "netincomelossattributabletononcontrollinginterest": 1402000,
        "netincomelossavailabletocommonstockholdersbasic": 71946000,
        "earningspersharebasic": 0.41,
        "earningspersharediluted": 0.41,
        "commonstockdividendspersharedeclared": 0.26,
        "weightedaveragenumberofsharesissuedbasic": 176571189,
        "proformaweightedaveragesharesoutstandingdiluted": 176736532
    }
]