[
    {
        "date": "2024-09-27",
        "symbol": "HOLX",
        "period": "Q4",
        "costofgoodsandservicessold": -537300000,
        "grossprofit": 557700000,
        "researchanddevelopmentexpense": 67300000,
        "sellingandmarketingexpense": 146000000,
        "generalandadministrativeexpense": 103200000,
        "amortizationofintangibleassets": 4900000,
        "restructuringcharges": 6300000,
        "operatingexpenses": 327700000,
        "operatingincomeloss": 230000000,
        "investmentincomeinterest": 28400000,
        "interestexpense": 31900000,
        "othernonoperatingincomeexpense": -4900000,
        "incomelossfromcontinuingoperationsbeforeincometaxesextraordinaryitemsnoncontrollinginterest": 221600000,
        "incometaxexpensebenefit": 43000000,
        "netincomeloss": 178600000,
        "earningspersharebasic": 0.7700000000000002,
        "earningspersharediluted": -2.2299999999999995,
        "weightedaveragenumberofsharesoutstandingbasic": 235723000,
        "weightedaveragenumberofdilutedsharesoutstanding": 237553000,
        "othercomprehensiveincomelossforeigncurrencytranslationadjustmentnettaxexcludingamountsreclassifiedfromaoci": 35700000,
        "comprehensiveincomenetoftax": 206600000,
        "othercomprehensiveincomelosscashflowhedgegainlossafterreclassificationtax": -2800000
    },
    {
        "date": "2024-06-28",
        "symbol": "HOLX",
        "period": "Q3",
        "costofgoodsandservicessold": 298200000,
        "grossprofit": 560300000,
        "researchanddevelopmentexpense": 64100000,
        "sellingandmarketingexpense": 146300000,
        "generalandadministrativeexpense": 94000000,
        "amortizationofintangibleassets": 5300000,
        "impairmentofintangibleassetsindefinitelivedexcludinggoodwill": 400000,
        "restructuringcharges": 6200000,
        "operatingexpenses": 316300000,
        "operatingincomeloss": 244000000,
        "investmentincomeinterest": 28400000,
        "interestexpense": 31900000,
        "othernonoperatingincomeexpense": 200000,
        "incomelossfromcontinuingoperationsbeforeincometaxesextraordinaryitemsnoncontrollinginterest": 240700000,
        "incometaxexpensebenefit": 46200000,
        "netincomeloss": 194500000,
        "earningspersharebasic": 0.8200000000000001,
        "earningspersharediluted": 0.8299999999999998,
        "weightedaveragenumberofsharesoutstandingbasic": 236373000,
        "weightedaveragenumberofdilutedsharesoutstanding": 238081000,
        "othercomprehensiveincomelossforeigncurrencytranslationadjustmentnettaxexcludingamountsreclassifiedfromaoci": -2800000,
        "othercomprehensiveincomelosscashflowhedgegainlossbeforereclassificationaftertax": 300000,
        "othercomprehensiveincomelossnetoftaxportionattributabletoparent": -2500000,
        "comprehensiveincomenetoftax": 192000000,
        "othercomprehensiveincomelosscashflowhedgegainlossafterreclassificationtax": 100000
    },
    {
        "date": "2024-03-29",
        "symbol": "HOLX",
        "period": "Q2",
        "productrevenue": 827900000,
        "servicerevenue": 189900000,
        "revenues": 1017800000,
        "costofgoodsandservicessold": 308500000,
        "amortizationcostofgoodssold": 45000000,
        "costofservice": 96100000,
        "grossprofit": 542300000,
        "researchanddevelopmentexpense": 74600000,
        "sellingandmarketingexpense": 144200000,
        "generalandadministrativeexpense": 100400000,
        "amortizationofintangibleassets": 5700000,
        "impairmentofintangibleassetsindefinitelivedexcludinggoodwill": 900000,
        "businesscombinationcontingentconsiderationarrangementschangeinamountofcontingentconsiderationasset1": 0,
        "restructuringcharges": 6100000,
        "operatingexpenses": 331900000,
        "operatingincomeloss": 210400000,
        "investmentincomeinterest": 24000000,
        "interestexpense": 32300000,
        "othernonoperatingincomeexpense": 9400000,
        "incomelossfromcontinuingoperationsbeforeincometaxesextraordinaryitemsnoncontrollinginterest": 211500000,
        "incometaxexpensebenefit": 41600000,
        "netincomeloss": 169900000,
        "earningspersharebasic": 0.73,
        "earningspersharediluted": 0.71,
        "weightedaveragenumberofsharesoutstandingbasic": 237258000,
        "weightedaveragenumberofdilutedsharesoutstanding": 238888000,
        "othercomprehensiveincomelossforeigncurrencytranslationadjustmentnettaxexcludingamountsreclassifiedfromaoci": -22800000,
        "othercomprehensiveincomelosscashflowhedgegainlossbeforereclassificationaftertax": 4600000,
        "othercomprehensiveincomelossnetoftaxportionattributabletoparent": -18200000,
        "comprehensiveincomenetoftax": 151700000,
        "othercomprehensiveincomelosscashflowhedgegainlossafterreclassificationtax": 1500000
    },
    {
        "date": "2023-12-29",
        "symbol": "HOLX",
        "period": "Q1",
        "productrevenue": 828100000,
        "servicerevenue": 185000000,
        "revenues": 1013100000,
        "costofgoodsandservicessold": 307200000,
        "amortizationcostofgoodssold": 45500000,
        "costofservice": 92900000,
        "grossprofit": 567500000,
        "researchanddevelopmentexpense": 66800000,
        "sellingandmarketingexpense": 148900000,
        "generalandadministrativeexpense": 111800000,
        "amortizationofintangibleassets": 13300000,
        "impairmentofintangibleassetsindefinitelivedexcludinggoodwill": 4300000,
        "businesscombinationcontingentconsiderationarrangementschangeinamountofcontingentconsiderationasset1": -1700000,
        "restructuringcharges": 22500000,
        "operatingexpenses": 369300000,
        "operatingincomeloss": 198200000,
        "investmentincomeinterest": 27900000,
        "interestexpense": 26000000,
        "othernonoperatingincomeexpense": -8800000,
        "incomelossfromcontinuingoperationsbeforeincometaxesextraordinaryitemsnoncontrollinginterest": 191300000,
        "incometaxexpensebenefit": -55200000,
        "netincomeloss": 246500000,
        "earningspersharebasic": 1.03,
        "earningspersharediluted": 1.03,
        "weightedaveragenumberofsharesoutstandingbasic": 238627000,
        "weightedaveragenumberofdilutedsharesoutstanding": 240214000,
        "othercomprehensiveincomelossforeigncurrencytranslationadjustmentnettaxexcludingamountsreclassifiedfromaoci": 43000000,
        "othercomprehensiveincomelosscashflowhedgegainlossbeforereclassificationaftertax": -14200000,
        "othercomprehensiveincomelossnetoftaxportionattributabletoparent": 28800000,
        "comprehensiveincomenetoftax": 275300000,
        "othercomprehensiveincomelosscashflowhedgegainlossafterreclassificationtax": -4500000
    },
    {
        "date": "2023-09-29",
        "symbol": "HOLX",
        "period": "Q4",
        "costofgoodsandservicessold": 305000000,
        "grossprofit": 500300000,
        "researchanddevelopmentexpense": 72900000,
        "sellingandmarketingexpense": 139500000,
        "generalandadministrativeexpense": 92900000,
        "amortizationofintangibleassets": 6200000,
        "restructuringcharges": 8500000,
        "operatingexpenses": 367800000,
        "operatingincomeloss": 658600000,
        "investmentincomeinterest": 35900000,
        "interestexpense": 28100000,
        "othernonoperatingincomeexpense": 5300000,
        "incomelossfromcontinuingoperationsbeforeincometaxesextraordinaryitemsnoncontrollinginterest": 145600000,
        "incometaxexpensebenefit": 55000000,
        "netincomeloss": 90600000,
        "earningspersharebasic": 0.37000000000000033,
        "earningspersharediluted": 0.3599999999999999,
        "weightedaveragenumberofsharesoutstandingbasic": 246772000,
        "weightedaveragenumberofdilutedsharesoutstanding": 248831000,
        "othercomprehensiveincomelossforeigncurrencytranslationadjustmentnettaxexcludingamountsreclassifiedfromaoci": -30999999.999999985,
        "comprehensiveincomenetoftax": 56600000
    },
    {
        "date": "2023-06-30",
        "symbol": "HOLX",
        "period": "Q3",
        "productrevenue": 799200000,
        "servicerevenue": 185200000,
        "revenues": 4800000,
        "costofgoodsandservicessold": 291000000,
        "amortizationcostofgoodssold": 51600000,
        "costofservice": 94800000,
        "grossprofit": 367500000,
        "researchanddevelopmentexpense": 72600000,
        "sellingandmarketingexpense": 149800000,
        "generalandadministrativeexpense": 90200000,
        "amortizationofintangibleassets": 7200000,
        "restructuringcharges": 1300000,
        "operatingexpenses": 366100000,
        "operatingincomeloss": 3200000,
        "investmentincomeinterest": 32500000,
        "interestexpense": 27700000,
        "othernonoperatingincomeexpense": 5900000,
        "incomelossfromcontinuingoperationsbeforeincometaxesextraordinaryitemsnoncontrollinginterest": 12100000,
        "incometaxexpensebenefit": 52600000,
        "netincomeloss": -40500000,
        "earningspersharebasic": -0.16000000000000003,
        "earningspersharediluted": -0.15000000000000002,
        "weightedaveragenumberofsharesoutstandingbasic": -247730000,
        "weightedaveragenumberofdilutedsharesoutstanding": -249681000,
        "othercomprehensiveincomelossforeigncurrencytranslationadjustmentnettaxexcludingamountsreclassifiedfromaoci": 1099999.999999985,
        "othercomprehensiveincomelosscashflowhedgegainlossbeforereclassificationaftertax": 3700000,
        "othercomprehensiveincomelossnetoftaxportionattributabletoparent": 4800000,
        "comprehensiveincomenetoftax": -35700000,
        "othercomprehensiveincomelosscashflowhedgegainlossafterreclassificationtax": -600000
    },
    {
        "date": "2023-03-31",
        "symbol": "HOLX",
        "period": "Q2",
        "productrevenue": 837400000,
        "servicerevenue": 189100000,
        "revenues": 6100000,
        "costofgoodsandservicessold": 292100000,
        "amortizationcostofgoodssold": 52100000,
        "costofservice": 96500000,
        "grossprofit": 585800000,
        "researchanddevelopmentexpense": 74000000,
        "sellingandmarketingexpense": 142400000,
        "generalandadministrativeexpense": 100800000,
        "amortizationofintangibleassets": 7100000,
        "businesscombinationcontingentconsiderationarrangementschangeinamountofcontingentconsiderationasset1": 12400000,
        "restructuringcharges": 1500000,
        "operatingexpenses": 313700000,
        "operatingincomeloss": 4600000,
        "investmentincomeinterest": 31500000,
        "interestexpense": 27200000,
        "gainslossesonextinguishmentofdebt": -700000,
        "othernonoperatingincomeexpense": 2900000,
        "incomelossfromcontinuingoperationsbeforeincometaxesextraordinaryitemsnoncontrollinginterest": 279300000,
        "incometaxexpensebenefit": 60800000,
        "netincomeloss": 218500000,
        "earningspersharebasic": 0.88,
        "earningspersharediluted": 0.87,
        "weightedaveragenumberofsharesoutstandingbasic": 247730000,
        "weightedaveragenumberofdilutedsharesoutstanding": 249793000,
        "othercomprehensiveincomelossforeigncurrencytranslationadjustmentnettaxexcludingamountsreclassifiedfromaoci": 15300000,
        "othercomprehensiveincomelosscashflowhedgegainlossbeforereclassificationaftertax": -6400000,
        "othercomprehensiveincomelossnetoftaxportionattributabletoparent": 8900000,
        "comprehensiveincomenetoftax": 227400000,
        "othercomprehensiveincomelosscashflowhedgegainlossafterreclassificationtax": -2000000
    },
    {
        "date": "2022-12-30",
        "symbol": "HOLX",
        "period": "Q1",
        "productrevenue": 886300000,
        "servicerevenue": 187900000,
        "revenues": 4600000,
        "costofgoodsandservicessold": 296200000,
        "amortizationcostofgoodssold": 55600000,
        "costofservice": 104500000,
        "grossprofit": 617900000,
        "researchanddevelopmentexpense": 74800000,
        "sellingandmarketingexpense": 163500000,
        "generalandadministrativeexpense": 108500000,
        "amortizationofintangibleassets": 7600000,
        "restructuringcharges": 700000,
        "operatingexpenses": 355500000,
        "operatingincomeloss": 2000000,
        "investmentincomeinterest": 20600000,
        "interestexpense": 28100000,
        "gainslossesonextinguishmentofdebt": -700000,
        "othernonoperatingincomeexpense": -15800000,
        "incomelossfromcontinuingoperationsbeforeincometaxesextraordinaryitemsnoncontrollinginterest": 239100000,
        "incometaxexpensebenefit": 51700000,
        "netincomeloss": 187400000,
        "earningspersharebasic": 0.76,
        "earningspersharediluted": 0.75,
        "weightedaveragenumberofsharesoutstandingbasic": 247319000,
        "weightedaveragenumberofdilutedsharesoutstanding": 249281000,
        "othercomprehensiveincomelossforeigncurrencytranslationadjustmentnettaxexcludingamountsreclassifiedfromaoci": 113800000,
        "othercomprehensiveincomelosscashflowhedgegainlossbeforereclassificationaftertax": -2900000,
        "othercomprehensiveincomelossnetoftaxportionattributabletoparent": 110900000,
        "comprehensiveincomenetoftax": 298300000,
        "othercomprehensiveincomelosscashflowhedgegainlossafterreclassificationtax": 900000
    },
    {
        "date": "2022-09-23",
        "symbol": "HOLX",
        "period": "Q4",
        "costofgoodsandservicessold": -520800000,
        "grossprofit": 514700000,
        "researchanddevelopmentexpense": 76000000,
        "sellingandmarketingexpense": 159300000,
        "generalandadministrativeexpense": 97200000,
        "amortizationofintangibleassets": 12000000,
        "operatingexpenses": 373800000,
        "operatingincomeloss": -3700000,
        "investmentincomeinterest": 9300000,
        "interestexpense": 24100000,
        "othernonoperatingincomeexpense": 17300000,
        "incomelossfromcontinuingoperationsbeforeincometaxesextraordinaryitemsnoncontrollinginterest": 143400000,
        "incometaxexpensebenefit": 24700000,
        "netincomeloss": 118700000,
        "earningspersharebasic": 0.4799999999999993,
        "earningspersharediluted": 0.47999999999999976,
        "weightedaveragenumberofsharesoutstandingbasic": -416000,
        "weightedaveragenumberofdilutedsharesoutstanding": -428000,
        "othercomprehensiveincomelossforeigncurrencytranslationadjustmentnettaxexcludingamountsreclassifiedfromaoci": -99800000,
        "othercomprehensiveincomelossnetoftaxportionattributabletoparent": -90500000,
        "comprehensiveincomenetoftax": 28200000,
        "comprehensiveincome": 28200000
    },
    {
        "date": "2022-06-24",
        "symbol": "HOLX",
        "period": "Q3",
        "productrevenue": 837100000,
        "servicerevenue": 165600000,
        "revenues": 4800000,
        "costofgoodsandservicessold": 266300000,
        "amortizationcostofgoodssold": 75900000,
        "costofservice": 101500000,
        "grossprofit": 549800000,
        "researchanddevelopmentexpense": 65100000,
        "sellingandmarketingexpense": 152300000,
        "generalandadministrativeexpense": 92000000,
        "amortizationofintangibleassets": 11100000.000000004,
        "operatingexpenses": 285900000,
        "operatingincomeloss": -3300000,
        "investmentincomeinterest": 2400000,
        "interestexpense": 22700000,
        "othernonoperatingincomeexpense": 4900000,
        "incomelossfromcontinuingoperationsbeforeincometaxesextraordinaryitemsnoncontrollinginterest": 248500000,
        "incometaxexpensebenefit": 20100000,
        "netincomeloss": 228400000,
        "netincome": 228400000,
        "earningspersharebasic": 0.9200000000000006,
        "earningspersharediluted": 0.9000000000000006,
        "weightedaveragenumberofsharesoutstandingbasic": -594000,
        "weightedaveragenumberofdilutedsharesoutstanding": -591000,
        "othercomprehensiveincomelossforeigncurrencytranslationadjustmentnettaxexcludingamountsreclassifiedfromaoci": -52000000,
        "othercomprehensiveincomelosscashflowhedgegainlossbeforereclassificationaftertax": 8400000,
        "othercomprehensiveincomelossnetoftaxportionattributabletoparent": -43600000,
        "comprehensiveincomenetoftax": 184800000,
        "comprehensiveincome": 184800000,
        "othercomprehensiveincomelosscashflowhedgegainlossafterreclassificationtax": 2500000
    },
    {
        "date": "2022-03-25",
        "symbol": "HOLX",
        "period": "Q2",
        "productrevenue": 1268300000,
        "servicerevenue": 167500000,
        "revenues": 4900000,
        "costofgoodsandservicessold": 322600000,
        "amortizationcostofgoodssold": 72300000,
        "costofservice": 94300000,
        "grossprofit": 946600000,
        "researchanddevelopmentexpense": 69500000,
        "sellingandmarketingexpense": 171300000,
        "generalandadministrativeexpense": 100600000,
        "amortizationofintangibleassets": 11300000,
        "businesscombinationcontingentconsiderationarrangementschangeinamountofcontingentconsiderationasset1": 0,
        "operatingexpenses": 352500000,
        "operatingincomeloss": -1500000,
        "investmentincomeinterest": 700000,
        "interestexpense": 22600000,
        "gainslossesonextinguishmentofdebt": 0,
        "othernonoperatingincomeexpense": 2200000,
        "incomelossfromcontinuingoperationsbeforeincometaxesextraordinaryitemsnoncontrollinginterest": 574400000,
        "incometaxexpensebenefit": 118700000,
        "netincomeloss": 455700000,
        "netincome": 455700000,
        "earningspersharebasic": 1.8099999999999998,
        "earningspersharediluted": 1.8,
        "weightedaveragenumberofsharesoutstandingbasic": -962000,
        "weightedaveragenumberofdilutedsharesoutstanding": -1206000,
        "othercomprehensiveincomelossforeigncurrencytranslationadjustmentnettaxexcludingamountsreclassifiedfromaoci": -34500000,
        "othercomprehensiveincomelosscashflowhedgegainlossbeforereclassificationaftertax": 19400000,
        "othercomprehensiveincomelossnetoftaxportionattributabletoparent": -15100000,
        "comprehensiveincomenetoftax": 440600000,
        "comprehensiveincome": 440600000,
        "othercomprehensiveincomelosscashflowhedgegainlossafterreclassificationtax": 6500000
    },
    {
        "date": "2021-12-24",
        "symbol": "HOLX",
        "period": "Q1",
        "productrevenue": 1303300000,
        "servicerevenue": 167800000,
        "revenues": 5000000,
        "costofgoodsandservicessold": 318100000,
        "amortizationcostofgoodssold": 74900000,
        "costofservice": 91800000,
        "grossprofit": 986300000,
        "researchanddevelopmentexpense": 72800000,
        "sellingandmarketingexpense": 147400000,
        "generalandadministrativeexpense": 117900000,
        "amortizationofintangibleassets": 10800000,
        "businesscombinationcontingentconsiderationarrangementschangeinamountofcontingentconsiderationasset1": 4099999.9999999995,
        "restructuringcharges": 200000,
        "operatingexpenses": 345000000,
        "operatingincomeloss": 1200000,
        "investmentincomeinterest": 500000,
        "interestexpense": 25700000,
        "gainslossesonextinguishmentofdebt": -700000,
        "othernonoperatingincomeexpense": 6500000,
        "incomelossfromcontinuingoperationsbeforeincometaxesextraordinaryitemsnoncontrollinginterest": 621900000,
        "incometaxexpensebenefit": 122700000,
        "netincomeloss": 499200000,
        "netincome": 499200000,
        "earningspersharebasic": 1.97,
        "earningspersharediluted": 1.95,
        "weightedaveragenumberofsharesoutstandingbasic": 253499000,
        "weightedaveragenumberofdilutedsharesoutstanding": 256070000,
        "othercomprehensiveincomelossforeigncurrencytranslationadjustmentnettaxexcludingamountsreclassifiedfromaoci": -37800000,
        "othercomprehensiveincomelosscashflowhedgegainlossbeforereclassificationaftertax": 7900000,
        "othercomprehensiveincomelossnetoftaxportionattributabletoparent": -29900000,
        "comprehensiveincomenetoftax": 469300000,
        "comprehensiveincome": 469300000,
        "othercomprehensiveincomelosscashflowhedgegainlossafterreclassificationtax": 2600000
    },
    {
        "date": "2021-09-24",
        "symbol": "HOLX",
        "period": "Q4",
        "costofgoodsandservicessold": -534400000,
        "grossprofit": 828100000,
        "researchanddevelopmentexpense": 76500000,
        "sellingandmarketingexpense": 159000000,
        "generalandadministrativeexpense": 135500000,
        "amortizationofintangibleassets": 11500000,
        "restructuringcharges": 2700000,
        "operatingexpenses": 388600000,
        "operatingincomeloss": -3000000,
        "investmentincomeinterest": 300000,
        "interestexpense": 22700000,
        "othernonoperatingincomeexpense": -6500000,
        "incometaxexpensebenefit": 81800000,
        "noncontrollinginterestinnetincomelossothernoncontrollinginterestsredeemable": 0,
        "netincomeloss": 330600000,
        "earningspersharebasic": 1.2999999999999998,
        "earningspersharediluted": 1.2800000000000002,
        "weightedaveragenumberofsharesoutstandingbasic": -723000,
        "weightedaveragenumberofdilutedsharesoutstanding": -665000,
        "othercomprehensiveincomelossnetoftaxportionattributabletoparent": -16900000,
        "comprehensiveincomenetoftax": 311900000,
        "othercomprehensiveincomelossnetoftaxportionattributabletononcontrollinginterest": 3600000,
        "comprehensiveincome": 311900000
    },
    {
        "date": "2021-06-25",
        "symbol": "HOLX",
        "period": "Q3",
        "productrevenue": 995200000,
        "servicerevenue": 173100000,
        "revenues": 14800000,
        "costofgoodsandservicessold": 303900000,
        "amortizationcostofgoodssold": 68100000,
        "costofservice": 94700000,
        "grossprofit": 701600000,
        "researchanddevelopmentexpense": 69100000.00000001,
        "sellingandmarketingexpense": 142700000,
        "generalandadministrativeexpense": 117300000,
        "amortizationofintangibleassets": 10300000,
        "businesscombinationcontingentconsiderationarrangementschangeinamountofcontingentconsiderationasset1": 0,
        "restructuringcharges": 3600000,
        "operatingexpenses": 343000000,
        "operatingincomeloss": -700000,
        "investmentincomeinterest": 400000,
        "interestexpense": 21600000,
        "gainslossesonextinguishmentofdebt": 0,
        "othernonoperatingincomeexpense": 200000,
        "incomelossfromcontinuingoperationsbeforeincometaxesminorityinterestandincomelossfromequitymethodinvestments": 337600000,
        "incometaxexpensebenefit": 69500000,
        "netincomeloss": 268100000,
        "noncontrollinginterestinnetincomelossothernoncontrollinginterestsredeemable": -300000,
        "netincome": 268400000,
        "earningspersharebasic": 1.0500000000000007,
        "earningspersharediluted": 1.0499999999999998,
        "weightedaveragenumberofsharesoutstandingbasic": -770000,
        "weightedaveragenumberofdilutedsharesoutstanding": -896000,
        "othercomprehensiveincomeforeigncurrencytransactionandtranslationadjustmentnetoftaxportionattributabletoparent": -9400000,
        "othercomprehensiveincomeunrealizedgainlossonderivativesarisingduringperiodbeforetax": 0,
        "othercomprehensiveincomelossnetoftaxportionattributabletoparent": -6400000,
        "comprehensiveincomenetoftax": 261700000,
        "othercomprehensiveincomelossnetoftaxportionattributabletononcontrollinginterest": -3300000,
        "comprehensiveincome": 262000000,
        "othercomprehensiveincomelossderivativesqualifyingashedgestax": 1000000
    },
    {
        "date": "2021-03-26",
        "symbol": "HOLX",
        "period": "Q2",
        "productrevenue": 1378800000,
        "servicerevenue": 158800000,
        "revenues": 17000000,
        "costofgoodsandservicessold": 300700000,
        "amortizationcostofgoodssold": 64500000,
        "costofservice": 86700000,
        "grossprofit": 1085700000,
        "researchanddevelopmentexpense": 71399999.99999999,
        "sellingandmarketingexpense": 131500000,
        "generalandadministrativeexpense": 88900000,
        "amortizationofintangibleassets": 10300000,
        "businesscombinationcontingentconsiderationarrangementschangeinamountofcontingentconsiderationasset1": 14700000,
        "restructuringcharges": 1600000,
        "operatingexpenses": 289000000,
        "operatingincomeloss": -200000,
        "investmentincomeinterest": 300000,
        "interestexpense": 21200000,
        "gainslossesonextinguishmentofdebt": -43200000,
        "othernonoperatingincomeexpense": 4700000,
        "incomelossfromcontinuingoperationsbeforeincometaxesminorityinterestandincomelossfromequitymethodinvestments": 780500000,
        "incometaxexpensebenefit": 161100000,
        "netincomeloss": 619400000,
        "noncontrollinginterestinnetincomelossothernoncontrollinginterestsredeemable": -500000,
        "netincome": 619900000,
        "earningspersharebasic": 2.4,
        "earningspersharediluted": 2.38,
        "weightedaveragenumberofsharesoutstandingbasic": -66000,
        "weightedaveragenumberofdilutedsharesoutstanding": -518000,
        "othercomprehensiveincomeforeigncurrencytransactionandtranslationadjustmentnetoftaxportionattributabletoparent": -9400000,
        "othercomprehensiveincomeunrealizedgainlossonderivativesarisingduringperiodbeforetax": 600000,
        "othercomprehensiveincomelossreclassificationadjustmentfromaocionderivativesnetoftax": 0,
        "othercomprehensiveincomelossnetoftaxportionattributabletoparent": -5100000,
        "comprehensiveincomenetoftax": 614300000,
        "othercomprehensiveincomelossnetoftaxportionattributabletononcontrollinginterest": 500000,
        "comprehensiveincome": 614800000,
        "othercomprehensiveincomelossderivativesqualifyingashedgestax": 1400000
    },
    {
        "date": "2020-12-25",
        "symbol": "HOLX",
        "period": "Q1",
        "productrevenue": 1455400000,
        "servicerevenue": 154400000,
        "revenues": 17300000,
        "costofgoodsandservicessold": 284500000,
        "amortizationcostofgoodssold": 61600000,
        "costofservice": 83300000,
        "grossprofit": 1180400000,
        "researchanddevelopmentexpense": 59300000,
        "sellingandmarketingexpense": 128000000,
        "generalandadministrativeexpense": 91500000,
        "amortizationofintangibleassets": 10100000,
        "businesscombinationcontingentconsiderationarrangementschangeinamountofcontingentconsiderationasset1": -4600000,
        "restructuringcharges": 1400000,
        "operatingexpenses": 294900000,
        "operatingincomeloss": 1000000,
        "investmentincomeinterest": 400000,
        "interestexpense": 28100000,
        "gainslossesonextinguishmentofdebt": 21600000,
        "othernonoperatingincomeexpense": -3800000,
        "incomelossfromcontinuingoperationsbeforeincometaxesminorityinterestandincomelossfromequitymethodinvestments": 832400000,
        "incometaxexpensebenefit": 179000000,
        "netincomeloss": 653400000,
        "noncontrollinginterestinnetincomelossothernoncontrollinginterestsredeemable": -1000000,
        "netincome": 654400000,
        "earningspersharebasic": 2.53,
        "earningspersharediluted": 2.5,
        "weightedaveragenumberofsharesoutstandingbasic": 258605000,
        "weightedaveragenumberofdilutedsharesoutstanding": 261785000,
        "othercomprehensiveincomeforeigncurrencytransactionandtranslationadjustmentnetoftaxportionattributabletoparent": 17800000,
        "othercomprehensiveincomeunrealizedgainlossonderivativesarisingduringperiodbeforetax": -200000,
        "othercomprehensiveincomelossreclassificationadjustmentfromaocionderivativesnetoftax": -500000,
        "othercomprehensiveincomelossnetoftaxportionattributabletoparent": 19000000,
        "comprehensiveincomenetoftax": 672400000,
        "othercomprehensiveincomelossnetoftaxportionattributabletononcontrollinginterest": 1000000,
        "comprehensiveincome": 673400000,
        "othercomprehensiveincomelossderivativesqualifyingashedgestax": -200000
    },
    {
        "date": "2020-09-25",
        "symbol": "HOLX",
        "period": "Q4",
        "costofgoodsandservicessold": -369700000,
        "grossprofit": 931800000,
        "researchanddevelopmentexpense": 57000000,
        "sellingandmarketingexpense": 125600000,
        "generalandadministrativeexpense": 95700000,
        "amortizationofintangibleassets": 10200000,
        "restructuringcharges": 10500000,
        "operatingexpenses": 299000000,
        "operatingincomeloss": -52300000,
        "investmentincomeinterest": 300000,
        "interestexpense": 25000000.000000004,
        "othernonoperatingincomeexpense": 9000000,
        "incomelossfromcontinuingoperationsbeforeincometaxesminorityinterestandincomelossfromequitymethodinvestments": 617100000,
        "incometaxexpensebenefit": 123500000,
        "noncontrollinginterestinnetincomelossothernoncontrollinginterestsredeemable": -1300000,
        "netincomeloss": 498300000,
        "earningspersharebasic": 1.8900000000000001,
        "earningspersharediluted": 1.8699999999999999,
        "weightedaveragenumberofsharesoutstandingbasic": -940000,
        "weightedaveragenumberofdilutedsharesoutstanding": -479000,
        "othercomprehensiveincomeunrealizedgainlossonderivativesarisingduringperiodbeforetax": -300000,
        "othercomprehensiveincomelossreclassificationadjustmentfromaocionderivativesnetoftax": -300000,
        "othercomprehensiveincomelossnetoftaxportionattributabletoparent": 12200000,
        "comprehensiveincomenetoftax": 505800000,
        "othercomprehensiveincomelossnetoftaxportionattributabletononcontrollinginterest": 1300000,
        "comprehensiveincome": 507100000,
        "othercomprehensiveincomelossderivativesqualifyingashedgestax": 8400000
    },
    {
        "date": "2020-06-26",
        "symbol": "HOLX",
        "period": "Q3",
        "productrevenue": 701600000,
        "servicerevenue": 121300000,
        "revenues": 4899999.999999998,
        "costofgoodsandservicessold": 225100000,
        "costofservice": 68800000,
        "grossprofit": 466100000,
        "researchanddevelopmentexpense": 55100000,
        "sellingandmarketingexpense": 103600000,
        "generalandadministrativeexpense": 105200000,
        "amortizationofintangibleassets": 10300000,
        "restructuringcharges": 900000,
        "operatingexpenses": 275100000,
        "operatingincomeloss": -7400000,
        "investmentincomeinterest": 500000,
        "interestexpense": 27400000.000000004,
        "othernonoperatingincomeexpense": 4300000,
        "incomelossfromcontinuingoperationsbeforeincometaxesminorityinterestandincomelossfromequitymethodinvestments": 168400000,
        "incometaxexpensebenefit": 32200000,
        "netincomeloss": 136200000,
        "noncontrollinginterestinnetincomelossothernoncontrollinginterestsredeemable": -1600000,
        "netincome": 137800000,
        "earningspersharebasic": 0.53,
        "earningspersharediluted": 0.5299999999999998,
        "weightedaveragenumberofsharesoutstandingbasic": -1899000,
        "weightedaveragenumberofdilutedsharesoutstanding": -2022000,
        "othercomprehensiveincomeforeigncurrencytransactionandtranslationadjustmentnetoftaxportionattributabletoparent": 1399999.999999999,
        "othercomprehensiveincomeunrealizedgainlossonderivativesarisingduringperiodbeforetax": -100000,
        "othercomprehensiveincomelossreclassificationadjustmentfromaocionderivativesnetoftax": -300000,
        "othercomprehensiveincomelossnetoftaxportionattributabletoparent": -3000000,
        "comprehensiveincomenetoftax": 133200000,
        "othercomprehensiveincomelossnetoftaxportionattributabletononcontrollinginterest": 1600000,
        "comprehensiveincome": 134800000,
        "othercomprehensiveincomelossderivativesqualifyingashedgestax": -1500000
    },
    {
        "date": "2020-03-27",
        "symbol": "HOLX",
        "period": "Q2",
        "netincomeloss": 94900000,
        "othercomprehensiveincomeforeigncurrencytransactionandtranslationadjustmentnetoftaxportionattributabletoparent": -5400000.000000001,
        "othercomprehensiveincomeunrealizedgainlossonderivativesarisingduringperiodbeforetax": 200000,
        "othercomprehensiveincomelossreclassificationadjustmentfromaocionderivativesnetoftax": -400000,
        "othercomprehensiveincomelossnetoftaxportionattributabletoparent": -30200000,
        "comprehensiveincomenetoftax": 64700000,
        "othercomprehensiveincomelossnetoftaxportionattributabletononcontrollinginterest": 1500000,
        "comprehensiveincome": 66200000,
        "othercomprehensiveincomelossderivativesqualifyingashedgestax": -8100000,
        "productrevenue": 623600000,
        "servicerevenue": 132500000,
        "revenues": 5300000,
        "costofgoodsandservicessold": 223300000,
        "costofgoodssoldimpairmentofintangibleassetsandequipment": 0,
        "costofservice": 74100000,
        "grossprofit": 395800000,
        "researchanddevelopmentexpense": 49200000,
        "sellingandmarketingexpense": 110500000,
        "generalandadministrativeexpense": 66600000,
        "amortizationofintangibleassets": 10100000,
        "impairmentofintangibleassetsindefinitelivedexcludinggoodwill": 0,
        "restructuringcharges": 3000000,
        "operatingexpenses": 239400000,
        "operatingincomeloss": 1700000,
        "investmentincomeinterest": 1400000,
        "interestexpense": 31299999.999999996,
        "othernonoperatingincomeexpense": -7500000,
        "incomelossfromcontinuingoperationsbeforeincometaxesminorityinterestandincomelossfromequitymethodinvestments": 119000000,
        "incometaxexpensebenefit": 24100000,
        "noncontrollinginterestinnetincomelossothernoncontrollinginterestsredeemable": -1500000,
        "netincome": 96400000,
        "earningspersharebasic": 0.3800000000000001,
        "earningspersharediluted": 0.3800000000000001,
        "weightedaveragenumberofsharesoutstandingbasic": -2327000,
        "weightedaveragenumberofdilutedsharesoutstanding": -2607000
    },
    {
        "date": "2019-12-27",
        "symbol": "HOLX",
        "period": "Q1",
        "netincomeloss": 385800000,
        "othercomprehensiveincomeforeigncurrencytransactionandtranslationadjustmentnetoftaxportionattributabletoparent": 8300000.000000001,
        "othercomprehensiveincomeunrealizedgainlossonderivativesarisingduringperiodbeforetax": -300000,
        "othercomprehensiveincomelossreclassificationadjustmentfromaocionderivativesnetoftax": -1300000,
        "othercomprehensiveincomelossnetoftaxportionattributabletoparent": 13600000,
        "comprehensiveincomenetoftax": 399400000,
        "othercomprehensiveincomelossnetoftaxportionattributabletononcontrollinginterest": 300000,
        "noncontrollinginterestinnetincomelossothernoncontrollinginterestsredeemable": -300000,
        "comprehensiveincome": 399700000,
        "othercomprehensiveincomelossderivativesqualifyingashedgestax": 1700000,
        "productrevenue": 699300000,
        "servicerevenue": 151200000,
        "revenues": 6200000,
        "costofgoodsandservicessold": 237500000,
        "costofgoodsandservicessoldamortization": 63600000,
        "costofgoodssoldimpairmentofintangibleassetsandequipment": 25800000,
        "costofservice": 89800000,
        "grossprofit": 433800000,
        "researchanddevelopmentexpense": 61200000,
        "sellingandmarketingexpense": 144900000,
        "generalandadministrativeexpense": 88500000,
        "amortizationofintangibleassets": 9100000,
        "impairmentofintangibleassetsindefinitelivedexcludinggoodwill": 4400000,
        "restructuringcharges": 900000,
        "operatingexpenses": 309000000,
        "operatingincomeloss": 900000,
        "investmentincomeinterest": 2100000,
        "interestexpense": 32799999.999999996,
        "othernonoperatingincomeexpense": 3300000,
        "incomelossfromcontinuingoperationsbeforeincometaxesminorityinterestandincomelossfromequitymethodinvestments": 97400000,
        "incometaxexpensebenefit": -288400000,
        "netincome": 386100000,
        "earningspersharebasic": 1.44,
        "earningspersharediluted": 1.43,
        "weightedaveragenumberofsharesoutstandingbasic": 267893000,
        "weightedaveragenumberofdilutedsharesoutstanding": 269721000
    },
    {
        "date": "2019-09-27",
        "symbol": "HOLX",
        "period": "Q4",
        "netincomeloss": -123500000,
        "othercomprehensiveincomeunrealizedgainlossonderivativesarisingduringperiodbeforetax": 11000000,
        "othercomprehensiveincomelossreclassificationadjustmentfromaocionderivativesnetoftax": -1100000,
        "othercomprehensiveincomelossnetoftaxportionattributabletoparent": -8100000,
        "comprehensiveincomenetoftax": -131600000,
        "othercomprehensiveincomelossderivativesqualifyingashedgestax": -100000,
        "costofgoodsandservicessold": 247900000,
        "amortizationofintangibleassets": 278400000,
        "grossprofit": 249500000,
        "researchanddevelopmentexpense": 60400000,
        "sellingandmarketingexpense": 141800000,
        "generalandadministrativeexpense": 83800000,
        "costofgoodsandservicessoldamortization": -187900000,
        "restructuringcharges": 600000,
        "operatingexpenses": 336000000,
        "investmentincomeinterest": 1300000,
        "interestexpense": 34800000,
        "othernonoperatingincomeexpense": -2700000,
        "incomelossfromcontinuingoperationsbeforeincometaxesminorityinterestandincomelossfromequitymethodinvestments": -122700000,
        "incometaxexpensebenefit": 800000,
        "earningspersharebasic": -0.4600000000000001,
        "earningspersharediluted": -0.4600000000000001,
        "weightedaveragenumberofsharesoutstandingbasic": -173000,
        "weightedaveragenumberofdilutedsharesoutstanding": -173000
    },
    {
        "date": "2019-06-28",
        "symbol": "HOLX",
        "period": "Q3",
        "netincomeloss": 93900000,
        "othercomprehensiveincomeforeigncurrencytransactionandtranslationadjustmentnetoftaxportionattributabletoparent": -2400000,
        "othercomprehensiveincomeunrealizedgainlossonderivativesarisingduringperiodbeforetax": -2100000,
        "othercomprehensiveincomelossreclassificationadjustmentfromaocionderivativesnetoftax": -800000,
        "othercomprehensiveincomelossnetoftaxportionattributabletoparent": -3700000,
        "comprehensiveincomenetoftax": 90200000,
        "othercomprehensiveincomelossderivativesqualifyingashedgestax": 400000,
        "productrevenue": 703900000,
        "servicerevenue": 148400000,
        "revenues": 2456000000,
        "costofgoodsandservicessold": 235800000,
        "costofgoodsandservicessoldamortization": 78500000,
        "costofservice": 93100000,
        "grossprofit": 444900000,
        "researchanddevelopmentexpense": 61300000,
        "sellingandmarketingexpense": 143600000,
        "generalandadministrativeexpense": 80000000,
        "amortizationofintangibleassets": 11900000,
        "restructuringcharges": 2700000,
        "operatingexpenses": 299500000,
        "investmentincomeinterest": 1200000,
        "interestexpense": 35100000,
        "gainslossesonextinguishmentofdebt": 0,
        "othernonoperatingincomeexpense": 2900000,
        "incomelossfromcontinuingoperationsbeforeincometaxesminorityinterestandincomelossfromequitymethodinvestments": 114400000,
        "incometaxexpensebenefit": 20500000,
        "earningspersharebasic": 0.33999999999999997,
        "earningspersharediluted": 0.33999999999999997,
        "weightedaveragenumberofsharesoutstandingbasic": -327000,
        "weightedaveragenumberofdilutedsharesoutstanding": -327000
    },
    {
        "date": "2019-03-29",
        "symbol": "HOLX",
        "period": "Q2",
        "netincomeloss": -272600000,
        "othercomprehensiveincomeforeigncurrencytransactionandtranslationadjustmentnetoftaxportionattributabletoparent": 2400000,
        "othercomprehensiveincomeunrealizedgainlossonderivativesarisingduringperiodbeforetax": -1500000,
        "othercomprehensiveincomelossreclassificationadjustmentfromaocionderivativesnetoftax": -500000,
        "othercomprehensiveincomelossnetoftaxportionattributabletoparent": 1400000,
        "comprehensiveincomenetoftax": -271200000,
        "othercomprehensiveincomelossderivativesqualifyingashedgestax": 300000,
        "productrevenue": 667848000,
        "servicerevenue": 150600000,
        "revenues": 24200000,
        "costofgoodsandservicessold": 232900000,
        "costofgoodsandservicessoldamortization": 80400000,
        "costofservice": 88100000,
        "grossprofit": 42400000,
        "researchanddevelopmentexpense": 57300000,
        "sellingandmarketingexpense": 133500000,
        "generalandadministrativeexpense": 89900000,
        "amortizationofintangibleassets": 14100000,
        "restructuringcharges": 1600000,
        "operatingexpenses": 365600000,
        "operatingincomeloss": 0,
        "investmentincomeinterest": 800000,
        "interestexpense": 34800000,
        "gainslossesonextinguishmentofdebt": -1600000,
        "othernonoperatingincomeexpense": 3500000,
        "incomelossfromcontinuingoperationsbeforeincometaxesminorityinterestandincomelossfromequitymethodinvestments": -353700000,
        "incometaxexpensebenefit": -81100000,
        "earningspersharebasic": -1,
        "earningspersharediluted": -1,
        "weightedaveragenumberofsharesoutstandingbasic": -677000,
        "weightedaveragenumberofdilutedsharesoutstanding": -2459000
    },
    {
        "date": "2018-12-28",
        "symbol": "HOLX",
        "period": "Q1",
        "netincomeloss": 98600000,
        "othercomprehensiveincomeforeigncurrencytransactionandtranslationadjustmentnetoftaxportionattributabletoparent": -3200000,
        "othercomprehensiveincomeunrealizedgainlossonderivativesarisingduringperiodbeforetax": -3900000,
        "othercomprehensiveincomelossreclassificationadjustmentfromaocionderivativesnetoftax": -700000,
        "othercomprehensiveincomelossnetoftaxportionattributabletoparent": -6400000,
        "comprehensiveincomenetoftax": 92200000,
        "othercomprehensiveincomelossderivativesqualifyingashedgestax": 500000,
        "productrevenue": 683052000,
        "servicerevenue": 147600000,
        "revenues": 21200000,
        "costofgoodsandservicessold": 232100000,
        "costofgoodsandservicessoldamortization": 81000000,
        "costofservice": 83500000,
        "grossprofit": 434100000,
        "researchanddevelopmentexpense": 53200000,
        "sellingandmarketingexpense": 146000000,
        "generalandadministrativeexpense": 78600000,
        "amortizationofintangibleassets": 14100000,
        "restructuringcharges": 1700000,
        "operatingexpenses": 293600000,
        "operatingincomeloss": -2400000,
        "investmentincomeinterest": 1300000,
        "interestexpense": 36100000,
        "gainslossesonextinguishmentofdebt": 800000,
        "othernonoperatingincomeexpense": -600000,
        "incomelossfromcontinuingoperationsbeforeincometaxesminorityinterestandincomelossfromequitymethodinvestments": 104300000,
        "incometaxexpensebenefit": 5700000,
        "earningspersharebasic": 0.36,
        "earningspersharediluted": 0.36,
        "weightedaveragenumberofsharesoutstandingbasic": 270590000,
        "weightedaveragenumberofdilutedsharesoutstanding": 272372000
    },
    {
        "date": "2018-09-28",
        "symbol": "HOLX",
        "period": "Q4",
        "netincomeloss": 50500000,
        "othercomprehensiveincomelossreclassificationadjustmentfromaocionderivativesnetoftax": -600000,
        "othercomprehensiveincomelossnetoftaxportionattributabletoparent": -6900000,
        "comprehensiveincomenetoftax": 43600000,
        "othercomprehensiveincomelossderivativesqualifyingashedgestax": 300000,
        "salesrevenuegoodsnet": 670200000,
        "salesrevenueservicesnet": 143200000,
        "revenues": 24400000,
        "costofgoodssold": 229700000,
        "costofservices": 82300000,
        "grossprofit": 421000000,
        "researchanddevelopmentexpense": 52700000,
        "sellingandmarketingexpense": 133500000,
        "generalandadministrativeexpense": 118100000,
        "costofgoodssoldamortization": -179700000,
        "amortizationofintangibleassets": 275000000,
        "restructuringcharges": 2800000,
        "operatingexpenses": 322000000,
        "operatingincomeloss": 300000,
        "investmentincomeinterest": 1900000,
        "interestexpense": 34300000,
        "othernonoperatingincomeexpense": 4700000,
        "incomelossfromcontinuingoperationsbeforeincometaxesminorityinterestandincomelossfromequitymethodinvestments": 71300000,
        "incometaxexpensebenefit": 20800000,
        "earningspersharebasic": 0.18999999999999972,
        "earningspersharediluted": 0.18999999999999972,
        "weightedaveragenumberofsharesoutstandingbasic": -795000,
        "weightedaveragenumberofdilutedsharesoutstanding": -795000
    },
    {
        "date": "2018-06-29",
        "symbol": "HOLX",
        "period": "Q3",
        "netincomeloss": 112900000,
        "othercomprehensiveincomeforeigncurrencytransactionandtranslationadjustmentnetoftaxportionattributabletoparent": -17900000,
        "derivativeinstrumentsgainlossrecognizedinothercomprehensiveincomeeffectiveportionnet": -500000,
        "othercomprehensiveincomelossreclassificationadjustmentfromaocionderivativesnetoftax": -400000,
        "othercomprehensiveincomelossnetoftaxportionattributabletoparent": -18000000,
        "comprehensiveincomenetoftax": 94900000,
        "othercomprehensiveincomelossderivativesqualifyingashedgestax": -700000,
        "salesrevenuegoodsnet": 678000000,
        "salesrevenueservicesnet": 146100000,
        "revenues": 22500000,
        "costofgoodssold": 226100000,
        "costofgoodssoldamortization": 79400000,
        "costofservices": 82500000,
        "grossprofit": 436100000,
        "researchanddevelopmentexpense": 54400000,
        "sellingandmarketingexpense": 141100000,
        "generalandadministrativeexpense": 86300000,
        "amortizationofintangibleassets": 15300000,
        "restructuringcharges": 5800000,
        "operatingexpenses": 302900000,
        "operatingincomeloss": 100000,
        "investmentincomeinterest": 1500000,
        "interestexpense": 34500000,
        "gainslossesonextinguishmentofdebt": 0,
        "othernonoperatingincomeexpense": 5100000,
        "incomelossfromcontinuingoperationsbeforeincometaxesminorityinterestandincomelossfromequitymethodinvestments": 105300000,
        "incometaxexpensebenefit": -7600000,
        "earningspersharebasic": 0.40000000000000013,
        "earningspersharediluted": 0.40000000000000013,
        "weightedaveragenumberofsharesoutstandingbasic": -1085000,
        "weightedaveragenumberofdilutedsharesoutstanding": -1085000
    },
    {
        "date": "2018-03-30",
        "symbol": "HOLX",
        "period": "Q2",
        "netincomeloss": -681400000,
        "othercomprehensiveincomeforeigncurrencytransactionandtranslationadjustmentnetoftaxportionattributabletoparent": 10100000,
        "othercomprehensiveincomelossreclassificationadjustmentfromaociforsaleofsecuritiesnetoftax": 0,
        "othercomprehensiveincomedefinedbenefitplansadjustmentnetoftaxportionattributabletoparent": 0,
        "derivativeinstrumentsgainlossrecognizedinothercomprehensiveincomeeffectiveportionnet": 700000,
        "othercomprehensiveincomelossreclassificationadjustmentfromaocionderivativesnetoftax": -300000,
        "othercomprehensiveincomelossnetoftaxportionattributabletoparent": 11100000,
        "comprehensiveincomenetoftax": -670300000,
        "othercomprehensiveincomeunrealizedholdinggainlossonsecuritiesarisingduringperiodtax": 0,
        "othercomprehensiveincomedefinedbenefitplanstaxportionattributabletoparent": 0,
        "othercomprehensiveincomelossderivativesqualifyingashedgestax": 300000,
        "salesrevenuegoodsnet": 645000000,
        "salesrevenueservicesnet": 144300000,
        "revenues": -746800000,
        "costofgoodssold": 217100000,
        "costofgoodssoldamortization": 79800000,
        "costofservices": 77300000,
        "grossprofit": 415100000,
        "researchanddevelopmentexpense": 56800000,
        "sellingandmarketingexpense": 130500000,
        "generalandadministrativeexpense": 83800000,
        "amortizationofintangibleassets": 14700000,
        "restructuringcharges": 1800000,
        "operatingexpenses": 1019300000,
        "operatingincomeloss": -131200000,
        "investmentincomeinterest": 2100000,
        "interestexpense": 38900000,
        "gainslossesonextinguishmentofdebt": -44900000,
        "othernonoperatingincomeexpense": -5100000,
        "incomelossfromcontinuingoperationsbeforeincometaxesminorityinterestandincomelossfromequitymethodinvestments": -691000000,
        "incometaxexpensebenefit": -9600000,
        "earningspersharebasic": -2.46,
        "earningspersharediluted": -2.44,
        "weightedaveragenumberofsharesoutstandingbasic": 129000,
        "weightedaveragenumberofdilutedsharesoutstanding": -3817000
    },
    {
        "date": "2017-12-29",
        "symbol": "HOLX",
        "period": "Q1",
        "netincomeloss": 406700000,
        "othercomprehensiveincomeforeigncurrencytransactionandtranslationadjustmentnetoftaxportionattributabletoparent": 5500000,
        "othercomprehensiveincomelossreclassificationadjustmentfromaociforsaleofsecuritiesnetoftax": -400000,
        "othercomprehensiveincomedefinedbenefitplansadjustmentnetoftaxportionattributabletoparent": -600000,
        "derivativeinstrumentsgainlossrecognizedinothercomprehensiveincomeeffectiveportionnet": -4300000,
        "othercomprehensiveincomelossreclassificationadjustmentfromaocionderivativesnetoftax": -2300000,
        "othercomprehensiveincomelossnetoftaxportionattributabletoparent": 4500000,
        "comprehensiveincomenetoftax": 411200000,
        "othercomprehensiveincomeunrealizedholdinggainlossonsecuritiesarisingduringperiodtax": 200000,
        "othercomprehensiveincomedefinedbenefitplanstaxportionattributabletoparent": -600000,
        "othercomprehensiveincomelossderivativesqualifyingashedgestax": -4900000,
        "salesrevenuegoodsnet": 650700000,
        "salesrevenueservicesnet": 140400000,
        "revenues": 791100000,
        "costofgoodssold": 213700000,
        "costofgoodssoldamortization": 79800000,
        "costofservices": 73100000,
        "grossprofit": 424500000,
        "researchanddevelopmentexpense": 54800000,
        "sellingandmarketingexpense": 139500000,
        "generalandadministrativeexpense": 77900000,
        "amortizationofintangibleassets": 14400000,
        "restructuringcharges": 3800000,
        "operatingexpenses": 290400000,
        "operatingincomeloss": 134100000,
        "investmentincomeinterest": 800000,
        "interestexpense": 41000000,
        "gainslossesonextinguishmentofdebt": -1000000,
        "othernonoperatingincomeexpense": 2900000,
        "incomelossfromcontinuingoperationsbeforeincometaxesminorityinterestandincomelossfromequitymethodinvestments": 95800000,
        "incometaxexpensebenefit": -310900000,
        "earningspersharebasic": 1.47,
        "earningspersharediluted": 1.45,
        "weightedaveragenumberofsharesoutstandingbasic": 276856000,
        "weightedaveragenumberofdilutedsharesoutstanding": 280802000
    },
    {
        "date": "2017-09-29",
        "symbol": "HOLX",
        "period": "Q4",
        "netincomeloss": 82700000,
        "othercomprehensiveincomelossreclassificationadjustmentfromaocionderivativesnetoftax": -2000000,
        "othercomprehensiveincomelossnetoftaxportionattributabletoparent": 11200000,
        "comprehensiveincomenetoftax": 93900000,
        "othercomprehensiveincomelossderivativesqualifyingashedgestax": -100000,
        "salesrevenuegoodsnet": 655700000,
        "salesrevenueservicesnet": 147200000,
        "revenues": 24200000,
        "costofgoodssold": 233700000,
        "costofgoodssoldamortization": 79200000,
        "costofservices": 72100000,
        "grossprofit": 417900000,
        "researchanddevelopmentexpense": 60500000,
        "sellingandmarketingexpense": 139800000,
        "generalandadministrativeexpense": 90600000,
        "amortizationofintangibleassets": 15200000,
        "restructuringcharges": 2500000,
        "operatingexpenses": 308600000,
        "operatingincomeloss": 500000,
        "investmentincomeinterest": 500000,
        "interestexpense": 36100000,
        "othernonoperatingincomeexpense": -800000,
        "incomelossfromcontinuingoperationsbeforeincometaxesminorityinterestandincomelossfromequitymethodinvestments": 72300000,
        "incometaxexpensebenefit": -10400000,
        "earningspersharebasic": 0.3000000000000003,
        "earningspersharediluted": 0.2900000000000001,
        "weightedaveragenumberofsharesoutstandingbasic": -90000,
        "weightedaveragenumberofdilutedsharesoutstanding": -304000
    },
    {
        "date": "2017-06-30",
        "symbol": "HOLX",
        "period": "Q3",
        "netincomeloss": 59500000,
        "othercomprehensiveincomeforeigncurrencytransactionandtranslationadjustmentnetoftaxportionattributabletoparent": 11600000,
        "othercomprehensiveincomelossavailableforsalesecuritiesadjustmentnetoftax": 0,
        "othercomprehensiveincomelossreclassificationadjustmentfromaociforsaleofsecuritiesnetoftax": 0,
        "derivativeinstrumentsgainlossrecognizedinothercomprehensiveincomeeffectiveportionnet": -400000,
        "othercomprehensiveincomelossreclassificationadjustmentfromaocionderivativesnetoftax": -1600000,
        "othercomprehensiveincomelossnetoftaxportionattributabletoparent": 12800000,
        "comprehensiveincomenetoftax": 72300000,
        "othercomprehensiveincomeunrealizedholdinggainlossonsecuritiesarisingduringperiodtax": -1400000,
        "othercomprehensiveincomelossderivativesqualifyingashedgestax": -100000,
        "salesrevenuegoodsnet": 674100000,
        "salesrevenueservicesnet": 132000000,
        "revenues": -691600000,
        "costofgoodssold": 249200000,
        "costofgoodssoldamortization": 79200000,
        "costofservices": 68100000,
        "grossprofit": 409600000,
        "researchanddevelopmentexpense": 62500000,
        "sellingandmarketingexpense": 145400000,
        "generalandadministrativeexpense": 65500000,
        "amortizationofintangibleassets": 15100000,
        "restructuringcharges": 6000000,
        "operatingexpenses": 294500000,
        "operatingincomeloss": -153100000,
        "investmentincomeinterest": 1100000,
        "interestexpense": 39200000,
        "othernonoperatingincomeexpense": 100000,
        "incomelossfromcontinuingoperationsbeforeincometaxesminorityinterestandincomelossfromequitymethodinvestments": 74500000,
        "incometaxexpensebenefit": 15000000,
        "earningspersharebasic": 0.21000000000000002,
        "earningspersharediluted": 0.21000000000000002,
        "weightedaveragenumberofsharesoutstandingbasic": -278977000,
        "weightedaveragenumberofdilutedsharesoutstanding": -284277000
    },
    {
        "date": "2017-03-31",
        "symbol": "HOLX",
        "period": "Q2",
        "netincomeloss": 526800000,
        "othercomprehensiveincomeforeigncurrencytransactionandtranslationadjustmentnetoftaxportionattributabletoparent": 3400000,
        "othercomprehensiveincomelossavailableforsalesecuritiesadjustmentnetoftax": 100000,
        "othercomprehensiveincomelossreclassificationadjustmentfromaociforsaleofsecuritiesnetoftax": 2500000,
        "derivativeinstrumentsgainlossrecognizedinothercomprehensiveincomeeffectiveportionnet": 400000,
        "othercomprehensiveincomelossreclassificationadjustmentfromaocionderivativesnetoftax": -1200000,
        "othercomprehensiveincomelossnetoftaxportionattributabletoparent": 2600000,
        "comprehensiveincomenetoftax": 529400000,
        "othercomprehensiveincomeunrealizedholdinggainlossonsecuritiesarisingduringperiodtax": 100000,
        "othercomprehensiveincomelossderivativesqualifyingashedgestax": 300000,
        "salesrevenuegoodsnet": 594800000,
        "salesrevenueservicesnet": 120600000,
        "revenues": 21800000,
        "costofgoodssold": 200600000,
        "costofgoodssoldamortization": 65200000,
        "costofservices": 60900000,
        "grossprofit": 388700000,
        "researchanddevelopmentexpense": 55400000,
        "sellingandmarketingexpense": 103400000,
        "generalandadministrativeexpense": 117400000,
        "amortizationofintangibleassets": 10800000,
        "gainlossonsaleofbusiness": 899700000,
        "restructuringcharges": 1600000,
        "operatingexpenses": -611100000,
        "operatingincomeloss": 100000,
        "investmentincomeinterest": 1900000,
        "interestexpense": 37500000,
        "othernonoperatingincomeexpense": 3400000,
        "incomelossfromcontinuingoperationsbeforeincometaxesminorityinterestandincomelossfromequitymethodinvestments": 967600000,
        "incometaxexpensebenefit": 440800000,
        "earningspersharebasic": 1.88,
        "earningspersharediluted": 1.84,
        "weightedaveragenumberofsharesoutstandingbasic": 280215000,
        "weightedaveragenumberofdilutedsharesoutstanding": 286010000
    },
    {
        "date": "2016-12-30",
        "symbol": "HOLX",
        "period": "Q1",
        "netincomeloss": 86500000,
        "othercomprehensiveincomeforeigncurrencytransactionandtranslationadjustmentnetoftaxportionattributabletoparent": -15700000,
        "othercomprehensiveincomelossavailableforsalesecuritiesadjustmentnetoftax": 2300000,
        "othercomprehensiveincomelossreclassificationadjustmentfromaociforsaleofsecuritiesnetoftax": -100000,
        "derivativeinstrumentsgainlossrecognizedinothercomprehensiveincomeeffectiveportionnet": 700000,
        "othercomprehensiveincomelossreclassificationadjustmentfromaocionderivativesnetoftax": -2100000,
        "othercomprehensiveincomelossnetoftaxportionattributabletoparent": -10500000,
        "comprehensiveincomenetoftax": 76000000,
        "othercomprehensiveincomeunrealizedholdinggainlossonsecuritiesarisingduringperiodtax": 1500000,
        "othercomprehensiveincomelossderivativesqualifyingashedgestax": 500000,
        "salesrevenuegoodsnet": 613400000,
        "salesrevenueservicesnet": 121000000,
        "revenues": 734400000,
        "costofgoodssold": 198300000,
        "costofgoodssoldamortization": 73500000,
        "costofservices": 57800000,
        "grossprofit": 404800000,
        "researchanddevelopmentexpense": 54400000,
        "sellingandmarketingexpense": 110000000,
        "generalandadministrativeexpense": 69800000,
        "amortizationofintangibleassets": 21400000,
        "restructuringcharges": 3200000,
        "operatingexpenses": 258800000,
        "operatingincomeloss": 146000000,
        "investmentincomeinterest": 300000,
        "interestexpense": 40400000,
        "othernonoperatingincomeexpense": 10200000,
        "incomelossfromcontinuingoperationsbeforeincometaxesminorityinterestandincomelossfromequitymethodinvestments": 116100000,
        "incometaxexpensebenefit": 29600000,
        "earningspersharebasic": 0.31,
        "earningspersharediluted": 0.3,
        "weightedaveragenumberofsharesoutstandingbasic": 278663000,
        "weightedaveragenumberofdilutedsharesoutstanding": 284224000
    },
    {
        "date": "2016-09-23",
        "symbol": "HOLX",
        "period": "Q4",
        "netincomeloss": 92100000,
        "derivativeinstrumentsgainlossrecognizedinothercomprehensiveincomeeffectiveportionnet": 6800000,
        "othercomprehensiveincomelossreclassificationadjustmentfromaocionderivativesnetoftax": 1700000,
        "othercomprehensiveincomelossnetoftaxportionattributabletoparent": 1000000,
        "comprehensiveincomenetoftax": 93100000,
        "othercomprehensiveincomelossderivativesqualifyingashedgestax": -100000,
        "salesrevenuegoodsnet": 607500000,
        "salesrevenueservicesnet": 119400000,
        "revenues": 21200000,
        "costofgoodssold": 195600000,
        "costofgoodssoldamortization": 71200000,
        "costofservices": 54000000,
        "grossprofit": 406100000,
        "researchanddevelopmentexpense": 62500000,
        "sellingandmarketingexpense": 105900000,
        "generalandadministrativeexpense": 65300000,
        "amortizationofintangibleassets": 22400000,
        "restructuringcharges": 3000000,
        "operatingexpenses": 259100000,
        "operatingincomeloss": -1100000,
        "investmentincomeinterest": 100000,
        "interestexpense": 37900000,
        "othernonoperatingincomeexpense": -900000,
        "incomelossfromcontinuingoperationsbeforeincometaxesminorityinterestandincomelossfromequitymethodinvestments": 107500000,
        "incometaxexpensebenefit": 15400000,
        "earningspersharebasic": 0.3300000000000001,
        "earningspersharediluted": 0.3300000000000001,
        "weightedaveragenumberofsharesoutstandingbasic": -888000,
        "weightedaveragenumberofdilutedsharesoutstanding": -1221000
    },
    {
        "date": "2016-06-24",
        "symbol": "HOLX",
        "period": "Q3",
        "netincomeloss": 84900000,
        "othercomprehensiveincomeforeigncurrencytransactionandtranslationadjustmentnetoftaxportionattributabletoparent": -3800000,
        "othercomprehensiveincomelossavailableforsalesecuritiesadjustmentnetoftax": 0,
        "derivativeinstrumentsgainlossrecognizedinothercomprehensiveincomeeffectiveportionnet": -1500000,
        "othercomprehensiveincomelossreclassificationadjustmentfromaocionderivativesnetoftax": 1200000,
        "othercomprehensiveincomelossnetoftaxportionattributabletoparent": -4100000,
        "comprehensiveincomenetoftax": 80800000,
        "othercomprehensiveincomelossderivativesqualifyingashedgestax": 900000,
        "salesrevenuegoodsnet": 601300000,
        "salesrevenueservicesnet": 116100000,
        "revenues": 23000000,
        "costofgoodssold": 191100000,
        "costofgoodssoldamortization": 77900000,
        "costofservices": 55300000,
        "grossprofit": 393100000,
        "researchanddevelopmentexpense": 58800000,
        "sellingandmarketingexpense": 108900000,
        "generalandadministrativeexpense": 62500000,
        "amortizationofintangibleassets": 21900000,
        "restructuringcharges": 1500000,
        "operatingexpenses": 253600000,
        "operatingincomeloss": 100000,
        "investmentincomeinterest": 200000,
        "interestexpense": 39100000,
        "othernonoperatingincomeexpense": 600000,
        "incomelossfromcontinuingoperationsbeforeincometaxesminorityinterestandincomelossfromequitymethodinvestments": 101200000,
        "incometaxexpensebenefit": 16300000,
        "earningspersharebasic": 0.3099999999999999,
        "earningspersharediluted": 0.2999999999999999,
        "weightedaveragenumberofsharesoutstandingbasic": -1624000,
        "weightedaveragenumberofdilutedsharesoutstanding": -2537000
    },
    {
        "date": "2016-03-25",
        "symbol": "HOLX",
        "period": "Q2",
        "netincomeloss": 68900000,
        "othercomprehensiveincomeforeigncurrencytransactionandtranslationadjustmentnetoftaxportionattributabletoparent": -1200000,
        "othercomprehensiveincomelossavailableforsalesecuritiesadjustmentnetoftax": -600000,
        "othercomprehensiveincomelossreclassificationadjustmentfromaociforsaleofsecuritiesnetoftax": 0,
        "derivativeinstrumentsgainlossrecognizedinothercomprehensiveincomeeffectiveportionnet": -2200000,
        "othercomprehensiveincomelossreclassificationadjustmentfromaocionderivativesnetoftax": 700000,
        "othercomprehensiveincomelossnetoftaxportionattributabletoparent": -3300000,
        "comprehensiveincomenetoftax": 65600000,
        "othercomprehensiveincomelossderivativesqualifyingashedgestax": 1000000,
        "salesrevenuegoodsnet": 583000000,
        "salesrevenueservicesnet": 110200000,
        "revenues": -649500000,
        "costofgoodssold": 181900000,
        "costofgoodssoldamortization": 70900000,
        "costofservices": 55400000,
        "grossprofit": 385000000,
        "researchanddevelopmentexpense": 59100000,
        "sellingandmarketingexpense": 100900000,
        "generalandadministrativeexpense": 62500000,
        "amortizationofintangibleassets": 22800000,
        "restructuringcharges": 3700000,
        "operatingexpenses": 249000000,
        "operatingincomeloss": -122100000,
        "investmentincomeinterest": 200000,
        "interestexpense": 39100000,
        "othernonoperatingincomeexpense": -700000,
        "incomelossfromcontinuingoperationsbeforeincometaxesminorityinterestandincomelossfromequitymethodinvestments": 91900000,
        "incometaxexpensebenefit": 23000000,
        "earningspersharebasic": 0.24000000000000005,
        "earningspersharediluted": 0.24000000000000005,
        "weightedaveragenumberofsharesoutstandingbasic": -251000,
        "weightedaveragenumberofdilutedsharesoutstanding": -2057000
    },
    {
        "date": "2015-12-25",
        "symbol": "HOLX",
        "period": "Q1",
        "netincomeloss": 84900000,
        "othercomprehensiveincomeforeigncurrencytransactionandtranslationadjustmentnetoftaxportionattributabletoparent": -4200000,
        "othercomprehensiveincomelossavailableforsalesecuritiesadjustmentnetoftax": -600000,
        "othercomprehensiveincomelossreclassificationadjustmentfromaociforsaleofsecuritiesnetoftax": -7200000,
        "derivativeinstrumentsgainlossrecognizedinothercomprehensiveincomeeffectiveportionnet": 300000,
        "othercomprehensiveincomelossreclassificationadjustmentfromaocionderivativesnetoftax": 300000,
        "othercomprehensiveincomelossnetoftaxportionattributabletoparent": -11400000,
        "comprehensiveincomenetoftax": 73500000,
        "othercomprehensiveincomelossderivativesqualifyingashedgestax": 200000,
        "salesrevenuegoodsnet": 587200000,
        "salesrevenueservicesnet": 108000000,
        "revenues": 695200000,
        "costofgoodssold": 188200000,
        "costofgoodssoldamortization": 73400000,
        "costofservices": 54500000,
        "grossprofit": 379100000,
        "researchanddevelopmentexpense": 51700000,
        "sellingandmarketingexpense": 99400000,
        "generalandadministrativeexpense": 77000000,
        "amortizationofintangibleassets": 22600000,
        "restructuringcharges": 2300000,
        "operatingexpenses": 253000000,
        "operatingincomeloss": 126100000,
        "investmentincomeinterest": 200000,
        "interestexpense": 39200000,
        "othernonoperatingincomeexpense": 27600000,
        "incomelossfromcontinuingoperationsbeforeincometaxesminorityinterestandincomelossfromequitymethodinvestments": 114700000,
        "incometaxexpensebenefit": 29800000,
        "earningspersharebasic": 0.3,
        "earningspersharediluted": 0.29,
        "weightedaveragenumberofsharesoutstandingbasic": 282976000,
        "weightedaveragenumberofdilutedsharesoutstanding": 291971000
    },
    {
        "date": "2015-09-25",
        "symbol": "HOLX",
        "period": "Q4",
        "netincomeloss": -8600000,
        "othercomprehensiveincomeforeigncurrencytransactionandtranslationadjustmentnetoftaxportionattributabletoparent": -6600000,
        "othercomprehensiveincomelossavailableforsalesecuritiesadjustmentnetoftax": -5900000,
        "othercomprehensiveincomelossnetoftaxportionattributabletoparent": 3000000,
        "comprehensiveincomenetoftax": -25700000,
        "salesrevenuegoodsnet": 2693700000,
        "salesrevenueservicesnet": 464500000,
        "revenues": 25500000,
        "costofgoodssold": 1178800000,
        "costofgoodssoldamortization": 296100000,
        "costofservices": 247000000,
        "grossprofit": 1068700000,
        "researchanddevelopmentexpense": 186700000,
        "sellingandmarketingexpense": 288700000,
        "generalandadministrativeexpense": 204700000,
        "amortizationofintangibleassets": 109100000,
        "restructuringcharges": 6600000,
        "operatingexpenses": 806200000,
        "operatingincomeloss": 4500000,
        "interestexpense": 206900000,
        "othernonoperatingincomeexpense": -10600000,
        "incometaxexpensebenefit": 31300000,
        "earningspersharebasic": 0.08999999999999997,
        "earningspersharediluted": 0.08000000000000002,
        "weightedaveragenumberofsharesoutstandingbasic": 502000,
        "weightedaveragenumberofdilutedsharesoutstanding": 1747000
    },
    {
        "date": "2015-06-26",
        "symbol": "HOLX",
        "period": "Q3",
        "netincomeloss": -39100000,
        "othercomprehensiveincomeforeigncurrencytransactionandtranslationadjustmentnetoftaxportionattributabletoparent": 4000000,
        "othercomprehensiveincomelossavailableforsalesecuritiesadjustmentnetoftax": -700000,
        "othercomprehensiveincomelossnetoftaxportionattributabletoparent": 3100000,
        "comprehensiveincomenetoftax": -39100000,
        "salesrevenuegoodsnet": -154000000,
        "salesrevenueservicesnet": -6900000,
        "revenues": 22000000,
        "costofgoodssold": -154000000,
        "costofgoodssoldamortization": 800000,
        "costofservices": -6900000,
        "grossprofit": 135700000,
        "researchanddevelopmentexpense": 10200000,
        "sellingandmarketingexpense": 26900000,
        "generalandadministrativeexpense": 21500000,
        "amortizationofintangibleassets": 200000,
        "restructuringcharges": 20500000,
        "operatingexpenses": 68900000,
        "operatingincomeloss": 1800000,
        "investmentincomeinterest": 0,
        "interestexpense": -100000,
        "othernonoperatingincomeexpense": -100000,
        "incomelossfromcontinuingoperationsbeforeincometaxesminorityinterestandincomelossfromequitymethodinvestments": 0,
        "incometaxexpensebenefit": 4300000,
        "earningspersharebasic": 0.09999999999999998,
        "earningspersharediluted": 0.09999999999999998,
        "weightedaveragenumberofsharesoutstandingbasic": 559000,
        "weightedaveragenumberofdilutedsharesoutstanding": 2412000
    },
    {
        "date": "2015-03-27",
        "symbol": "HOLX",
        "period": "Q2",
        "netincomeloss": 150100000,
        "othercomprehensiveincomeforeigncurrencytransactionandtranslationadjustmentnetoftaxportionattributabletoparent": -9000000,
        "othercomprehensiveincomelossavailableforsalesecuritiesadjustmentnetoftax": -8300000,
        "othercomprehensiveincomedefinedbenefitplansadjustmentnetoftaxportionattributabletoparent": 0,
        "othercomprehensiveincomelossnetoftaxportionattributabletoparent": -19400000,
        "comprehensiveincomenetoftax": 150100000,
        "salesrevenuegoodsnet": -400900000,
        "salesrevenueservicesnet": -114000000,
        "revenues": -176100000,
        "costofgoodssold": -327600000,
        "costofgoodssoldamortization": 1200000,
        "costofservices": -58200000,
        "grossprofit": 100800000,
        "researchanddevelopmentexpense": 9600000,
        "sellingandmarketingexpense": 23000000,
        "generalandadministrativeexpense": 17400000,
        "amortizationofintangibleassets": 300000,
        "restructuringcharges": -400000,
        "operatingexpenses": 49900000,
        "operatingincomeloss": -70500000,
        "investmentincomeinterest": -600000,
        "interestexpense": -53100000,
        "gainslossesonextinguishmentofdebt": 0,
        "othernonoperatingincomeexpense": -51000000,
        "incomelossfromcontinuingoperationsbeforeincometaxesminorityinterestandincomelossfromequitymethodinvestments": -66700000,
        "incometaxexpensebenefit": 8600000,
        "earningspersharebasic": 0.18000000000000002,
        "earningspersharediluted": 0.17,
        "weightedaveragenumberofsharesoutstandingbasic": 834000,
        "weightedaveragenumberofdilutedsharesoutstanding": 2202000
    },
    {
        "date": "2014-12-26",
        "symbol": "HOLX",
        "period": "Q1",
        "netincomeloss": 29200000,
        "othercomprehensiveincomeforeigncurrencytransactionandtranslationadjustmentnetoftaxportionattributabletoparent": -9000000,
        "othercomprehensiveincomelossavailableforsalesecuritiesadjustmentnetoftax": 5100000,
        "othercomprehensiveincomedefinedbenefitplansadjustmentnetoftaxportionattributabletoparent": -100000,
        "othercomprehensiveincomelossnetoftaxportionattributabletoparent": -3800000,
        "comprehensiveincomenetoftax": 29200000,
        "salesrevenuegoodsnet": 131600000,
        "salesrevenueservicesnet": 91000000,
        "revenues": 222600000,
        "costofgoodssold": 58300000,
        "costofgoodssoldamortization": 1600000,
        "costofservices": 35200000,
        "grossprofit": 127500000,
        "researchanddevelopmentexpense": 8400000,
        "sellingandmarketingexpense": 24400000,
        "generalandadministrativeexpense": 17400000,
        "amortizationofintangibleassets": 600000,
        "restructuringcharges": 1800000,
        "operatingexpenses": 52600000,
        "operatingincomeloss": 74900000,
        "investmentincomeinterest": -700000,
        "interestexpense": 51800000,
        "gainslossesonextinguishmentofdebt": -6700000,
        "othernonoperatingincomeexpense": 50700000,
        "incomelossfromcontinuingoperationsbeforeincometaxesminorityinterestandincomelossfromequitymethodinvestments": 66400000,
        "incometaxexpensebenefit": 1400000,
        "earningspersharebasic": 0.1,
        "earningspersharediluted": 0.1,
        "weightedaveragenumberofsharesoutstandingbasic": 278671000,
        "weightedaveragenumberofdilutedsharesoutstanding": 283176000
    },
    {
        "date": "2014-09-26",
        "symbol": "HOLX",
        "period": "Q4",
        "netincomeloss": 102400000,
        "othercomprehensiveincomeforeigncurrencytransactionandtranslationadjustmentnetoftaxportionattributabletoparent": -13700000,
        "othercomprehensiveincomelossavailableforsalesecuritiesadjustmentnetoftax": -5100000,
        "othercomprehensiveincomedefinedbenefitplansadjustmentnetoftaxportionattributabletoparent": 700000,
        "othercomprehensiveincomelossnetoftaxportionattributabletoparent": -15400000,
        "comprehensiveincomenetoftax": 73200000,
        "salesrevenuegoodsnet": -165200000,
        "salesrevenueservicesnet": -11500000,
        "revenues": 129600000,
        "costofgoodssold": 74400000,
        "costofgoodssoldamortization": 3800000,
        "costofservices": -11500000,
        "researchanddevelopmentexpense": 42400000,
        "sellingandmarketingexpense": 21900000,
        "generalandadministrativeexpense": 8400000,
        "amortizationofintangibleassets": 1300000,
        "restructuringcharges": 800000,
        "operatingincomeloss": 24200000,
        "investmentincomeinterest": 100000,
        "interestexpense": 52600000,
        "gainslossesonextinguishmentofdebt": 0,
        "othernonoperatingincomeexpense": -18600000,
        "incomelossfromcontinuingoperationsbeforeincometaxesminorityinterestandincomelossfromequitymethodinvestments": -4700000,
        "incometaxexpensebenefit": -2000000,
        "earningspersharebasic": 0.1,
        "earningspersharediluted": 0.1,
        "weightedaveragenumberofsharesoutstandingbasic": 786000,
        "weightedaveragenumberofdilutedsharesoutstanding": 3647000
    },
    {
        "date": "2014-06-27",
        "symbol": "HOLX",
        "period": "Q3",
        "netincomeloss": 52005000,
        "othercomprehensiveincomeforeigncurrencytransactionandtranslationadjustmentnetoftaxportionattributabletoparent": 7466000,
        "othercomprehensiveincomelossavailableforsalesecuritiesadjustmentnetoftax": 4128000,
        "othercomprehensiveincomedefinedbenefitplansadjustmentnetoftaxportionattributabletoparent": -15000,
        "othercomprehensiveincomelossnetoftaxportionattributabletoparent": 7394000,
        "comprehensiveincomenetoftax": -59295000,
        "salesrevenuegoodsnet": -111284000,
        "salesrevenueservicesnet": -12358000,
        "revenues": 648958000,
        "costofgoodssold": 477316000,
        "costofgoodssoldamortization": 3873000,
        "costofservices": -12358000,
        "researchanddevelopmentexpense": 117176000,
        "sellingandmarketingexpense": 9776000,
        "generalandadministrativeexpense": 11089000,
        "amortizationofintangibleassets": 2306000,
        "restructuringcharges": -22309000,
        "operatingincomeloss": 41903000,
        "investmentincomeinterest": 1694000,
        "interestexpense": 169394000,
        "gainslossesonextinguishmentofdebt": -14777000,
        "othernonoperatingincomeexpense": 7090000,
        "incomelossfromcontinuingoperationsbeforeincometaxesminorityinterestandincomelossfromequitymethodinvestments": -7472000,
        "incometaxexpensebenefit": 865000,
        "earningspersharebasic": 0.039999999999999994,
        "earningspersharediluted": 0.039999999999999994,
        "weightedaveragenumberofsharesoutstandingbasic": 1065000,
        "weightedaveragenumberofdilutedsharesoutstanding": 1065000
    },
    {
        "date": "2014-03-28",
        "symbol": "HOLX",
        "period": "Q2",
        "salesrevenuegoodsnet": -336819000,
        "salesrevenueservicesnet": -39386000,
        "revenues": -523824000,
        "costofgoodssold": -296706000,
        "costofgoodssoldamortization": 867000,
        "costofservices": -44485000,
        "researchanddevelopmentexpense": 2223000,
        "sellingandmarketingexpense": 20268000,
        "generalandadministrativeexpense": 11442000,
        "amortizationofintangibleassets": 1120000,
        "restructuringcharges": 11559000,
        "costsandexpenses": 330476000,
        "operatingincomeloss": 15243000,
        "investmentincomeinterest": -1588000,
        "interestexpense": -1964000,
        "gainslossesonextinguishmentofdebt": 10317000,
        "othernonoperatingincomeexpense": -139000,
        "incomelossfromcontinuingoperationsbeforeincometaxesminorityinterestandincomelossfromequitymethodinvestments": -31351000,
        "incometaxexpensebenefit": 2104000,
        "netincomeloss": 12803000,
        "earningspersharebasic": -0.06,
        "earningspersharediluted": -0.06,
        "weightedaveragenumberofsharesoutstandingbasic": 940000,
        "weightedaveragenumberofdilutedsharesoutstanding": 940000,
        "othercomprehensiveincomeforeigncurrencytransactionandtranslationadjustmentnetoftaxportionattributabletoparent": -5789000,
        "othercomprehensiveincomelossavailableforsalesecuritiesadjustmentnetoftax": -1048000,
        "othercomprehensiveincomedefinedbenefitplansadjustmentnetoftaxportionattributabletoparent": 1230000,
        "othercomprehensiveincomelossnetoftaxportionattributabletoparent": -6811000,
        "comprehensiveincomenetoftax": 14695000,
        "othercomprehensiveincomedefinedbenefitplanstaxportionattributabletoparent": 0
    },
    {
        "date": "2013-12-27",
        "symbol": "HOLX",
        "period": "Q1",
        "salesrevenuegoodsnet": 126403000,
        "salesrevenueservicesnet": 11744000,
        "revenues": 285766000,
        "costofgoodssold": 86290000,
        "costofgoodssoldamortization": 1160000,
        "costofservices": 16843000,
        "researchanddevelopmentexpense": 2301000,
        "sellingandmarketingexpense": 22556000,
        "generalandadministrativeexpense": 11669000,
        "amortizationofintangibleassets": 1274000,
        "restructuringcharges": 18350000,
        "costsandexpenses": 145697000,
        "operatingincomeloss": 4754000,
        "investmentincomeinterest": 194000,
        "interestexpense": 570000,
        "gainslossesonextinguishmentofdebt": -2940000,
        "othernonoperatingincomeexpense": 949000,
        "incomelossfromcontinuingoperationsbeforeincometaxesminorityinterestandincomelossfromequitymethodinvestments": -6977000,
        "incometaxexpensebenefit": 2431000,
        "netincomeloss": -9408000,
        "earningspersharebasic": -0.02,
        "earningspersharediluted": -0.02,
        "weightedaveragenumberofsharesoutstandingbasic": 272708000,
        "weightedaveragenumberofdilutedsharesoutstanding": 272708000,
        "othercomprehensiveincomeforeigncurrencytransactionandtranslationadjustmentnetoftaxportionattributabletoparent": -1277000,
        "othercomprehensiveincomelossavailableforsalesecuritiesadjustmentnetoftax": -1180000,
        "othercomprehensiveincomedefinedbenefitplansadjustmentnetoftaxportionattributabletoparent": -615000,
        "othercomprehensiveincomelossnetoftaxportionattributabletoparent": -2983000,
        "comprehensiveincomenetoftax": -11300000,
        "othercomprehensiveincomedefinedbenefitplanstaxportionattributabletoparent": 152000
    },
    {
        "date": "2013-09-27",
        "symbol": "HOLX",
        "period": "Q4",
        "salesrevenuegoodsnet": 111923000,
        "salesrevenueservicesnet": 12123000,
        "revenues": 289980000,
        "costofgoodssold": 87088000,
        "costofgoodssoldamortization": 972000,
        "costofservices": 9505000,
        "researchanddevelopmentexpense": 2576000,
        "sellingandmarketingexpense": 17990000,
        "generalandadministrativeexpense": 8082000,
        "amortizationofintangibleassets": 1193000,
        "contingentconsiderationcompensationexpense": -465000,
        "restructuringcharges": 28300000,
        "costsandexpenses": 129170000,
        "operatingincomeloss": -1115382000,
        "investmentincomeinterest": 179000,
        "interestexpense": 525000,
        "othernonoperatingincomeexpense": -12714000,
        "incomelossfromcontinuingoperationsbeforeincometaxesminorityinterestandincomelossfromequitymethodinvestments": -18184000,
        "incometaxexpensebenefit": 635000,
        "netincomeloss": -1178594000,
        "earningspersharebasic": -4.14,
        "earningspersharediluted": -4.14,
        "weightedaveragenumberofsharesoutstandingbasic": 721000,
        "weightedaveragenumberofdilutedsharesoutstanding": 721000,
        "othercomprehensiveincomeforeigncurrencytransactionandtranslationadjustmentnetoftaxportionattributabletoparent": 10865000,
        "othercomprehensiveincomelossavailableforsalesecuritiesadjustmentnetoftax": 9833000,
        "othercomprehensiveincomelossnetoftaxportionattributabletoparent": 20643000,
        "comprehensiveincomenetoftax": -8478000
    },
    {
        "date": "2013-06-28",
        "symbol": "HOLX",
        "period": "Q3",
        "salesrevenuegoodsnet": 166671000,
        "salesrevenueservicesnet": -124624000,
        "revenues": 458973000,
        "costofgoodssold": 138322000,
        "costofgoodssoldamortization": 536000,
        "costofservices": -49094000,
        "researchanddevelopmentexpense": -7257000,
        "sellingandmarketingexpense": 28867000,
        "generalandadministrativeexpense": -5306000,
        "amortizationofintangibleassets": 2158000,
        "contingentconsiderationcompensationexpense": 21601000,
        "restructuringcharges": 4120000,
        "costsandexpenses": 44347000,
        "operatingincomeloss": -126587000,
        "investmentincomeinterest": 52000,
        "interestexpense": -144973000,
        "othernonoperatingincomeexpense": 4570000,
        "incomelossfromcontinuingoperationsbeforeincometaxesminorityinterestandincomelossfromequitymethodinvestments": 150542000,
        "incometaxexpensebenefit": 34297000,
        "netincomeloss": 53742000,
        "earningspersharebasic": -0.04,
        "earningspersharediluted": -0.04,
        "weightedaveragenumberofsharesoutstandingbasic": 724000,
        "weightedaveragenumberofdilutedsharesoutstanding": 724000,
        "othercomprehensiveincomeforeigncurrencytransactionandtranslationadjustmentnetoftaxportionattributabletoparent": -9728000,
        "othercomprehensiveincomelossavailableforsalesecuritiesadjustmentnetoftax": 131000,
        "othercomprehensiveincomelossnetoftaxportionattributabletoparent": -2853000,
        "comprehensiveincomenetoftax": 44250000
    },
    {
        "date": "2013-03-29",
        "symbol": "HOLX",
        "period": "Q2",
        "salesrevenuegoodsnet": 100614000,
        "salesrevenueservicesnet": 81176000,
        "revenues": 220058000,
        "costofgoodssold": 52488000,
        "costofgoodssoldamortization": 1309000,
        "costofservices": 40620000,
        "researchanddevelopmentexpense": 7234000,
        "sellingandmarketingexpense": 20484000,
        "generalandadministrativeexpense": 16716000,
        "amortizationofintangibleassets": 777000,
        "contingentconsiderationcompensationexpense": 29388000,
        "businesscombinationcontingentconsiderationarrangementschangeinamountofcontingentconsiderationliability": 10133800,
        "gainlossondispositionofintangibleassets": 0,
        "restructuringcharges": 164000,
        "costsandexpenses": 169979000,
        "operatingincomeloss": 47891000,
        "investmentincomeinterest": 99000,
        "interestexpense": 75238000,
        "othernonoperatingincomeexpense": 1638000,
        "incomelossfromcontinuingoperationsbeforeincometaxesminorityinterestandincomelossfromequitymethodinvestments": -64937000,
        "incometaxexpensebenefit": -14842000,
        "netincomeloss": -51104000,
        "earningspersharebasic": -0.19,
        "earningspersharediluted": -0.19,
        "weightedaveragenumberofsharesoutstandingbasic": 915000,
        "weightedaveragenumberofdilutedsharesoutstanding": -2120000,
        "othercomprehensiveincomeforeigncurrencytransactionandtranslationadjustmentnetoftaxportionattributabletoparent": -341000,
        "othercomprehensiveincomelossavailableforsalesecuritiesadjustmentnetoftax": 2687000,
        "othercomprehensiveincomelossnetoftaxportionattributabletoparent": -5601000,
        "comprehensiveincomenetoftax": -51104000
    },
    {
        "date": "2012-12-28",
        "symbol": "HOLX",
        "period": "Q1",
        "salesrevenuegoodsnet": 98043000,
        "salesrevenueservicesnet": 77960000,
        "revenues": 220808000,
        "costofgoodssold": 53520000,
        "costofgoodssoldamortization": 1306000,
        "costofservices": 38378000,
        "researchanddevelopmentexpense": 7418000,
        "sellingandmarketingexpense": 20773000,
        "generalandadministrativeexpense": 15320000,
        "amortizationofintangibleassets": 678000,
        "contingentconsiderationcompensationexpense": 29486000,
        "businesscombinationcontingentconsiderationarrangementschangeinamountofcontingentconsiderationliability": -10040000,
        "gainlossondispositionofintangibleassets": 53884000,
        "restructuringcharges": 221000,
        "costsandexpenses": 177140000,
        "operatingincomeloss": 44946000,
        "investmentincomeinterest": 131000,
        "interestexpense": 71254000,
        "othernonoperatingincomeexpense": 119000,
        "incomelossfromcontinuingoperationsbeforeincometaxesminorityinterestandincomelossfromequitymethodinvestments": -72141000,
        "incometaxexpensebenefit": -11747000,
        "netincomeloss": 3118000,
        "earningspersharebasic": 0.01,
        "earningspersharediluted": 0.01,
        "weightedaveragenumberofsharesoutstandingbasic": 266344000,
        "weightedaveragenumberofdilutedsharesoutstanding": 269379000,
        "othercomprehensiveincomeforeigncurrencytransactionandtranslationadjustmentnetoftaxportionattributabletoparent": 577000,
        "othercomprehensiveincomelossavailableforsalesecuritiesadjustmentnetoftax": -557000,
        "othercomprehensiveincomelossnetoftaxportionattributabletoparent": 1412000,
        "comprehensiveincomenetoftax": 3118000
    },
    {
        "date": "2012-09-28",
        "symbol": "HOLX",
        "period": "Q4",
        "salesrevenuegoodsnet": 492954000,
        "salesrevenueservicesnet": 95594000,
        "revenues": 230328000,
        "costofgoodssold": 196410000,
        "costofgoodssoldamortization": 66072000,
        "costofservices": 51749000,
        "researchanddevelopmentexpense": 47094000,
        "sellingandmarketingexpense": 89947000,
        "generalandadministrativeexpense": 88723000,
        "amortizationofintangibleassets": 24832000,
        "contingentconsiderationcompensationexpense": 4100000,
        "businesscombinationcontingentconsiderationarrangementschangeinamountofcontingentconsiderationliability": 79592000,
        "restructuringcharges": 16687000,
        "costsandexpenses": 632251000,
        "operatingincomeloss": 40910000,
        "investmentincomeinterest": 393000,
        "interestexpense": 56673000,
        "othernonoperatingincomeexpense": 2019000,
        "incomelossfromcontinuingoperationsbeforeincometaxesminorityinterestandincomelossfromequitymethodinvestments": -97964000,
        "incometaxexpensebenefit": -20197000,
        "netincomeloss": -77767000,
        "earningspersharebasic": -0.3,
        "earningspersharediluted": -0.3,
        "weightedaveragenumberofsharesoutstandingbasic": 299000,
        "weightedaveragenumberofdilutedsharesoutstanding": -2318000
    },
    {
        "date": "2012-06-22",
        "symbol": "HOLX",
        "period": "Q3",
        "salesrevenuegoodsnet": 384593000,
        "salesrevenueservicesnet": 85635000,
        "revenues": 597178000,
        "costofgoodssold": 134062000,
        "costofgoodssoldamortization": 45280000,
        "costofservices": 46246000,
        "researchanddevelopmentexpense": 26229000,
        "sellingandmarketingexpense": 76368000,
        "generalandadministrativeexpense": 43421000,
        "amortizationofintangibleassets": 15733000,
        "contingentconsiderationcompensationexpense": -26039000,
        "businesscombinationcontingentconsiderationarrangementschangeinamountofcontingentconsiderationliability": -37972000,
        "restructuringcharges": 136000,
        "costsandexpenses": 389701000,
        "operatingincomeloss": 137956000,
        "investmentincomeinterest": 695000,
        "interestexpense": 25593000,
        "othernonoperatingincomeexpense": -622000,
        "incomelossfromcontinuingoperationsbeforeincometaxesminorityinterestandincomelossfromequitymethodinvestments": 55007000,
        "incometaxexpensebenefit": 31413000,
        "netincomeloss": 23594000,
        "earningspersharebasic": 0.08999999999999998,
        "earningspersharediluted": 0.08999999999999998,
        "weightedaveragenumberofsharesoutstandingbasic": -262875000,
        "weightedaveragenumberofdilutedsharesoutstanding": -262499000
    },
    {
        "date": "2012-03-23",
        "symbol": "HOLX",
        "period": "Q2",
        "salesrevenuegoodsnet": 388085000,
        "salesrevenueservicesnet": 83080000,
        "revenues": 23515000,
        "costofgoodssold": 154423000,
        "costofgoodssoldamortization": 44341000,
        "costofservices": 46291000,
        "researchanddevelopmentexpense": 29297000,
        "sellingandmarketingexpense": 78539000,
        "generalandadministrativeexpense": 41403000,
        "amortizationofintangibleassets": 16629000,
        "contingentconsiderationcompensationexpense": 17527000,
        "businesscombinationcontingentconsiderationarrangementschangeinamountofcontingentconsiderationliability": -258000,
        "gainlossondispositionofintangibleassets": 12424000,
        "gainlossrelatedtolitigationsettlement": -440000,
        "restructuringcharges": 783000,
        "costsandexpenses": 461031000,
        "operatingincomeloss": 3023000,
        "investmentincomeinterest": 590000,
        "interestexpense": 28512000,
        "lossonextinguishmentofdebt": 42300000,
        "othernonoperatingincomeexpense": 1527000,
        "incomelossfromcontinuingoperationsbeforeincometaxesminorityinterestandincomelossfromequitymethodinvestments": -58608000,
        "incometaxexpensebenefit": -18335000,
        "netincomeloss": -40273000,
        "earningspersharebasic": -0.15,
        "earningspersharediluted": -0.15,
        "weightedaveragenumberofsharesoutstandingbasic": 263900000,
        "weightedaveragenumberofdilutedsharesoutstanding": 263900000
    },
    {
        "date": "2011-12-23",
        "symbol": "HOLX",
        "period": "Q1",
        "salesrevenuegoodsnet": 392096000,
        "salesrevenueservicesnet": 80615000,
        "revenues": 24750000,
        "costofgoodssold": 131944000,
        "costofgoodssoldamortization": 46171000,
        "costofservices": 45226000,
        "researchanddevelopmentexpense": 28342000,
        "sellingandmarketingexpense": 77460000,
        "generalandadministrativeexpense": 46495000,
        "amortizationofintangibleassets": 14842000,
        "contingentconsiderationcompensationexpense": 10012000,
        "businesscombinationcontingentconsiderationarrangementschangeinamountofcontingentconsiderationliability": 468000,
        "restructuringcharges": -91000,
        "costsandexpenses": 405952000,
        "operatingincomeloss": 4217000,
        "investmentincomeinterest": 662000,
        "interestexpense": 29509000,
        "othernonoperatingincomeexpense": 1992000,
        "incomelossfromcontinuingoperationsbeforeincometaxesminorityinterestandincomelossfromequitymethodinvestments": 39904000,
        "incometaxexpensebenefit": 19092000,
        "netincomeloss": 20812000,
        "earningspersharebasic": 0.08,
        "earningspersharediluted": 0.08,
        "weightedaveragenumberofsharesoutstandingbasic": 262717000,
        "weightedaveragenumberofdilutedsharesoutstanding": 264958000
    },
    {
        "date": "2011-06-24",
        "symbol": "HOLX",
        "period": "Q3",
        "salesrevenuegoodsnet": 372790000,
        "salesrevenueservicesnet": 78292000,
        "revenues": -802624000,
        "costofgoodssold": 129420000,
        "costofgoodssoldamortization": 44877000,
        "costofservices": 42503000,
        "researchanddevelopmentexpense": 29725000,
        "sellingandmarketingexpense": 73293000,
        "generalandadministrativeexpense": 39811000,
        "amortizationofintangibleassets": 14794000,
        "businesscombinationcontingentconsiderationarrangementschangeinamountofcontingentconsiderationliability": 5425000,
        "costsandexpenses": 377166000,
        "operatingincomeloss": -218258000,
        "investmentincomeinterest": 485000,
        "interestexpense": 28673000,
        "othernonoperatingincomeexpense": -1304000,
        "incomelossfromcontinuingoperationsbeforeincometaxesminorityinterestandincomelossfromequitymethodinvestments": 44424000,
        "incometaxexpensebenefit": 8228000,
        "netincomeloss": 36196000,
        "earningspersharebasic": 0.13999999999999999,
        "earningspersharediluted": 0.13999999999999999,
        "weightedaveragenumberofsharesoutstandingbasic": 520000,
        "weightedaveragenumberofdilutedsharesoutstanding": 526000
    },
    {
        "date": "2011-03-25",
        "symbol": "HOLX",
        "period": "Q2",
        "salesrevenuegoodsnet": 360952000,
        "salesrevenueservicesnet": 77699000,
        "revenues": 438651000,
        "costofgoodssold": 131976000,
        "costofgoodssoldamortization": 44489000,
        "costofservices": 41778000,
        "researchanddevelopmentexpense": 30333000,
        "sellingandmarketingexpense": 71049000,
        "generalandadministrativeexpense": 38910000,
        "amortizationofintangibleassets": 14552000,
        "businesscombinationcontingentconsiderationarrangementschangeinamountofcontingentconsiderationliability": 5271000,
        "gainlossrelatedtolitigationsettlement": 0,
        "costsandexpenses": 283263000,
        "operatingincomeloss": 155388000,
        "investmentincomeinterest": 460000,
        "interestexpense": 28185000,
        "othernonoperatingincomeexpense": 1164000,
        "incomelossfromcontinuingoperationsbeforeincometaxesminorityinterestandincomelossfromequitymethodinvestments": 128827000,
        "incometaxexpensebenefit": 46382000,
        "netincomeloss": 82445000,
        "earningspersharebasic": 0.32,
        "earningspersharediluted": 0.31,
        "weightedaveragenumberofsharesoutstandingbasic": 600000,
        "weightedaveragenumberofdilutedsharesoutstanding": 442000
    },
    {
        "date": "2010-12-24",
        "symbol": "HOLX",
        "period": "Q1",
        "salesrevenuegoodsnet": 358603000,
        "salesrevenueservicesnet": 73968000,
        "revenues": 432571000,
        "costofgoodssold": 125025000,
        "costofgoodssoldamortization": 42112000,
        "costofservices": 40700000,
        "researchanddevelopmentexpense": 28557000,
        "sellingandmarketingexpense": 67911000,
        "generalandadministrativeexpense": 40453000,
        "amortizationofintangibleassets": 14496000,
        "businesscombinationcontingentconsiderationarrangementschangeinamountofcontingentconsiderationliability": -1096000,
        "gainlossrelatedtolitigationsettlement": -450000,
        "restructuringcharges": 51000,
        "costsandexpenses": 360851000,
        "operatingincomeloss": 71720000,
        "investmentincomeinterest": 407000,
        "interestexpense": 28909000,
        "gainslossesonextinguishmentofdebt": -29891000,
        "othernonoperatingincomeexpense": -798000,
        "incomelossfromcontinuingoperationsbeforeincometaxesminorityinterestandincomelossfromequitymethodinvestments": 12529000,
        "incometaxexpensebenefit": 1589000,
        "netincomeloss": 10940000,
        "earningspersharebasic": 0.04,
        "earningspersharediluted": 0.04,
        "weightedaveragenumberofsharesoutstandingbasic": 259624000,
        "weightedaveragenumberofdilutedsharesoutstanding": 263146000
    },
    {
        "date": "2010-06-25",
        "symbol": "HOLX",
        "period": "Q3",
        "salesrevenuegoodsnet": 353677000,
        "salesrevenueservicesnet": 67016000,
        "revenues": 420693000,
        "costofgoodssold": 127832000,
        "costofgoodssoldamortization": 43524000,
        "costofservices": 39448000,
        "researchanddevelopmentexpense": 24218000,
        "sellingandmarketingexpense": 59425000,
        "generalandadministrativeexpense": 33899000,
        "amortizationofintangibleassets": 13573000,
        "restructuringcharges": 0,
        "costsandexpenses": 341919000,
        "operatingincomeloss": 78774000,
        "investmentincomeinterest": 321000,
        "interestexpense": 33653000,
        "othernonoperatingincomeexpense": 305000,
        "incomelossfromcontinuingoperationsbeforeincometaxesminorityinterestandincomelossfromequitymethodinvestments": 45747000,
        "incometaxexpensebenefit": 18299000,
        "netincomeloss": 27448000,
        "earningspersharebasic": 0.10999999999999996,
        "earningspersharediluted": 0.1,
        "weightedaveragenumberofsharesoutstandingbasic": -258082000,
        "weightedaveragenumberofdilutedsharesoutstanding": -260819000
    },
    {
        "date": "2010-03-26",
        "symbol": "HOLX",
        "period": "Q2",
        "salesrevenuegoodsnet": 353119000,
        "salesrevenueservicesnet": 64993000,
        "revenues": 418112000,
        "costofgoodssold": 120570000,
        "costofgoodssoldamortization": 43526000,
        "costofservices": 40377000,
        "researchanddevelopmentexpense": 25298000,
        "sellingandmarketingexpense": 61461000,
        "generalandadministrativeexpense": 38693000,
        "amortizationofintangibleassets": 13577000,
        "gainlossrelatedtolitigationsettlement": -12500000,
        "restructuringcharges": -132000,
        "disposalgroupnotdiscontinuedoperationgainlossondisposal": -341000,
        "costsandexpenses": 356211000,
        "operatingincomeloss": 61901000,
        "investmentincomeinterest": 401000,
        "interestexpense": 32321000,
        "othernonoperatingincomeexpense": 777000,
        "incomelossfromcontinuingoperationsbeforeincometaxesminorityinterestandincomelossfromequitymethodinvestments": 30758000,
        "incometaxexpensebenefit": 10140000,
        "netincomeloss": 20618000,
        "earningspersharebasic": 0.08,
        "earningspersharediluted": 0.08,
        "weightedaveragenumberofsharesoutstandingbasic": 258653000,
        "weightedaveragenumberofdilutedsharesoutstanding": 261478000
    },
    {
        "date": "2009-12-25",
        "symbol": "HOLX",
        "period": "Q1",
        "salesrevenuegoodsnet": 351410000,
        "salesrevenueservicesnet": 61038000,
        "revenues": 412448000,
        "costofgoodssold": 116260000,
        "costofgoodssoldamortization": 43520000,
        "costofservices": 36223000,
        "researchanddevelopmentexpense": 23198000,
        "sellingandmarketingexpense": 64597000,
        "generalandadministrativeexpense": 42615000,
        "amortizationofintangibleassets": 13579000,
        "restructuringcharges": 487000,
        "costsandexpenses": 340479000,
        "operatingincomeloss": 71969000,
        "investmentincomeinterest": 185000,
        "interestexpense": 31804000,
        "othernonoperatingincomeexpense": 743000,
        "incomelossfromcontinuingoperationsbeforeincometaxesminorityinterestandincomelossfromequitymethodinvestments": 41093000,
        "incometaxexpensebenefit": 14998000,
        "netincomeloss": 26095000,
        "earningspersharebasic": 0.1,
        "earningspersharediluted": 0.1,
        "weightedaveragenumberofsharesoutstandingbasic": 258024000,
        "weightedaveragenumberofdilutedsharesoutstanding": 260804000
    }
]