[
    {
        "date": "2024-09-29",
        "symbol": "HWM",
        "period": "Q3",
        "revenuefromcontractwithcustomerexcludingassessedtax": 1835000000,
        "costofgoodsandserviceexcludingdepreciationdepletionandamortization": 1253000000,
        "sellinggeneralandadministrativeexpense": 85000000,
        "researchanddevelopmentexpense": 9000000,
        "depreciationandamortization": 66000000,
        "restructuringcostsandassetimpairmentcharges": -1000000,
        "operatingincomeloss": 421000000,
        "gainslossesonextinguishmentofdebt": -6000000,
        "interestincomeexpensenonoperatingnet": -44000000,
        "nonoperatingincomeexpense": -17000000,
        "incomelossfromcontinuingoperationsbeforeincometaxesextraordinaryitemsnoncontrollinginterest": 354000000,
        "incometaxexpensebenefit": 22000000,
        "netincomeloss": 332000000,
        "netincomelossavailabletocommonstockholdersbasic": 331000000,
        "netincomelossavailabletocommonstockholdersdiluted": 331000000,
        "earningspersharebasic": 0.81,
        "earningspersharediluted": 0.81,
        "weightedaveragenumberofsharesoutstandingbasic": 408000000,
        "weightedaveragenumberofdilutedsharesoutstanding": 410000000,
        "othercomprehensiveincomedefinedbenefitplansadjustmentnetoftaxportionattributabletoparent": -8000000,
        "othercomprehensiveincomeforeigncurrencytransactionandtranslationadjustmentnetoftaxportionattributabletoparent": 71000000,
        "othercomprehensiveincomelosscashflowhedgegainlossafterreclassificationandtaxparent": -19000000,
        "othercomprehensiveincomelossnetoftaxportionattributabletoparent": -19000000,
        "comprehensiveincomenetoftax": 392000000
    },
    {
        "date": "2024-06-29",
        "symbol": "HWM",
        "period": "Q2",
        "revenuefromcontractwithcustomerexcludingassessedtax": 1880000000,
        "costofgoodsandserviceexcludingdepreciationdepletionandamortization": 1287000000,
        "sellinggeneralandadministrativeexpense": 97000000,
        "researchanddevelopmentexpense": 7000000,
        "depreciationandamortization": 69000000,
        "restructuringcharges": 22000000,
        "operatingincomeloss": 398000000,
        "interestexpensenonoperating": 49000000,
        "nonoperatingincomeexpense": -15000000,
        "incomelossfromcontinuingoperationsbeforeincometaxesextraordinaryitemsnoncontrollinginterest": 334000000,
        "incometaxexpensebenefit": 68000000,
        "netincomeloss": 266000000,
        "netincomelossavailabletocommonstockholdersbasic": 266000000,
        "netincomelossavailabletocommonstockholdersdiluted": 266000000,
        "earningspersharebasic": 0.65,
        "earningspersharediluted": 0.65,
        "weightedaveragenumberofsharesoutstandingbasic": 408000000,
        "weightedaveragenumberofdilutedsharesoutstanding": 411000000,
        "othercomprehensiveincomedefinedbenefitplansadjustmentnetoftaxportionattributabletoparent": -4000000,
        "othercomprehensiveincomeforeigncurrencytransactionandtranslationadjustmentnetoftaxportionattributabletoparent": -4000000,
        "othercomprehensiveincomelosscashflowhedgegainlossafterreclassificationandtaxparent": 3000000,
        "othercomprehensiveincomelossnetoftaxportionattributabletoparent": 3000000,
        "comprehensiveincomenetoftax": 269000000
    },
    {
        "date": "2023-12-30",
        "symbol": "HWM",
        "period": "Q4",
        "revenuefromcontractwithcustomerexcludingassessedtax": 1731000000,
        "costofgoodsandserviceexcludingdepreciationdepletionandamortization": 1230000000,
        "sellinggeneralandadministrativeexpense": 83000000,
        "researchanddevelopmentexpense": 9000000,
        "depreciationandamortization": 68000000,
        "operatingincomeloss": 326000000,
        "interestexpense": 52000000,
        "nonoperatingincomeexpense": -3000000,
        "incomelossfromcontinuingoperationsbeforeincometaxesextraordinaryitemsnoncontrollinginterest": 270000000,
        "incometaxexpensebenefit": 34000000,
        "netincomeloss": 236000000,
        "netincomelossavailabletocommonstockholdersbasic": 236000000,
        "netincomelossavailabletocommonstockholdersdiluted": 236000000,
        "earningspersharebasic": 0.5700000000000002,
        "earningspersharediluted": 0.56,
        "weightedaveragenumberofsharesoutstandingbasic": 412000000,
        "comprehensiveincomenetoftax": 256000000
    },
    {
        "date": "2023-09-29",
        "symbol": "HWM",
        "period": "Q3",
        "revenuefromcontractwithcustomerexcludingassessedtax": 4408000000,
        "costofgoodsandserviceexcludingdepreciationdepletionandamortization": 1183000000,
        "sellinggeneralandadministrativeexpense": 87000000,
        "researchanddevelopmentexpense": 9000000,
        "depreciationandamortization": 74000000,
        "restructuringcharges": 6000000,
        "operatingincomeloss": 940000000,
        "interestexpense": 54000000,
        "nonoperatingincomeexpense": -11000000,
        "incomelossfromcontinuingoperationsbeforeincometaxesextraordinaryitemsnoncontrollinginterest": 242000000,
        "incometaxexpensebenefit": 54000000,
        "netincomeloss": 188000000,
        "netincomelossavailabletocommonstockholdersbasic": 187000000,
        "netincomelossavailabletocommonstockholdersdiluted": 187000000,
        "earningspersharebasic": 0.4600000000000001,
        "earningspersharediluted": 0.45999999999999996,
        "weightedaveragenumberofsharesoutstandingbasic": -1000000,
        "weightedaveragenumberofdilutedsharesoutstanding": 0,
        "comprehensiveincomenetoftax": 146000000
    },
    {
        "date": "2023-06-29",
        "symbol": "HWM",
        "period": "Q2",
        "revenuefromcontractwithcustomerexcludingassessedtax": 255000000,
        "costofgoodsandserviceexcludingdepreciationdepletionandamortization": 1196000000,
        "sellinggeneralandadministrativeexpense": 88000000,
        "researchanddevelopmentexpense": 9000000,
        "depreciationandamortization": 66000000,
        "restructuringcharges": 1000000,
        "operatingincomeloss": -34000000,
        "gainslossesonextinguishmentofdebt": 0,
        "interestexpense": 55000000,
        "nonoperatingincomeexpense": 13000000,
        "incomelossfromcontinuingoperationsbeforeincometaxesextraordinaryitemsnoncontrollinginterest": 243000000,
        "incometaxexpensebenefit": 50000000,
        "netincomeloss": 193000000,
        "netincomelossavailabletocommonstockholdersbasic": 193000000,
        "netincomelossavailabletocommonstockholdersdiluted": 193000000,
        "earningspersharebasic": 0.45999999999999996,
        "earningspersharediluted": 0.4600000000000001,
        "weightedaveragenumberofsharesoutstandingbasic": 1000000,
        "weightedaveragenumberofdilutedsharesoutstanding": -1000000,
        "comprehensiveincomenetoftax": 191000000
    },
    {
        "date": "2023-03-30",
        "symbol": "HWM",
        "period": "Q1",
        "revenuefromcontractwithcustomerexcludingassessedtax": 246000000,
        "costofgoodsandserviceexcludingdepreciationdepletionandamortization": 1164000000,
        "sellinggeneralandadministrativeexpense": 75000000,
        "researchanddevelopmentexpense": 9000000,
        "depreciationandamortization": 64000000,
        "restructuringcharges": 1000000,
        "operatingincomeloss": -29000000,
        "gainslossesonextinguishmentofdebt": -1000000,
        "interestexpense": 57000000,
        "nonoperatingincomeexpense": -7000000,
        "incomelossfromcontinuingoperationsbeforeincometaxesextraordinaryitemsnoncontrollinginterest": 220000000,
        "incometaxexpensebenefit": 72000000,
        "netincomeloss": 148000000,
        "netincomelossavailabletocommonstockholdersbasic": 147000000,
        "netincomelossavailabletocommonstockholdersdiluted": 147000000,
        "earningspersharebasic": 0.36,
        "earningspersharediluted": 0.35,
        "weightedaveragenumberofsharesoutstandingbasic": 412000000,
        "weightedaveragenumberofdilutedsharesoutstanding": 418000000,
        "othercomprehensiveincomelosspensionandotherpostretirementbenefitplansadjustmentnetoftax": -5000000,
        "othercomprehensiveincomelossforeigncurrencytransactionandtranslationadjustmentnetoftax": 34000000,
        "othercomprehensiveincomelosscashflowhedgegainlossafterreclassificationandtax": -4000000,
        "othercomprehensiveincomelossnetoftax": -4000000,
        "comprehensiveincomenetoftax": 183000000
    },
    {
        "date": "2022-12-30",
        "symbol": "HWM",
        "period": "Q4",
        "revenuefromcontractwithcustomerexcludingassessedtax": 213000000,
        "costofgoodsandserviceexcludingdepreciationdepletionandamortization": 1110000000,
        "sellinggeneralandadministrativeexpense": 63000000,
        "researchanddevelopmentexpense": 9000000,
        "depreciationandamortization": 65000000,
        "restructuringcharges": 10000000,
        "operatingincomeloss": -26000000,
        "interestexpense": 57000000,
        "nonoperatingincomeexpense": -15000000,
        "incomelossfromcontinuingoperationsbeforeincometaxesextraordinaryitemsnoncontrollinginterest": 148000000,
        "incometaxexpensebenefit": 37000000,
        "netincomeloss": 111000000,
        "netincomelossavailabletocommonstockholdersdiluted": 111000000,
        "weightedaveragenumberofsharesoutstandingbasic": -1000000,
        "weightedaveragenumberofdilutedsharesoutstanding": -1000000,
        "othercomprehensiveincomelosspensionandotherpostretirementbenefitplansadjustmentnetoftax": -107000000,
        "othercomprehensiveincomelossforeigncurrencytransactionandtranslationadjustmentnetoftax": 142000000,
        "othercomprehensiveincomelosscashflowhedgegainlossafterreclassificationandtax": 21000000,
        "othercomprehensiveincomelossnetoftax": 21000000,
        "comprehensiveincomenetoftax": 381000000
    },
    {
        "date": "2022-09-29",
        "symbol": "HWM",
        "period": "Q3",
        "revenuefromcontractwithcustomerexcludingassessedtax": 213000000,
        "costofgoodsandserviceexcludingdepreciationdepletionandamortization": 1056000000,
        "sellinggeneralandadministrativeexpense": 73000000,
        "researchanddevelopmentexpense": 7000000,
        "depreciationandamortization": 64000000,
        "restructuringcharges": 3000000,
        "operatingincomeloss": -46000000,
        "interestexpense": 57000000,
        "nonoperatingincomeexpense": -67000000,
        "incomelossfromcontinuingoperationsbeforeincometaxesextraordinaryitemsnoncontrollinginterest": 104000000,
        "incometaxexpensebenefit": 24000000,
        "netincomeloss": 80000000,
        "netincomelossavailabletocommonstockholdersbasic": 79000000,
        "netincomelossavailabletocommonstockholdersdiluted": 79000000,
        "earningspersharebasic": 0.2,
        "earningspersharediluted": 0.18,
        "weightedaveragenumberofsharesoutstandingbasic": -419000000,
        "weightedaveragenumberofdilutedsharesoutstanding": -425000000,
        "othercomprehensiveincomelosspensionandotherpostretirementbenefitplansadjustmentnetoftax": -7000000,
        "othercomprehensiveincomelossforeigncurrencytransactionandtranslationadjustmentnetoftax": -128000000,
        "othercomprehensiveincomelosscashflowhedgegainlossafterreclassificationandtax": 2000000,
        "othercomprehensiveincomelossnetoftax": 2000000,
        "comprehensiveincomenetoftax": -39000000
    },
    {
        "date": "2022-06-29",
        "symbol": "HWM",
        "period": "Q2",
        "revenuefromcontractwithcustomerexcludingassessedtax": 213000000,
        "costofgoodsandserviceexcludingdepreciationdepletionandamortization": 987000000,
        "sellinggeneralandadministrativeexpense": 83000000,
        "researchanddevelopmentexpense": 9000000,
        "depreciationandamortization": 64000000,
        "restructuringcharges": 3000000,
        "operatingincomeloss": -25000000,
        "gainslossesonextinguishmentofdebt": -2000000,
        "interestexpense": 57000000,
        "nonoperatingincomeexpense": 1000000,
        "incomelossfromcontinuingoperationsbeforeincometaxesextraordinaryitemsnoncontrollinginterest": 183000000,
        "incometaxexpensebenefit": 36000000,
        "netincomeloss": 147000000,
        "netincomelossavailabletocommonstockholdersbasic": 147000000,
        "netincomelossavailabletocommonstockholdersdiluted": 147000000,
        "earningspersharebasic": 0.35,
        "earningspersharediluted": 0.35,
        "weightedaveragenumberofsharesoutstandingbasic": 417000000,
        "weightedaveragenumberofdilutedsharesoutstanding": 422000000,
        "othercomprehensiveincomelosspensionandotherpostretirementbenefitplansadjustmentnetoftax": -22000000,
        "othercomprehensiveincomelossforeigncurrencytransactionandtranslationadjustmentnetoftax": -114000000,
        "othercomprehensiveincomelosscashflowhedgegainlossafterreclassificationandtax": -36000000,
        "othercomprehensiveincomelossnetoftax": -36000000,
        "comprehensiveincomenetoftax": 19000000
    },
    {
        "date": "2022-03-30",
        "symbol": "HWM",
        "period": "Q1",
        "revenuefromcontractwithcustomerexcludingassessedtax": 212000000,
        "costofgoodsandserviceexcludingdepreciationdepletionandamortization": 950000000,
        "sellinggeneralandadministrativeexpense": 69000000,
        "researchanddevelopmentexpense": 7000000,
        "depreciationandamortization": 65000000,
        "restructuringcharges": 1000000,
        "operatingincomeloss": -22000000,
        "interestexpense": 58000000,
        "nonoperatingincomeexpense": -1000000,
        "incomelossfromcontinuingoperationsbeforeincometaxesextraordinaryitemsnoncontrollinginterest": 171000000,
        "incometaxexpensebenefit": 40000000,
        "netincomeloss": 131000000,
        "netincomelossavailabletocommonstockholdersbasic": 130000000,
        "netincomelossavailabletocommonstockholdersdiluted": 130000000,
        "earningspersharebasic": 0.31,
        "earningspersharediluted": 0.31,
        "weightedaveragenumberofsharesoutstandingbasic": 419000000,
        "weightedaveragenumberofdilutedsharesoutstanding": 425000000,
        "othercomprehensiveincomelosspensionandotherpostretirementbenefitplansadjustmentnetoftax": -10000000,
        "othercomprehensiveincomelossforeigncurrencytransactionandtranslationadjustmentnetoftax": -31000000,
        "othercomprehensiveincomelosscashflowhedgegainlossafterreclassificationandtax": 20000000,
        "othercomprehensiveincomelossnetoftax": 20000000,
        "comprehensiveincomenetoftax": 130000000
    },
    {
        "date": "2021-12-30",
        "symbol": "HWM",
        "period": "Q4",
        "revenuefromcontractwithcustomerexcludingassessedtax": 211000000,
        "costofgoodsandserviceexcludingdepreciationdepletionandamortization": 938000000,
        "sellinggeneralandadministrativeexpense": 61000000,
        "researchanddevelopmentexpense": 4000000,
        "depreciationandamortization": 66000000,
        "restructuringcharges": 3000000,
        "operatingincomeloss": -33000000,
        "interestexpense": 58000000,
        "nonoperatingincomeexpense": -6000000,
        "incometaxexpensebenefit": 1000000,
        "incomelossfromcontinuingoperations": 77000000,
        "netincomeloss": 77000000,
        "incomelossfromcontinuingoperationsperbasicshare": 0.18,
        "incomelossfromcontinuingoperationsperdilutedshare": 0.18,
        "weightedaveragenumberofsharesoutstandingbasic": -1000000,
        "weightedaveragenumberofdilutedsharesoutstanding": -2000000,
        "othercomprehensiveincomelosspensionandotherpostretirementbenefitplansadjustmentnetoftax": -91000000,
        "othercomprehensiveincomelossforeigncurrencytransactionandtranslationadjustmentnetoftax": -34000000,
        "othercomprehensiveincomelosscashflowhedgegainlossafterreclassificationandtax": -9000000,
        "othercomprehensiveincomelossnetoftax": -9000000
    },
    {
        "date": "2021-09-29",
        "symbol": "HWM",
        "period": "Q3",
        "revenuefromcontractwithcustomerexcludingassessedtax": 218000000,
        "costofgoodsandserviceexcludingdepreciationdepletionandamortization": 928000000,
        "sellinggeneralandadministrativeexpense": 70000000,
        "researchanddevelopmentexpense": 4000000,
        "depreciationandamortization": 65000000,
        "restructuringcharges": 3000000,
        "operatingincomeloss": -30000000,
        "interestexpense": 40000000,
        "nonoperatingincomeexpense": -1000000,
        "incometaxexpensebenefit": -4000000,
        "incomelossfromcontinuingoperations": 27000000,
        "netincomeloss": 27000000,
        "netincomelossavailabletocommonstockholdersbasic": 27000000,
        "incomelossfromcontinuingoperationsperbasicshare": 0.06999999999999998,
        "incomelossfromcontinuingoperationsperdilutedshare": 0.05999999999999997,
        "weightedaveragenumberofsharesoutstandingbasic": -435000000,
        "weightedaveragenumberofdilutedsharesoutstanding": -439000000,
        "othercomprehensiveincomelosspensionandotherpostretirementbenefitplansadjustmentnetoftax": -13000000,
        "othercomprehensiveincomelossforeigncurrencytransactionandtranslationadjustmentnetoftax": -36000000,
        "othercomprehensiveincomelosscashflowhedgegainlossafterreclassificationandtax": -4000000,
        "othercomprehensiveincomelossnetoftax": -4000000,
        "comprehensiveincomenetoftax": 0
    },
    {
        "date": "2021-06-29",
        "symbol": "HWM",
        "period": "Q2",
        "revenuefromcontractwithcustomerexcludingassessedtax": 223000000,
        "costofgoodsandserviceexcludingdepreciationdepletionandamortization": 857000000,
        "sellinggeneralandadministrativeexpense": 55000000,
        "researchanddevelopmentexpense": 4000000,
        "depreciationandamortization": 65000000,
        "restructuringcharges": 3000000,
        "operatingincomeloss": -10000000,
        "interestexpense": 89000000,
        "nonoperatingincomeexpense": -8000000,
        "incomelossfromcontinuingoperationsbeforeincometaxesminorityinterestandincomelossfromequitymethodinvestments": 110000000,
        "incometaxexpensebenefit": 36000000,
        "incomelossfromcontinuingoperations": 74000000,
        "netincomeloss": 74000000,
        "netincomelossavailabletocommonstockholdersbasic": 73000000,
        "netincomelossavailabletocommonstockholdersdiluted": 73000000,
        "incomelossfromcontinuingoperationsperbasicshare": 0.17,
        "incomelossfromcontinuingoperationsperdilutedshare": 0.17,
        "weightedaveragenumberofsharesoutstandingbasic": 432000000,
        "weightedaveragenumberofdilutedsharesoutstanding": 437000000,
        "othercomprehensiveincomelosspensionandotherpostretirementbenefitplansadjustmentnetoftax": -35000000,
        "othercomprehensiveincomelossforeigncurrencytransactionandtranslationadjustmentnetoftax": 18000000,
        "othercomprehensiveincomelosscashflowhedgegainlossafterreclassificationandtax": 4000000,
        "othercomprehensiveincomelossnetoftax": 4000000,
        "comprehensiveincomenetoftax": 131000000
    },
    {
        "date": "2021-03-30",
        "symbol": "HWM",
        "period": "Q1",
        "revenuefromcontractwithcustomerexcludingassessedtax": 211000000,
        "costofgoodsandserviceexcludingdepreciationdepletionandamortization": 873000000,
        "sellinggeneralandadministrativeexpense": 65000000,
        "researchanddevelopmentexpense": 5000000,
        "depreciationandamortization": 65000000,
        "restructuringcharges": 3000000,
        "operatingincomeloss": -28000000,
        "interestexpense": 72000000,
        "nonoperatingincomeexpense": -4000000,
        "incomelossfromcontinuingoperationsbeforeincometaxesminorityinterestandincomelossfromequitymethodinvestments": 113000000,
        "incometaxexpensebenefit": 33000000,
        "incomelossfromcontinuingoperations": 80000000,
        "netincomeloss": 80000000,
        "netincomelossavailabletocommonstockholdersbasic": 79000000,
        "incomelossfromcontinuingoperationsperbasicshare": 0.18,
        "incomelossfromcontinuingoperationsperdilutedshare": 0.18,
        "weightedaveragenumberofsharesoutstandingbasic": 434000000,
        "weightedaveragenumberofdilutedsharesoutstanding": 439000000,
        "othercomprehensiveincomelosspensionandotherpostretirementbenefitplansadjustmentnetoftax": -42000000,
        "othercomprehensiveincomelossforeigncurrencytransactionandtranslationadjustmentnetoftax": -44000000,
        "othercomprehensiveincomelosscashflowhedgegainlossafterreclassificationandtax": 4000000,
        "othercomprehensiveincomelossnetoftax": 4000000,
        "comprehensiveincomenetoftax": 82000000
    },
    {
        "date": "2020-12-30",
        "symbol": "HWM",
        "period": "Q4",
        "revenuefromcontractwithcustomerexcludingassessedtax": 4664000000,
        "costofgoodsandserviceexcludingdepreciationdepletionandamortization": 872000000,
        "sellinggeneralandadministrativeexpense": 58000000,
        "researchanddevelopmentexpense": 4000000,
        "depreciationandamortization": 82000000,
        "restructuringcharges": 166000000,
        "operatingincomeloss": 711000000,
        "interestexpense": 76000000,
        "incomelossfromcontinuingoperationsbeforeincometaxesminorityinterestandincomelossfromequitymethodinvestments": 71000000,
        "incometaxexpensebenefit": -35000000,
        "netincomeloss": 106000000,
        "weightedaveragenumberofsharesoutstandingbasic": -1000000,
        "weightedaveragenumberofdilutedsharesoutstanding": -1000000,
        "othercomprehensiveincomelosspensionandotherpostretirementbenefitplansadjustmentnetoftax": 100000000,
        "othercomprehensiveincomelossforeigncurrencytransactionandtranslationadjustmentnetoftax": 83000000,
        "othercomprehensiveincomelosscashflowhedgegainlossafterreclassificationandtax": 3000000,
        "othercomprehensiveincomelossnetoftax": 15000000,
        "comprehensiveincomenetoftax": 92000000
    },
    {
        "date": "2020-09-29",
        "symbol": "HWM",
        "period": "Q3",
        "typeofcostgoodorserviceextensiblelist": "us-gaap:ProductMember",
        "revenuefromcontractwithcustomerexcludingassessedtax": -1096000000,
        "costofgoodsandserviceexcludingdepreciationdepletionandamortization": -393000000,
        "sellinggeneralandadministrativeexpense": -24000000,
        "researchanddevelopmentexpense": -6000000,
        "depreciationandamortization": -5000000,
        "restructuringcharges": -14000000,
        "operatingincomeloss": -558000000,
        "interestexpense": 70000000,
        "incomelossfromcontinuingoperationsbeforeincometaxesminorityinterestandincomelossfromequitymethodinvestments": -105000000,
        "incometaxexpensebenefit": -79000000,
        "netincomeloss": 36000000,
        "netincomelossavailabletocommonstockholdersbasic": 35000000,
        "weightedaveragenumberofsharesoutstandingbasic": -435000000,
        "weightedaveragenumberofdilutedsharesoutstanding": -436000000,
        "othercomprehensiveincomelosspensionandotherpostretirementbenefitplansadjustmentnetoftax": -8000000,
        "othercomprehensiveincomelossforeigncurrencytransactionandtranslationadjustmentnetoftax": 62000000,
        "othercomprehensiveincomelosscashflowhedgegainlossafterreclassificationandtax": 5000000,
        "othercomprehensiveincomelossnetoftax": 5000000,
        "comprehensiveincomenetoftax": 97000000
    },
    {
        "date": "2020-06-29",
        "symbol": "HWM",
        "period": "Q2",
        "revenuefromcontractwithcustomerexcludingassessedtax": 113000000,
        "costofgoodsandserviceexcludingdepreciationdepletionandamortization": 923000000,
        "sellinggeneralandadministrativeexpense": 74000000,
        "researchanddevelopmentexpense": 4000000,
        "depreciationandamortization": 73000000,
        "restructuringcharges": -8000000,
        "operatingincomeloss": 74000000,
        "interestexpense": 144000000,
        "nonoperatingincomeexpense": -16000000,
        "incomelossfromcontinuingoperationsbeforeincometaxesminorityinterestandincomelossfromequitymethodinvestments": -86000000,
        "incometaxexpensebenefit": -2000000,
        "incomelossfromcontinuingoperations": -84000000,
        "incomelossfromdiscontinuedoperationsnetoftaxattributabletoreportingentity": -12000000,
        "netincomeloss": -96000000,
        "netincomelossavailabletocommonstockholdersbasic": -96000000,
        "incomelossfromcontinuingoperationsperbasicshare": -0.19,
        "incomelossfromdiscontinuedoperationsnetoftaxperbasicshare": -0.03,
        "incomelossfromcontinuingoperationsperdilutedshare": -0.19,
        "incomelossfromdiscontinuedoperationsnetoftaxperdilutedshare": -0.03,
        "weightedaveragenumberofsharesoutstandingbasic": 436000000,
        "weightedaveragenumberofdilutedsharesoutstanding": 436000000,
        "profitloss": -96000000,
        "othercomprehensiveincomelosspensionandotherpostretirementbenefitplansadjustmentnetoftax": -9000000,
        "othercomprehensiveincomelossforeigncurrencytransactionandtranslationadjustmentnetoftax": -8000000,
        "othercomprehensiveincomelossavailableforsalesecuritiesadjustmentnetoftax": -1000000,
        "othercomprehensiveincomelosscashflowhedgegainlossafterreclassificationandtax": 9000000,
        "othercomprehensiveincomelossnetoftax": 9000000,
        "comprehensiveincomenetoftax": -87000000
    },
    {
        "date": "2020-03-30",
        "symbol": "HWM",
        "period": "Q1",
        "revenuefromcontractwithcustomerexcludingassessedtax": 1578000000,
        "costofgoodsandserviceexcludingdepreciationdepletionandamortization": 2476000000,
        "sellinggeneralandadministrativeexpense": 169000000,
        "researchanddevelopmentexpense": 15000000,
        "depreciationandamortization": 129000000,
        "restructuringcharges": 38000000,
        "operatingincomeloss": 399000000,
        "interestexpense": 91000000,
        "nonoperatingincomeexpense": -17000000,
        "incomelossfromcontinuingoperationsbeforeincometaxesminorityinterestandincomelossfromequitymethodinvestments": 291000000,
        "incometaxexpensebenefit": 76000000,
        "netincomeloss": 215000000,
        "netincomelossavailabletocommonstockholdersbasic": 214000000,
        "earningspersharebasic": 0.49,
        "earningspersharediluted": 0.49,
        "weightedaveragenumberofsharesoutstandingbasic": 435000000,
        "weightedaveragenumberofdilutedsharesoutstanding": 440000000,
        "profitloss": 215000000,
        "othercomprehensiveincomelosspensionandotherpostretirementbenefitplansadjustmentnetoftax": -37000000,
        "othercomprehensiveincomelossforeigncurrencytransactionandtranslationadjustmentnetoftax": -79000000,
        "othercomprehensiveincomelossavailableforsalesecuritiesadjustmentnetoftax": 1000000,
        "othercomprehensiveincomelosscashflowhedgegainlossafterreclassificationandtax": -13000000,
        "othercomprehensiveincomelossnetoftax": -13000000,
        "comprehensiveincomenetoftax": 175000000
    },
    {
        "date": "2019-12-30",
        "symbol": "HWM",
        "period": "Q4",
        "profitloss": 309000000,
        "othercomprehensiveincomelosspensionandotherpostretirementbenefitplansadjustmentnetoftax": 477000000,
        "othercomprehensiveincomelossforeigncurrencytransactionandtranslationadjustmentnetoftax": 78000000,
        "othercomprehensiveincomelosscashflowhedgegainlossafterreclassificationandtax": -1000000,
        "othercomprehensiveincomelossnetoftax": -401000000,
        "comprehensiveincomenetoftax": -92000000,
        "sellinggeneralandadministrativeexpense": 181000000,
        "researchanddevelopmentexpense": 15000000,
        "depreciationandamortization": 129000000,
        "restructuringcharges": -10000000,
        "operatingincomeloss": 416000000,
        "interestexpense": 82000000,
        "nonoperatingincomeexpense": -30000000,
        "incomelossfromcontinuingoperationsbeforeincometaxesminorityinterestandincomelossfromequitymethodinvestments": 304000000,
        "incometaxexpensebenefit": -5000000,
        "netincomeloss": 309000000,
        "earningspersharebasic": 0.6900000000000001,
        "earningspersharediluted": 0.68,
        "weightedaveragenumberofsharesoutstandingbasic": -448000000,
        "weightedaveragenumberofdilutedsharesoutstanding": -456000000
    },
    {
        "date": "2019-09-29",
        "symbol": "HWM",
        "period": "Q3",
        "profitloss": 95000000,
        "othercomprehensiveincomelosspensionandotherpostretirementbenefitplansadjustmentnetoftax": -26000000,
        "othercomprehensiveincomelossforeigncurrencytransactionandtranslationadjustmentnetoftax": -87000000,
        "othercomprehensiveincomelossavailableforsalesecuritiesadjustmentnetoftax": 1000000,
        "othercomprehensiveincomelosscashflowhedgegainlossafterreclassificationandtax": 1000000,
        "othercomprehensiveincomelossnetoftax": -59000000,
        "comprehensiveincomenetoftax": 36000000,
        "revenues": 3559000000,
        "costofgoodsandserviceexcludingdepreciationdepletionandamortization": 2800000000,
        "sellinggeneralandadministrativeexpense": 167000000,
        "researchanddevelopmentexpense": 16000000,
        "depreciationandamortization": 131000000,
        "restructuringcharges": 119000000,
        "operatingincomeloss": 326000000,
        "interestexpense": 86000000,
        "nonoperatingincomeexpense": -31000000,
        "incomelossfromcontinuingoperationsbeforeincometaxesminorityinterestandincomelossfromequitymethodinvestments": 209000000,
        "incometaxexpensebenefit": 114000000,
        "netincomeloss": 95000000,
        "netincomelossavailabletocommonstockholdersbasic": 94000000,
        "earningspersharebasic": 0.22,
        "earningspersharediluted": 0.21,
        "weightedaveragenumberofsharesoutstandingbasic": 436000000,
        "weightedaveragenumberofdilutedsharesoutstanding": 457000000
    },
    {
        "date": "2019-06-29",
        "symbol": "HWM",
        "period": "Q2",
        "profitloss": -121000000,
        "othercomprehensiveincomelosspensionandotherpostretirementbenefitplansadjustmentnetoftax": -23000000,
        "othercomprehensiveincomelossforeigncurrencytransactionandtranslationadjustmentnetoftax": -30000000,
        "othercomprehensiveincomelossavailableforsalesecuritiesadjustmentnetoftax": 0,
        "othercomprehensiveincomelosscashflowhedgegainlossafterreclassificationandtax": -10000000,
        "othercomprehensiveincomelossnetoftax": -17000000,
        "comprehensiveincomenetoftax": -138000000,
        "revenues": 6697000000,
        "sellinggeneralandadministrativeexpense": 178000000,
        "researchanddevelopmentexpense": 17000000,
        "depreciationandamortization": 139000000,
        "restructuringcharges": 446000000,
        "operatingincomeloss": -81000000,
        "interestexpense": 85000000,
        "nonoperatingincomeexpense": -29000000,
        "incomelossfromcontinuingoperationsbeforeincometaxesminorityinterestandincomelossfromequitymethodinvestments": -195000000,
        "incometaxexpensebenefit": -74000000,
        "netincomeloss": -121000000,
        "netincomelossavailabletocommonstockholdersbasic": -121000000,
        "earningspersharebasic": -0.26,
        "earningspersharediluted": -0.25,
        "weightedaveragenumberofsharesoutstandingbasic": -13000000,
        "weightedaveragenumberofdilutedsharesoutstanding": -27000000
    },
    {
        "date": "2019-03-30",
        "symbol": "HWM",
        "period": "Q1",
        "profitloss": 187000000,
        "othercomprehensiveincomelosspensionandotherpostretirementbenefitplansadjustmentnetoftax": -40000000,
        "othercomprehensiveincomelossforeigncurrencytransactionandtranslationadjustmentnetoftax": 26000000,
        "othercomprehensiveincomelossavailableforsalesecuritiesadjustmentnetoftax": 3000000,
        "othercomprehensiveincomelosscashflowhedgegainlossafterreclassificationandtax": 7000000,
        "othercomprehensiveincomelossnetoftax": 76000000,
        "comprehensiveincomenetoftax": 263000000,
        "revenues": 535000000,
        "costofgoodssoldexcludingdepreciationdepletionandamortization": 2818000000,
        "sellinggeneralandadministrativeexpense": 178000000,
        "researchanddevelopmentexpense": 22000000,
        "depreciationandamortization": 137000000,
        "restructuringcharges": 65000000,
        "operatingincomeloss": 374000000,
        "interestexpense": 85000000,
        "nonoperatingincomeexpense": -32000000,
        "incomelossfromcontinuingoperationsbeforeincometaxesminorityinterestandincomelossfromequitymethodinvestments": 257000000,
        "incometaxexpensebenefit": 70000000,
        "netincomeloss": 187000000,
        "netincomelossavailabletocommonstockholdersbasic": 186000000,
        "earningspersharebasic": 0.4,
        "earningspersharediluted": 0.39,
        "weightedaveragenumberofsharesoutstandingbasic": 471000000,
        "weightedaveragenumberofdilutedsharesoutstanding": 489000000
    },
    {
        "date": "2018-12-30",
        "symbol": "HWM",
        "period": "Q4",
        "profitloss": 218000000,
        "othercomprehensiveincomelosspensionandotherpostretirementbenefitplansadjustmentnetoftax": -46000000,
        "othercomprehensiveincomelossforeigncurrencytransactionandtranslationadjustmentnetoftax": -51000000,
        "othercomprehensiveincomelossnetoftax": -15000000,
        "comprehensiveincomenetoftax": 203000000,
        "costofgoodssoldexcludingdepreciationdepletionandamortization": 2845000000,
        "sellinggeneralandadministrativeexpense": 140000000,
        "researchanddevelopmentexpense": 26000000,
        "depreciationandamortization": 149000000,
        "restructuringcharges": -5000000,
        "operatingincomeloss": 323000000,
        "interestexpense": 87000000,
        "nonoperatingincomeexpense": -10000000,
        "incomelossfromcontinuingoperationsbeforeincometaxesminorityinterestandincomelossfromequitymethodinvestments": 226000000,
        "incometaxexpensebenefit": -130000000,
        "earningspersharebasic": 0.45,
        "earningspersharediluted": 0.45
    },
    {
        "date": "2018-09-29",
        "symbol": "HWM",
        "period": "Q3",
        "profitloss": 161000000,
        "othercomprehensiveincomelosspensionandotherpostretirementbenefitplansadjustmentnetoftax": -37000000,
        "othercomprehensiveincomelossforeigncurrencytransactionandtranslationadjustmentnetoftax": -16000000,
        "othercomprehensiveincomelossavailableforsalesecuritiesadjustmentnetoftax": 1000000,
        "othercomprehensiveincomelossderivativesqualifyingashedgesnetoftax": -10000000,
        "othercomprehensiveincomelossnetoftax": 12000000,
        "comprehensiveincomenetoftax": 173000000,
        "revenues": 530000000,
        "costofgoodssoldexcludingdepreciationdepletionandamortization": 2881000000,
        "sellinggeneralandadministrativeexpense": 134000000,
        "researchanddevelopmentexpense": 25000000,
        "depreciationandamortization": 141000000,
        "restructuringcharges": 8000000,
        "operatingincomeloss": 345000000,
        "interestexpense": 88000000,
        "nonoperatingincomeexpense": -8000000,
        "incomelossfromcontinuingoperationsbeforeincometaxesminorityinterestandincomelossfromequitymethodinvestments": 249000000,
        "incometaxexpensebenefit": -29000000,
        "netincomelossavailabletocommonstockholdersbasic": 160000000,
        "earningspersharebasic": 0.33,
        "earningspersharediluted": 0.32,
        "commonstockdividendspersharecashpaid": 0.06,
        "weightedaveragenumberofsharesoutstandingbasic": 483000000,
        "weightedaveragenumberofdilutedsharesoutstanding": 502000000
    },
    {
        "date": "2018-06-29",
        "symbol": "HWM",
        "period": "Q2",
        "profitloss": 120000000,
        "othercomprehensiveincomelosspensionandotherpostretirementbenefitplansadjustmentnetoftax": -29000000,
        "othercomprehensiveincomelossforeigncurrencytransactionandtranslationadjustmentnetoftax": -201000000,
        "othercomprehensiveincomelossavailableforsalesecuritiesadjustmentnetoftax": -2000000,
        "othercomprehensiveincomelossderivativesqualifyingashedgesnetoftax": 4000000,
        "othercomprehensiveincomelossnetoftax": -170000000,
        "comprehensiveincomenetoftax": -50000000,
        "revenues": 562000000,
        "costofgoodssoldexcludingdepreciationdepletionandamortization": 2903000000,
        "sellinggeneralandadministrativeexpense": 158000000,
        "researchanddevelopmentexpense": 29000000,
        "depreciationandamortization": 144000000,
        "restructuringcharges": 4000000,
        "operatingincomeloss": 324000000,
        "interestexpense": 89000000,
        "nonoperatingincomeexpense": -41000000,
        "incomelossfromcontinuingoperationsbeforeincometaxesminorityinterestandincomelossfromequitymethodinvestments": 194000000,
        "incometaxexpensebenefit": 74000000,
        "netincomelossavailabletocommonstockholdersbasic": 120000000,
        "earningspersharebasic": 0.25,
        "earningspersharediluted": 0.24,
        "commonstockdividendspersharecashpaid": 0.06,
        "weightedaveragenumberofsharesoutstandingbasic": 483000000,
        "weightedaveragenumberofdilutedsharesoutstanding": 502000000
    },
    {
        "date": "2018-03-30",
        "symbol": "HWM",
        "period": "Q1",
        "profitloss": 143000000,
        "othercomprehensiveincomelosspensionandotherpostretirementbenefitplansadjustmentnetoftax": -143000000,
        "othercomprehensiveincomelossforeigncurrencytransactionandtranslationadjustmentnetoftax": 122000000,
        "othercomprehensiveincomelossderivativesqualifyingashedgesnetoftax": -7000000,
        "othercomprehensiveincomelossnetoftax": 258000000,
        "comprehensiveincomenetoftax": 401000000,
        "salesrevenuegoodsnet": 537000000,
        "costofgoodssoldexcludingdepreciationdepletionandamortization": 2768000000,
        "sellinggeneralandadministrativeexpense": 172000000,
        "researchanddevelopmentexpense": 23000000,
        "depreciationandamortization": 142000000,
        "restructuringcharges": 5000000,
        "operatingincomeloss": 333000000,
        "interestexpense": 114000000,
        "nonoperatingincomeexpense": -20000000,
        "incomelossfromcontinuingoperationsbeforeincometaxesminorityinterestandincomelossfromequitymethodinvestments": 199000000,
        "incometaxexpensebenefit": 56000000,
        "netincomelossavailabletocommonstockholdersbasic": 142000000,
        "earningspersharebasic": 0.3,
        "earningspersharediluted": 0.29,
        "commonstockdividendspersharecashpaid": 0.06,
        "weightedaveragenumberofsharesoutstandingbasic": 482000000,
        "weightedaveragenumberofdilutedsharesoutstanding": 503000000
    },
    {
        "date": "2017-12-30",
        "symbol": "HWM",
        "period": "Q4",
        "profitloss": -727000000,
        "othercomprehensiveincomelosspensionandotherpostretirementbenefitplansadjustmentnetoftax": 110000000,
        "othercomprehensiveincomelossforeigncurrencytransactionandtranslationadjustmentnetoftax": 1000000,
        "othercomprehensiveincomelossavailableforsalesecuritiesadjustmentnetoftax": -1000000,
        "othercomprehensiveincomelossderivativesqualifyingashedgesnetoftax": 13000000,
        "othercomprehensiveincomelossnetoftax": -317000000,
        "comprehensiveincomenetoftax": -1044000000,
        "salesrevenuegoodsnet": 7112000000,
        "costofgoodssoldexcludingdepreciationdepletionandamortization": 2656000000,
        "sellinggeneralandadministrativeexpense": 151000000,
        "researchanddevelopmentexpense": 28000000,
        "restructuringcharges": -17000000,
        "interestexpense": 98000000,
        "nonoperatingincomeexpense": 114000000,
        "incomelossfromcontinuingoperationsbeforeincometaxesminorityinterestandincomelossfromequitymethodinvestments": -455000000,
        "incometaxexpensebenefit": 272000000,
        "incomelossfromcontinuingoperationsincludingportionattributabletononcontrollinginterest": -727000000,
        "netincomeloss": -727000000,
        "netincomelossavailabletocommonstockholdersbasic": -727000000,
        "incomelossfromcontinuingoperationsperbasicshare": -1.64,
        "earningspersharebasic": -1.64,
        "incomelossfromcontinuingoperationsperdilutedshare": -1.58,
        "earningspersharediluted": -1.58
    },
    {
        "date": "2017-09-29",
        "symbol": "HWM",
        "period": "Q3",
        "salesrevenuegoodsnet": 517000000,
        "costofgoodssoldexcludingdepreciationdepletionandamortization": 2626000000,
        "sellinggeneralandadministrativeexpense": 155000000,
        "researchanddevelopmentexpense": 25000000,
        "depreciationandamortization": 140000000,
        "restructuringcharges": 11000000,
        "operatingincomeloss": 271000000,
        "interestexpense": 100000000,
        "nonoperatingincomeexpense": 1000000,
        "incomelossfromcontinuingoperationsbeforeincometaxesminorityinterestandincomelossfromequitymethodinvestments": 172000000,
        "incometaxexpensebenefit": 53000000,
        "incomelossfromcontinuingoperationsincludingportionattributabletononcontrollinginterest": 119000000,
        "profitloss": 119000000,
        "netincomeloss": 119000000,
        "netincomelossavailabletocommonstockholdersbasic": 101000000,
        "incomelossfromcontinuingoperationsperbasicshare": 0.23,
        "earningspersharebasic": 0.23,
        "incomelossfromcontinuingoperationsperdilutedshare": 0.22,
        "earningspersharediluted": 0.22,
        "commonstockdividendspersharecashpaid": 0.06,
        "weightedaveragenumberofsharesoutstandingbasic": 442000000,
        "weightedaveragenumberofdilutedsharesoutstanding": 462000000,
        "othercomprehensiveincomelosspensionandotherpostretirementbenefitplansadjustmentnetoftax": 31000000,
        "othercomprehensiveincomelossforeigncurrencytransactionandtranslationadjustmentnetoftax": 85000000,
        "othercomprehensiveincomelossavailableforsalesecuritiesadjustmentnetoftax": 1000000,
        "othercomprehensiveincomelossderivativesqualifyingashedgesnetoftax": 10000000,
        "othercomprehensiveincomelossnetoftax": 127000000,
        "comprehensiveincomenetoftax": 246000000
    },
    {
        "date": "2017-06-29",
        "symbol": "HWM",
        "period": "Q2",
        "salesrevenuegoodsnet": 501000000,
        "costofgoodssoldexcludingdepreciationdepletionandamortization": 2583000000,
        "sellinggeneralandadministrativeexpense": 204000000,
        "researchanddevelopmentexpense": 30000000,
        "depreciationandamortization": 137000000,
        "restructuringcharges": 6000000,
        "operatingincomeloss": 281000000,
        "interestexpense": 183000000,
        "nonoperatingincomeexpense": 171000000,
        "incomelossfromcontinuingoperationsbeforeincometaxesminorityinterestandincomelossfromequitymethodinvestments": 269000000,
        "incometaxexpensebenefit": 57000000,
        "incomelossfromcontinuingoperationsincludingportionattributabletononcontrollinginterest": 212000000,
        "profitloss": 212000000,
        "netincomeloss": 212000000,
        "netincomelossavailabletocommonstockholdersbasic": 194000000,
        "incomelossfromcontinuingoperationsperbasicshare": 0.44,
        "earningspersharebasic": 0.44,
        "incomelossfromcontinuingoperationsperdilutedshare": 0.43,
        "earningspersharediluted": 0.43,
        "commonstockdividendspersharecashpaid": 0.06,
        "weightedaveragenumberofsharesoutstandingbasic": 441000000,
        "weightedaveragenumberofdilutedsharesoutstanding": 462000000,
        "othercomprehensiveincomelosspensionandotherpostretirementbenefitplansadjustmentnetoftax": 48000000,
        "othercomprehensiveincomelossforeigncurrencytransactionandtranslationadjustmentnetoftax": 99000000,
        "othercomprehensiveincomelossavailableforsalesecuritiesadjustmentnetoftax": -101000000,
        "othercomprehensiveincomelossderivativesqualifyingashedgesnetoftax": -2000000,
        "othercomprehensiveincomelossnetoftax": 44000000,
        "comprehensiveincomenetoftax": 256000000
    },
    {
        "date": "2017-03-30",
        "symbol": "HWM",
        "period": "Q1",
        "salesrevenuegoodsnet": 37000000,
        "costofgoodssoldexcludingdepreciationdepletionandamortization": 2492000000,
        "sellinggeneralandadministrativeexpense": 221000000,
        "researchanddevelopmentexpense": 28000000,
        "costofgoodssolddepreciationandamortization": 133000000,
        "restructuringcharges": 60000000,
        "interestexpense": 115000000,
        "nonoperatingincomeexpense": 354000000,
        "costsandexpenses": 2708000000,
        "incomelossfromcontinuingoperationsbeforeincometaxesminorityinterestandincomelossfromequitymethodinvestments": 484000000,
        "incometaxexpensebenefit": 162000000,
        "incomelossfromcontinuingoperationsincludingportionattributabletononcontrollinginterest": 322000000,
        "profitloss": 322000000,
        "netincomeloss": 322000000,
        "netincomelossavailabletocommonstockholdersbasic": 305000000,
        "incomelossfromcontinuingoperationsperbasicshare": 0.69,
        "earningspersharebasic": 0.69,
        "incomelossfromcontinuingoperationsperdilutedshare": 0.65,
        "earningspersharediluted": 0.65,
        "commonstockdividendspersharecashpaid": 0.06,
        "weightedaveragenumberofsharesoutstandingbasic": 440000000,
        "weightedaveragenumberofdilutedsharesoutstanding": 499000000,
        "othercomprehensiveincomelosspensionandotherpostretirementbenefitplansadjustmentnetoftax": 31000000,
        "othercomprehensiveincomelossforeigncurrencytransactionandtranslationadjustmentnetoftax": 67000000,
        "othercomprehensiveincomelossavailableforsalesecuritiesadjustmentnetoftax": -33000000,
        "othercomprehensiveincomelossderivativesqualifyingashedgesnetoftax": 5000000,
        "othercomprehensiveincomelossnetoftax": 70000000,
        "comprehensiveincomenetoftax": 392000000
    },
    {
        "date": "2016-12-30",
        "symbol": "HWM",
        "period": "Q4",
        "salesrevenuegoodsnet": -4149000000,
        "costofgoodssoldexcludingdepreciationdepletionandamortization": -2663000000,
        "sellinggeneralandadministrativeexpense": 121000000,
        "researchanddevelopmentexpense": 13000000,
        "restructuringcharges": -80000000,
        "interestexpense": 71000000,
        "nonoperatingincomeexpense": -26000000,
        "costsandexpenses": -2771000000,
        "incomelossfromcontinuingoperationsbeforeincometaxesminorityinterestandincomelossfromequitymethodinvestments": -290000000,
        "incometaxexpensebenefit": 1147000000,
        "profitloss": 5000000,
        "netincomeloss": -1258000000,
        "netincomelossavailabletocommonstockholdersbasic": -1275000000,
        "othercomprehensiveincomelosspensionandotherpostretirementbenefitplansadjustmentnetoftax": -5000000,
        "othercomprehensiveincomelossforeigncurrencytransactionandtranslationadjustmentnetoftax": -2000000,
        "othercomprehensiveincomelossderivativesqualifyingashedgesnetoftax": 1000000,
        "othercomprehensiveincomelossnetoftax": -6000000,
        "comprehensiveincomenetoftax": -1000000
    },
    {
        "date": "2016-09-29",
        "symbol": "HWM",
        "period": "Q3",
        "salesrevenuegoodsnet": 2839000000,
        "costofgoodssoldexcludingdepreciationdepletionandamortization": 4217000000,
        "sellinggeneralandadministrativeexpense": 275000000,
        "researchanddevelopmentexpense": 38000000,
        "costofgoodssolddepreciationdepletionandamortization": 316000000,
        "restructuringcharges": 58000000,
        "interestexpense": 86000000,
        "nonoperatingincomeexpense": 117000000,
        "costsandexpenses": 4880000000,
        "incomelossfromcontinuingoperationsbeforeincometaxesminorityinterestandincomelossfromequitymethodinvestments": 333000000,
        "incometaxexpensebenefit": 147000000,
        "profitloss": -1000000,
        "netincomelossattributabletononcontrollinginterest": 20000000,
        "netincomeloss": 166000000,
        "netincomelossavailabletocommonstockholdersbasic": 149000000,
        "commonstockdividendspersharecashpaid": 0.21000000000000002,
        "othercomprehensiveincomelosspensionandotherpostretirementbenefitplansadjustmentnetoftax": 36000000,
        "othercomprehensiveincomelossforeigncurrencytransactionandtranslationadjustmentnetoftax": -151000000,
        "othercomprehensiveincomelossavailableforsalesecuritiesadjustmentnetoftax": 0,
        "othercomprehensiveincomelossderivativesqualifyingashedgesnetoftax": 68000000,
        "othercomprehensiveincomelossnetoftax": -116000000,
        "comprehensiveincomenetoftax": -117000000
    },
    {
        "date": "2016-06-29",
        "symbol": "HWM",
        "period": "Q2",
        "salesrevenuegoodsnet": 1465000000,
        "costofgoodssoldexcludingdepreciationdepletionandamortization": 4216000000,
        "sellinggeneralandadministrativeexpense": 286000000,
        "researchanddevelopmentexpense": 39000000,
        "costofgoodssolddepreciationdepletionandamortization": 309000000,
        "restructuringcharges": 8000000,
        "interestexpense": 84000000,
        "nonoperatingincomeexpense": 37000000,
        "costsandexpenses": 4965000000,
        "incomelossfromcontinuingoperationsbeforeincometaxesminorityinterestandincomelossfromequitymethodinvestments": 330000000,
        "incometaxexpensebenefit": 152000000,
        "profitloss": 43000000,
        "netincomelossattributabletononcontrollinginterest": 43000000,
        "netincomeloss": 135000000,
        "netincomelossavailabletocommonstockholdersbasic": 118000000,
        "earningspersharebasic": 0.09,
        "earningspersharediluted": 0.09,
        "commonstockdividendspersharecashpaid": 0.03,
        "othercomprehensiveincomelosspensionandotherpostretirementbenefitplansadjustmentnetoftax": -2000000,
        "othercomprehensiveincomelossforeigncurrencytransactionandtranslationadjustmentnetoftax": 32000000,
        "othercomprehensiveincomelossavailableforsalesecuritiesadjustmentnetoftax": 3000000,
        "othercomprehensiveincomelossderivativesqualifyingashedgesnetoftax": 16000000,
        "othercomprehensiveincomelossnetoftax": 50000000,
        "comprehensiveincomenetoftax": 93000000
    },
    {
        "date": "2016-03-30",
        "symbol": "HWM",
        "period": "Q1",
        "salesrevenuegoodsnet": 16000000,
        "costofgoodssoldexcludingdepreciationdepletionandamortization": 4041000000,
        "sellinggeneralandadministrativeexpense": 260000000,
        "researchanddevelopmentexpense": 42000000,
        "costofgoodssolddepreciationdepletionandamortization": 309000000,
        "restructuringcharges": 18000000,
        "interestexpense": 83000000,
        "nonoperatingincomeexpense": -34000000,
        "costsandexpenses": 4906000000,
        "incomelossfromcontinuingoperationsbeforeincometaxesminorityinterestandincomelossfromequitymethodinvestments": 41000000,
        "incometaxexpensebenefit": 30000000,
        "profitloss": 16000000,
        "netincomelossattributabletononcontrollinginterest": -5000000,
        "netincomeloss": 16000000,
        "netincomelossavailabletocommonstockholdersbasic": -2000000,
        "commonstockdividendspersharecashpaid": 0.03,
        "othercomprehensiveincomelosspensionandotherpostretirementbenefitplansadjustmentnetoftax": -32000000,
        "othercomprehensiveincomelossforeigncurrencytransactionandtranslationadjustmentnetoftax": 303000000,
        "othercomprehensiveincomelossavailableforsalesecuritiesadjustmentnetoftax": 1000000,
        "othercomprehensiveincomelossderivativesqualifyingashedgesnetoftax": -80000000,
        "othercomprehensiveincomelossnetoftax": 256000000,
        "comprehensiveincomenetoftax": 272000000
    },
    {
        "date": "2015-12-30",
        "symbol": "HWM",
        "period": "Q4",
        "salesrevenuegoodsnet": -14713000000,
        "sellinggeneralandadministrativeexpense": 262000000,
        "researchanddevelopmentexpense": 60000000,
        "costofgoodssolddepreciationdepletionandamortization": 322000000,
        "restructuringcharges": 17000000,
        "interestexpense": 84000000,
        "costsandexpenses": 5966000000,
        "incomelossfromcontinuingoperationsbeforeincometaxesminorityinterestandincomelossfromequitymethodinvestments": -721000000,
        "incometaxexpensebenefit": 44000000,
        "profitloss": -701000000,
        "netincomelossattributabletononcontrollinginterest": -64000000,
        "netincomeloss": -701000000,
        "earningspersharebasic": -0.5800000000000001,
        "earningspersharediluted": -0.5700000000000001,
        "othercomprehensiveincomelosspensionandotherpostretirementbenefitplansadjustmentnetoftax": 222000000,
        "othercomprehensiveincomelossforeigncurrencytransactionandtranslationadjustmentnetoftax": 83000000,
        "othercomprehensiveincomelossavailableforsalesecuritiesadjustmentnetoftax": -3000000,
        "othercomprehensiveincomelossderivativesqualifyingashedgesnetoftax": 243000000,
        "othercomprehensiveincomelossnetoftax": 101000000,
        "comprehensiveincomenetoftax": -600000000
    },
    {
        "date": "2015-09-29",
        "symbol": "HWM",
        "period": "Q3",
        "salesrevenuegoodsnet": 6459000000,
        "costofgoodssoldexcludingdepreciationdepletionandamortization": 4559000000,
        "sellinggeneralandadministrativeexpense": 261000000,
        "researchanddevelopmentexpense": 55000000,
        "costofgoodssolddepreciationdepletionandamortization": 318000000,
        "restructuringcharges": 42000000,
        "interestexpense": 80000000,
        "nonoperatingincomeexpense": 15000000,
        "costsandexpenses": 5367000000,
        "incomelossfromcontinuingoperationsbeforeincometaxesminorityinterestandincomelossfromequitymethodinvestments": 206000000,
        "incometaxexpensebenefit": 100000000,
        "profitloss": 44000000,
        "netincomelossattributabletononcontrollinginterest": 62000000,
        "netincomeloss": 44000000,
        "netincomelossavailabletocommonstockholdersbasic": 26000000,
        "earningspersharebasic": 0.02,
        "earningspersharediluted": 0.02,
        "commonstockdividendspersharecashpaid": 0.03,
        "othercomprehensiveincomelosspensionandotherpostretirementbenefitplansadjustmentnetoftax": -111000000,
        "othercomprehensiveincomelossforeigncurrencytransactionandtranslationadjustmentnetoftax": -889000000,
        "othercomprehensiveincomelossavailableforsalesecuritiesadjustmentnetoftax": -2000000,
        "othercomprehensiveincomelossderivativesqualifyingashedgesnetoftax": 214000000,
        "othercomprehensiveincomelossnetoftax": -566000000,
        "comprehensiveincomenetoftax": -522000000
    },
    {
        "date": "2015-06-29",
        "symbol": "HWM",
        "period": "Q2",
        "salesrevenuegoodsnet": 6886000000,
        "costofgoodssoldexcludingdepreciationdepletionandamortization": 4663000000,
        "sellinggeneralandadministrativeexpense": 224000000,
        "researchanddevelopmentexpense": 68000000,
        "costofgoodssolddepreciationdepletionandamortization": 319000000,
        "restructuringcharges": 10000000,
        "interestexpense": 80000000,
        "costsandexpenses": 5615000000,
        "incomelossfromcontinuingoperationsbeforeincometaxesminorityinterestandincomelossfromequitymethodinvestments": 282000000,
        "incometaxexpensebenefit": 75000000,
        "profitloss": 140000000,
        "netincomelossattributabletononcontrollinginterest": 67000000,
        "netincomeloss": 140000000,
        "earningspersharebasic": 0.1,
        "earningspersharediluted": 0.1,
        "commonstockdividendspersharecashpaid": 0.03,
        "othercomprehensiveincomelosspensionandotherpostretirementbenefitplansadjustmentnetoftax": 4000000,
        "othercomprehensiveincomelossforeigncurrencytransactionandtranslationadjustmentnetoftax": 197000000,
        "othercomprehensiveincomelossavailableforsalesecuritiesadjustmentnetoftax": -2000000,
        "othercomprehensiveincomelossderivativesqualifyingashedgesnetoftax": 434000000,
        "othercomprehensiveincomelossnetoftax": 625000000,
        "comprehensiveincomenetoftax": 765000000
    },
    {
        "date": "2015-03-30",
        "symbol": "HWM",
        "period": "Q1",
        "salesrevenuegoodsnet": 1657000000,
        "costofgoodssold": 4443000000,
        "sellinggeneralandadministrativeexpense": 232000000,
        "researchanddevelopmentexpense": 55000000,
        "costofgoodssolddepreciationdepletionandamortization": 321000000,
        "restructuringcharges": 95000000,
        "interestexpense": 80000000,
        "nonoperatingincomeexpense": 12000000,
        "costsandexpenses": 5338000000,
        "incomelossfromcontinuingoperationsbeforeincometaxesminorityinterestandincomelossfromequitymethodinvestments": 481000000,
        "incometaxexpensebenefit": 226000000,
        "profitloss": 195000000,
        "netincomelossattributabletononcontrollinginterest": 60000000,
        "netincomeloss": 195000000,
        "earningspersharebasic": 0.15,
        "earningspersharediluted": 0.14,
        "commonstockdividendspersharecashpaid": 0.03,
        "othercomprehensiveincomelosspensionandotherpostretirementbenefitplansadjustmentnetoftax": -105000000,
        "othercomprehensiveincomelossforeigncurrencytransactionandtranslationadjustmentnetoftax": -957000000,
        "othercomprehensiveincomelossavailableforsalesecuritiesadjustmentnetoftax": 2000000,
        "othercomprehensiveincomelossderivativesqualifyingashedgesnetoftax": -64000000,
        "othercomprehensiveincomelossnetoftax": -914000000,
        "comprehensiveincomenetoftax": -719000000
    },
    {
        "date": "2014-12-30",
        "symbol": "HWM",
        "period": "Q4",
        "salesrevenuegoodsnet": -2052000000,
        "costofgoodssold": 4973000000,
        "sellinggeneralandadministrativeexpense": 271000000,
        "researchanddevelopmentexpense": 60000000,
        "costofgoodssolddepreciationdepletionandamortization": 335000000,
        "restructuringcharges": 26000000,
        "interestexpense": 80000000,
        "nonoperatingincomeexpense": 6000000,
        "costsandexpenses": 6143000000,
        "incomelossfromcontinuingoperationsbeforeincometaxesminorityinterestandincomelossfromequitymethodinvestments": 234000000,
        "incometaxexpensebenefit": 120000000,
        "profitloss": 159000000,
        "netincomelossattributabletononcontrollinginterest": -137000000,
        "netincomeloss": 159000000,
        "earningspersharebasic": 0.12,
        "earningspersharediluted": 0.13,
        "othercomprehensiveincomelosspensionandotherpostretirementbenefitplansadjustmentnetoftax": 286000000,
        "othercomprehensiveincomelossforeigncurrencytransactionandtranslationadjustmentnetoftax": -641000000,
        "othercomprehensiveincomelossderivativesqualifyingashedgesnetoftax": 88000000,
        "othercomprehensiveincomelossnetoftax": -841000000,
        "comprehensiveincomenetoftax": -682000000
    },
    {
        "date": "2014-09-29",
        "symbol": "HWM",
        "period": "Q3",
        "salesrevenuegoodsnet": 1368000000,
        "costofgoodssold": 4904000000,
        "sellinggeneralandadministrativeexpense": 243000000,
        "researchanddevelopmentexpense": 57000000,
        "costofgoodssolddepreciationdepletionandamortization": 347000000,
        "restructuringcharges": 10000000,
        "interestexpense": 81000000,
        "nonoperatingincomeexpense": -23000000,
        "costsandexpenses": 5909000000,
        "incomelossfromcontinuingoperationsbeforeincometaxesminorityinterestandincomelossfromequitymethodinvestments": 330000000,
        "incometaxexpensebenefit": 199000000,
        "profitloss": 149000000,
        "netincomelossattributabletononcontrollinginterest": 18000000,
        "netincomeloss": 149000000,
        "earningspersharebasic": 0.13,
        "earningspersharediluted": 0.12,
        "commonstockdividendspersharecashpaid": 0.03,
        "othercomprehensiveincomelosspensionandotherpostretirementbenefitplansadjustmentnetoftax": -126000000,
        "othercomprehensiveincomelossforeigncurrencytransactionandtranslationadjustmentnetoftax": -774000000,
        "othercomprehensiveincomelossavailableforsalesecuritiesadjustmentnetoftax": -1000000,
        "othercomprehensiveincomelossderivativesqualifyingashedgesnetoftax": -19000000,
        "othercomprehensiveincomelossnetoftax": -668000000,
        "comprehensiveincomenetoftax": -519000000
    },
    {
        "date": "2014-06-29",
        "symbol": "HWM",
        "period": "Q2",
        "salesrevenuegoodsnet": 1241000000,
        "costofgoodssold": 4765000000,
        "sellinggeneralandadministrativeexpense": 245000000,
        "researchanddevelopmentexpense": 50000000,
        "costofgoodssolddepreciationdepletionandamortization": 349000000,
        "restructuringcharges": 3000000,
        "interestexpense": 69000000,
        "nonoperatingincomeexpense": -5000000,
        "costsandexpenses": 5629000000,
        "incomelossfromcontinuingoperationsbeforeincometaxesminorityinterestandincomelossfromequitymethodinvestments": 207000000,
        "incometaxexpensebenefit": 78000000,
        "profitloss": 138000000,
        "netincomelossattributabletononcontrollinginterest": 9000000,
        "netincomeloss": 138000000,
        "earningspersharebasic": 0.12,
        "earningspersharediluted": 0.12,
        "commonstockdividendspersharecashpaid": 0.03,
        "othercomprehensiveincomelosspensionandotherpostretirementbenefitplansadjustmentnetoftax": -14000000,
        "othercomprehensiveincomelossforeigncurrencytransactionandtranslationadjustmentnetoftax": 141000000,
        "othercomprehensiveincomelossavailableforsalesecuritiesadjustmentnetoftax": 1000000,
        "othercomprehensiveincomelossderivativesqualifyingashedgesnetoftax": -23000000,
        "othercomprehensiveincomelossnetoftax": 133000000,
        "comprehensiveincomenetoftax": 271000000
    },
    {
        "date": "2014-03-30",
        "symbol": "HWM",
        "period": "Q1",
        "salesrevenuegoodsnet": 5454000000,
        "costofgoodssold": 4495000000,
        "sellinggeneralandadministrativeexpense": 236000000,
        "researchanddevelopmentexpense": 51000000,
        "costofgoodssolddepreciationdepletionandamortization": 340000000,
        "restructuringcharges": 29000000,
        "interestexpense": 78000000,
        "nonoperatingincomeexpense": -25000000,
        "costsandexpenses": 5728000000,
        "incomelossfromcontinuingoperationsbeforeincometaxesminorityinterestandincomelossfromequitymethodinvestments": -274000000,
        "incometaxexpensebenefit": -77000000,
        "profitloss": -178000000,
        "netincomelossattributabletononcontrollinginterest": 19000000,
        "netincomeloss": -178000000,
        "earningspersharebasic": -0.16,
        "earningspersharediluted": -0.16,
        "commonstockdividendspersharecashpaid": 0.03,
        "othercomprehensiveincomelosspensionandotherpostretirementbenefitplansadjustmentnetoftax": -77000000,
        "othercomprehensiveincomelossforeigncurrencytransactionandtranslationadjustmentnetoftax": 249000000,
        "othercomprehensiveincomelossderivativesqualifyingashedgesnetoftax": 32000000,
        "othercomprehensiveincomelossnetoftax": 358000000,
        "comprehensiveincomenetoftax": 180000000
    },
    {
        "date": "2013-12-30",
        "symbol": "HWM",
        "period": "Q4",
        "salesrevenuegoodsnet": -17176000000,
        "costofgoodssold": 4708000000,
        "sellinggeneralandadministrativeexpense": 255000000,
        "researchanddevelopmentexpense": 57000000,
        "costofgoodssolddepreciationdepletionandamortization": 350000000,
        "restructuringcharges": 327000000,
        "interestexpense": 73000000,
        "nonoperatingincomeexpense": 10000000,
        "incometaxexpensebenefit": -5000000,
        "profitloss": 392000000,
        "netincomelossattributabletononcontrollinginterest": -71000000,
        "netincomeloss": -2339000000,
        "earningspersharebasic": -2.1900000000000004,
        "earningspersharediluted": -2.18,
        "othercomprehensiveincomelosspensionandotherpostretirementbenefitplansadjustmentnetoftax": -375000000,
        "othercomprehensiveincomelossforeigncurrencytransactionandtranslationadjustmentnetoftax": -245000000,
        "othercomprehensiveincomelossavailableforsalesecuritiesadjustmentnetoftax": 0,
        "othercomprehensiveincomelossderivativesqualifyingashedgesnetoftax": 47000000,
        "othercomprehensiveincomelossnetoftax": 55000000,
        "comprehensiveincomenetoftax": -2082000000
    },
    {
        "date": "2013-09-29",
        "symbol": "HWM",
        "period": "Q3",
        "salesrevenuegoodsnet": 5765000000,
        "costofgoodssold": 4798000000,
        "sellinggeneralandadministrativeexpense": 248000000,
        "researchanddevelopmentexpense": 44000000,
        "costofgoodssolddepreciationdepletionandamortization": 348000000,
        "restructuringcharges": 1000000,
        "interestexpense": 70000000,
        "nonoperatingincomeexpense": 7000000,
        "costsandexpenses": 5690000000,
        "incomelossfromcontinuingoperationsbeforeincometaxesextraordinaryitemsnoncontrollinginterest": 75000000,
        "incometaxexpensebenefit": 31000000,
        "profitloss": 24000000,
        "netincomelossattributabletononcontrollinginterest": -20000000,
        "netincomeloss": 24000000,
        "earningspersharebasic": 0.02,
        "earningspersharediluted": 0.02,
        "commonstockdividendspersharecashpaid": 0.03,
        "othercomprehensiveincomelosspensionandotherpostretirementbenefitplansadjustmentnetoftax": -122000000,
        "othercomprehensiveincomelossforeigncurrencytransactionandtranslationadjustmentnetoftax": -4000000,
        "othercomprehensiveincomelossavailableforsalesecuritiesadjustmentnetoftax": 1000000,
        "othercomprehensiveincomelossderivativesqualifyingashedgesnetoftax": -50000000,
        "othercomprehensiveincomelossnetoftax": 69000000,
        "comprehensiveincomenetoftax": 93000000
    },
    {
        "date": "2013-06-29",
        "symbol": "HWM",
        "period": "Q2",
        "salesrevenuegoodsnet": 5849000000,
        "costofgoodssold": 4933000000,
        "sellinggeneralandadministrativeexpense": 254000000,
        "researchanddevelopmentexpense": 46000000,
        "costofgoodssolddepreciationdepletionandamortization": 362000000,
        "restructuringcharges": 103000000,
        "interestexpense": 76000000,
        "nonoperatingincomeexpense": -19000000,
        "costsandexpenses": 5976000000,
        "incomelossfromcontinuingoperationsbeforeincometaxesminorityinterestandincomelossfromequitymethodinvestments": -127000000,
        "incometaxexpensebenefit": 21000000,
        "profitloss": -119000000,
        "netincomelossattributabletononcontrollinginterest": 29000000,
        "netincomeloss": -119000000,
        "earningspersharebasic": -0.11,
        "earningspersharediluted": -0.11,
        "commonstockdividendspersharecashpaid": 0.03,
        "othercomprehensiveincomelosspensionandotherpostretirementbenefitplansadjustmentnetoftax": 61000000,
        "othercomprehensiveincomelossforeigncurrencytransactionandtranslationadjustmentnetoftax": -603000000,
        "othercomprehensiveincomelossavailableforsalesecuritiesadjustmentnetoftax": -3000000,
        "othercomprehensiveincomelossderivativesqualifyingashedgesnetoftax": 71000000,
        "othercomprehensiveincomelossnetoftax": -474000000,
        "comprehensiveincomenetoftax": -593000000
    },
    {
        "date": "2013-03-30",
        "symbol": "HWM",
        "period": "Q1",
        "salesrevenuegoodsnet": 5833000000,
        "costofgoodssold": 4847000000,
        "sellinggeneralandadministrativeexpense": 251000000,
        "researchanddevelopmentexpense": 45000000,
        "costofgoodssolddepreciationdepletionandamortization": 361000000,
        "restructuringcharges": 3000000,
        "interestexpense": 75000000,
        "nonoperatingincomeexpense": 27000000,
        "totalcostsandexpenses": 5599000000,
        "incomelossfromcontinuingoperationsbeforeincometaxesminorityinterestandincomelossfromequitymethodinvestments": 234000000,
        "incometaxexpensebenefit": 19000000,
        "profitloss": 21000000,
        "netincomelossattributabletononcontrollinginterest": 21000000,
        "netincomeloss": 149000000,
        "earningspersharebasic": 0.14,
        "earningspersharediluted": 0.13,
        "commonstockdividendspersharecashpaid": 0.03,
        "othercomprehensiveincomelosspensionandotherpostretirementbenefitplansadjustmentnetoftax": -95000000,
        "othercomprehensiveincomelossforeigncurrencytransactionandtranslationadjustmentnetoftax": -116000000,
        "othercomprehensiveincomelossavailableforsalesecuritiesadjustmentnetoftax": 1000000,
        "othercomprehensiveincomelossderivativesqualifyingashedgesnetoftax": 113000000,
        "othercomprehensiveincomelossnetoftax": 93000000,
        "comprehensiveincomenetoftax": 40000000
    },
    {
        "date": "2012-09-29",
        "symbol": "HWM",
        "period": "Q3",
        "salesrevenuegoodsnet": 5833000000,
        "costofgoodssold": 5266000000,
        "sellinggeneralandadministrativeexpense": 234000000,
        "researchanddevelopmentexpense": 51000000,
        "costofgoodssolddepreciationdepletionandamortization": 366000000,
        "restructuringcharges": 45000000,
        "interestexpense": 81000000,
        "nonoperatingincomeexpense": 2000000,
        "totalcostsandexpenses": 6041000000,
        "incomelossfromcontinuingoperationsbeforeincometaxesminorityinterestandincomelossfromequitymethodinvestments": -208000000,
        "incometaxexpensebenefit": -33000000,
        "incomelossfromcontinuingoperationsincludingportionattributabletononcontrollinginterest": -175000000,
        "profitloss": -32000000,
        "netincomelossattributabletononcontrollinginterest": -32000000,
        "netincomeloss": -143000000,
        "incomelossfromcontinuingoperations": -143000000,
        "incomelossfromcontinuingoperationsperbasicshare": -0.13,
        "earningspersharebasic": -0.13,
        "incomelossfromcontinuingoperationsperdilutedshare": -0.13,
        "earningspersharediluted": -0.13,
        "commonstockdividendspersharecashpaid": 0.03,
        "othercomprehensiveincomelosspensionandotherpostretirementbenefitplansadjustmentnetoftax": -2000000,
        "othercomprehensiveincomelossforeigncurrencytransactionandtranslationadjustmentnetoftax": 36000000,
        "othercomprehensiveincomeunrealizedholdinggainlossonsecuritiesarisingduringperiodnetoftax": 2000000,
        "othercomprehensiveincomelossavailableforsalesecuritiesadjustmentnetoftax": 2000000,
        "othercomprehensiveincomeunrealizedgainlossonderivativesarisingduringperiodnetoftax": -135000000,
        "othercomprehensiveincomelossreclassificationadjustmentonderivativesincludedinnetincomenetoftax": -18000000,
        "othercomprehensiveincomelossderivativesqualifyingashedgesnetoftax": -153000000,
        "othercomprehensiveincomelossnetoftax": 101000000,
        "comprehensiveincomenetoftax": 6000000
    },
    {
        "date": "2012-06-29",
        "symbol": "HWM",
        "period": "Q2",
        "salesrevenuegoodsnet": 5963000000,
        "costofgoodssold": 5154000000,
        "sellinggeneralandadministrativeexpense": 245000000,
        "researchanddevelopmentexpense": 47000000,
        "costofgoodssolddepreciationdepletionandamortization": 363000000,
        "restructuringcharges": -5000000,
        "interestexpense": 80000000,
        "nonoperatingincomeexpense": -22000000,
        "totalcostsandexpenses": 5969000000,
        "incomelossfromcontinuingoperationsbeforeincometaxesminorityinterestandincomelossfromequitymethodinvestments": -6000000,
        "incometaxexpensebenefit": 13000000,
        "incomelossfromcontinuingoperationsincludingportionattributabletononcontrollinginterest": -19000000,
        "profitloss": -106000000,
        "netincomelossattributabletononcontrollinginterest": -7000000,
        "netincomeloss": -2000000,
        "incomelossfromcontinuingoperations": -2000000,
        "incomelossfromcontinuingoperationsperbasicshare": 0,
        "earningspersharebasic": 0,
        "incomelossfromcontinuingoperationsperdilutedshare": -0.009999999999999995,
        "earningspersharediluted": -0.009999999999999995,
        "commonstockdividendspersharecashpaid": 0.03,
        "othercomprehensiveincomeunrealizedholdinggainlossonsecuritiesarisingduringperiodnetoftax": 0,
        "othercomprehensiveincomeunrealizedgainlossonderivativesarisingduringperiodnetoftax": 76000000,
        "comprehensiveincomenetoftax": -449000000
    },
    {
        "date": "2012-03-30",
        "symbol": "HWM",
        "period": "Q1",
        "salesrevenuegoodsnet": 6006000000,
        "costofgoodssold": 5098000000,
        "sellinggeneralandadministrativeexpense": 241000000,
        "researchanddevelopmentexpense": 43000000,
        "costofgoodssolddepreciationdepletionandamortization": 369000000,
        "restructuringcharges": 11000000,
        "interestexpense": 80000000,
        "nonoperatingincomeexpense": 16000000,
        "totalcostsandexpenses": 5868000000,
        "incomelossfromcontinuingoperationsbeforeincometaxesminorityinterestandincomelossfromequitymethodinvestments": 138000000,
        "incometaxexpensebenefit": 39000000,
        "incomelossfromcontinuingoperationsincludingportionattributabletononcontrollinginterest": 99000000,
        "profitloss": 94000000,
        "netincomelossattributabletononcontrollinginterest": -5000000,
        "netincomeloss": 94000000,
        "incomelossfromcontinuingoperations": 94000000,
        "incomelossfromcontinuingoperationsperbasicshare": 0.09,
        "earningspersharebasic": 0.09,
        "incomelossfromcontinuingoperationsperdilutedshare": 0.09,
        "earningspersharediluted": 0.09,
        "commonstockdividendspersharecashpaid": 0.03,
        "othercomprehensiveincomedefinedbenefitplansadjustmentnetoftaxperiodincreasedecrease": 56000000,
        "othercomprehensiveincomeforeigncurrencytransactionandtranslationadjustmentnetoftaxperiodincreasedecrease": 244000000,
        "othercomprehensiveincomeunrealizedholdinggainlossonsecuritiesarisingduringperiodnetoftax": 2000000,
        "othercomprehensiveincomeavailableforsalesecuritiesadjustmentnetoftaxperiodincreasedecrease": 2000000,
        "othercomprehensiveincomeunrealizedgainlossonderivativesarisingduringperiodnetoftax": -82000000,
        "othercomprehensiveincomereclassificationadjustmentonderivativesincludedinnetincomenetoftax": -1000000,
        "othercomprehensiveincomederivativesqualifyingashedgesnetoftaxperiodincreasedecrease": -81000000,
        "othercomprehensiveincomelossnetoftaxperiodincreasedecrease": 221000000,
        "comprehensiveincomenetoftax": 315000000
    }
]