[
    {
        "date": "2024-09-29",
        "symbol": "AMZN",
        "period": "Q3",
        "revenuefromcontractwithcustomerexcludingassessedtax": 327683000000,
        "costofgoodsandservicessold": 80977000000,
        "fulfillmentexpense": 24660000000,
        "technologyandinfrastructureexpense": 22245000000,
        "marketingexpense": 10609000000,
        "generalandadministrativeexpense": 2713000000,
        "otheroperatingincomeexpensenet": -262000000,
        "costsandexpenses": 141466000000,
        "operatingincomeloss": 17411000000,
        "investmentincomeinterest": 1256000000,
        "othernonoperatingincomeexpense": -27000000,
        "nonoperatingincomeexpense": 626000000,
        "incomelossfromcontinuingoperationsbeforeincometaxesminorityinterestandincomelossfromequitymethodinvestments": 18037000000,
        "incometaxexpensebenefit": 2706000000,
        "incomelossfromequitymethodinvestments": -3000000,
        "netincomeloss": 15328000000,
        "earningspersharebasic": -2.1100000000000003,
        "earningspersharediluted": -2.06,
        "weightedaveragenumberofsharesoutstandingbasic": 10447000000,
        "weightedaveragenumberofdilutedsharesoutstanding": 10705000000,
        "othercomprehensiveincomeforeigncurrencytransactionandtranslationgainlossarisingduringperiodnetoftax": 1911000000,
        "othercomprehensiveincomeunrealizedholdinggainlossonsecuritiesarisingduringperiodnetoftax": 167000000,
        "othercomprehensiveincomelossreclassificationadjustmentfromaociforsaleofsecuritiesnetoftax": 0,
        "othercomprehensiveincomelossavailableforsalesecuritiesadjustmentnetoftax": 167000000,
        "othercomprehensiveincomeothernetoftax": -3000000,
        "othercomprehensiveincomelossnetoftax": 2075000000,
        "comprehensiveincomenetoftax": 17403000000,
        "othercomprehensiveincomeforeigncurrencytranslationgainlossarisingduringperiodtax": 45000000,
        "othercomprehensiveincomeunrealizedholdinggainlossonsecuritiesarisingduringperiodtax": 55000000,
        "othercomprehensiveincomeothertax": 3000000
    },
    {
        "date": "2024-06-29",
        "symbol": "AMZN",
        "period": "Q2",
        "revenuefromcontractwithcustomerexcludingassessedtax": 61569000000,
        "costofgoodsandservicessold": 73785000000,
        "fulfillmentexpense": 23566000000,
        "technologyandinfrastructureexpense": 22304000000,
        "marketingexpense": 10512000000,
        "generalandadministrativeexpense": 3041000000,
        "otheroperatingincomeexpensenet": -97000000,
        "costsandexpenses": 133305000000,
        "operatingincomeloss": 14672000000,
        "investmentincomeinterest": 1180000000,
        "interestexpensenonoperating": 589000000,
        "othernonoperatingincomeexpense": -18000000,
        "nonoperatingincomeexpense": 573000000,
        "incomelossfromcontinuingoperationsbeforeincometaxesminorityinterestandincomelossfromequitymethodinvestments": 15245000000,
        "incometaxexpensebenefit": 1767000000,
        "incomelossfromequitymethodinvestments": 7000000,
        "netincomeloss": 13485000000,
        "earningspersharebasic": 1.29,
        "earningspersharediluted": 1.26,
        "weightedaveragenumberofsharesoutstandingbasic": 10447000000,
        "weightedaveragenumberofdilutedsharesoutstanding": 10708000000,
        "othercomprehensiveincomeforeigncurrencytransactionandtranslationgainlossarisingduringperiodnetoftax": -637000000,
        "othercomprehensiveincomeunrealizedholdinggainlossonsecuritiesarisingduringperiodnetoftax": 241000000,
        "othercomprehensiveincomelossreclassificationadjustmentfromaociforsaleofsecuritiesnetoftax": -3000000,
        "othercomprehensiveincomelossavailableforsalesecuritiesadjustmentnetoftax": 244000000,
        "othercomprehensiveincomeothernetoftax": -2000000,
        "othercomprehensiveincomelossnetoftax": -395000000,
        "comprehensiveincomenetoftax": 13090000000,
        "othercomprehensiveincomeforeigncurrencytranslationgainlossarisingduringperiodtax": -58000000,
        "othercomprehensiveincomeunrealizedholdinggainlossonsecuritiesarisingduringperiodtax": 69000000,
        "othercomprehensiveincomelossreclassificationadjustmentfromaociforsaleofsecuritiestax": 1000000,
        "othercomprehensiveincomeothertax": -1000000
    },
    {
        "date": "2024-03-30",
        "symbol": "AMZN",
        "period": "Q1",
        "revenuefromcontractwithcustomerexcludingassessedtax": 60915000000,
        "costofgoodsandservicessold": 72633000000,
        "fulfillmentexpense": 22317000000,
        "technologyandinfrastructureexpense": 20424000000,
        "marketingexpense": 9662000000,
        "generalandadministrativeexpense": 2742000000,
        "otheroperatingincomeexpensenet": -228000000,
        "costsandexpenses": 128006000000,
        "operatingincomeloss": 15307000000,
        "investmentincomeinterest": 993000000,
        "interestexpense": 644000000,
        "othernonoperatingincomeexpense": -2673000000,
        "nonoperatingincomeexpense": -2324000000,
        "incomelossfromcontinuingoperationsbeforeincometaxesminorityinterestandincomelossfromequitymethodinvestments": 12983000000,
        "incometaxexpensebenefit": 2467000000,
        "incomelossfromequitymethodinvestments": -85000000,
        "netincomeloss": 10431000000,
        "earningspersharebasic": 1,
        "earningspersharediluted": 0.98,
        "weightedaveragenumberofsharesoutstandingbasic": 10393000000,
        "weightedaveragenumberofdilutedsharesoutstanding": 10670000000,
        "othercomprehensiveincomeforeigncurrencytransactionandtranslationgainlossarisingduringperiodnetoftax": -1096000000,
        "othercomprehensiveincomeunrealizedholdinggainlossonsecuritiesarisingduringperiodnetoftax": 536000000,
        "othercomprehensiveincomelossreclassificationadjustmentfromaociforsaleofsecuritiesnetoftax": -1000000,
        "othercomprehensiveincomelossavailableforsalesecuritiesadjustmentnetoftax": 537000000,
        "othercomprehensiveincomeothernetoftax": 1000000,
        "othercomprehensiveincomelossnetoftax": -558000000,
        "comprehensiveincomenetoftax": 9873000000,
        "othercomprehensiveincomeforeigncurrencytranslationgainlossarisingduringperiodtax": -30000000,
        "othercomprehensiveincomeunrealizedholdinggainlossonsecuritiesarisingduringperiodtax": 158000000,
        "othercomprehensiveincomeothertax": -1000000
    },
    {
        "date": "2023-12-30",
        "symbol": "AMZN",
        "period": "Q4",
        "revenuefromcontractwithcustomerexcludingassessedtax": 76703000000,
        "costofgoodsandservicessold": 92553000000,
        "fulfillmentexpense": 26095000000,
        "marketingexpense": 12902000000,
        "generalandadministrativeexpense": 3010000000,
        "otheroperatingincomeexpensenet": -154000000,
        "costsandexpenses": 156752000000,
        "operatingincomeloss": 13209000000,
        "investmentincomeinterest": 901000000,
        "interestexpense": 713000000,
        "othernonoperatingincomeexpense": 289000000,
        "nonoperatingincomeexpense": 477000000,
        "incomelossfromcontinuingoperationsbeforeincometaxesminorityinterestandincomelossfromequitymethodinvestments": 13686000000,
        "incometaxexpensebenefit": 3062000000,
        "incomelossfromequitymethodinvestments": 0,
        "netincomeloss": 10624000000,
        "earningspersharebasic": 1.02,
        "earningspersharediluted": 1.0100000000000002,
        "weightedaveragenumberofsharesoutstandingbasic": 10304000000,
        "weightedaveragenumberofdilutedsharesoutstanding": 10492000000,
        "othercomprehensiveincomeforeigncurrencytransactionandtranslationgainlossarisingduringperiodnetoftax": 1765000000,
        "othercomprehensiveincomeunrealizedholdinggainlossonsecuritiesarisingduringperiodnetoftax": 192000000,
        "othercomprehensiveincomelossreclassificationadjustmentfromaociforsaleofsecuritiesnetoftax": -2000000,
        "othercomprehensiveincomelossavailableforsalesecuritiesadjustmentnetoftax": 194000000,
        "othercomprehensiveincomelossnetoftax": 1963000000,
        "comprehensiveincomenetoftax": 12587000000,
        "othercomprehensiveincomeforeigncurrencytranslationgainlossarisingduringperiodtax": 59000000,
        "othercomprehensiveincomeunrealizedholdinggainlossonsecuritiesarisingduringperiodtax": 58000000
    },
    {
        "date": "2023-09-29",
        "symbol": "AMZN",
        "period": "Q3",
        "revenuefromcontractwithcustomerexcludingassessedtax": 63171000000,
        "costofgoodsandservicessold": 75022000000,
        "fulfillmentexpense": 22314000000,
        "marketingexpense": 10551000000,
        "generalandadministrativeexpense": 2561000000,
        "otheroperatingincomeexpensenet": -244000000,
        "costsandexpenses": 131895000000,
        "operatingincomeloss": 11188000000,
        "investmentincomeinterest": 776000000,
        "interestexpense": 806000000,
        "othernonoperatingincomeexpense": 1031000000,
        "nonoperatingincomeexpense": 1001000000,
        "incomelossfromcontinuingoperationsbeforeincometaxesminorityinterestandincomelossfromequitymethodinvestments": 12189000000,
        "incometaxexpensebenefit": 2306000000,
        "incomelossfromequitymethodinvestments": -4000000,
        "netincomeloss": 9879000000,
        "earningspersharebasic": 0.96,
        "earningspersharediluted": 0.9299999999999997,
        "weightedaveragenumberofsharesoutstandingbasic": -10249000000,
        "weightedaveragenumberofdilutedsharesoutstanding": -10344000000,
        "othercomprehensiveincomeforeigncurrencytransactionandtranslationgainlossarisingduringperiodnetoftax": -1388000000,
        "othercomprehensiveincomeunrealizedholdinggainlossonsecuritiesarisingduringperiodnetoftax": 62000000,
        "othercomprehensiveincomelossreclassificationadjustmentfromaociforsaleofsecuritiesnetoftax": -3000000,
        "othercomprehensiveincomelossavailableforsalesecuritiesadjustmentnetoftax": 65000000,
        "othercomprehensiveincomelossnetoftax": -1323000000,
        "comprehensiveincomenetoftax": 8556000000,
        "othercomprehensiveincomeforeigncurrencytranslationgainlossarisingduringperiodtax": -36000000,
        "othercomprehensiveincomeunrealizedholdinggainlossonsecuritiesarisingduringperiodtax": 18000000,
        "othercomprehensiveincomelossreclassificationadjustmentfromaociforsaleofsecuritiestax": 0
    },
    {
        "date": "2023-06-29",
        "symbol": "AMZN",
        "period": "Q2",
        "revenuefromcontractwithcustomerexcludingassessedtax": 59032000000,
        "costofgoodsandservicessold": 69373000000,
        "fulfillmentexpense": 21305000000,
        "technologyandinfrastructureexpense": 21931000000,
        "marketingexpense": 10745000000,
        "generalandadministrativeexpense": 3202000000,
        "otheroperatingincomeexpensenet": -146000000,
        "costsandexpenses": 126702000000,
        "operatingincomeloss": 7681000000,
        "investmentincomeinterest": 661000000,
        "interestexpense": 840000000,
        "othernonoperatingincomeexpense": 61000000,
        "nonoperatingincomeexpense": -118000000,
        "incomelossfromcontinuingoperationsbeforeincometaxesminorityinterestandincomelossfromequitymethodinvestments": 7563000000,
        "incometaxexpensebenefit": 804000000,
        "incomelossfromequitymethodinvestments": -9000000,
        "netincomeloss": 6750000000,
        "earningspersharebasic": 0.66,
        "earningspersharediluted": 0.65,
        "weightedaveragenumberofsharesoutstandingbasic": 10285000000,
        "weightedaveragenumberofdilutedsharesoutstanding": 10449000000,
        "othercomprehensiveincomeforeigncurrencytransactionandtranslationgainlossarisingduringperiodnetoftax": 264000000,
        "othercomprehensiveincomeunrealizedholdinggainlossonsecuritiesarisingduringperiodnetoftax": 17000000,
        "othercomprehensiveincomelossreclassificationadjustmentfromaociforsaleofsecuritiesnetoftax": -12000000,
        "othercomprehensiveincomelossavailableforsalesecuritiesadjustmentnetoftax": 29000000,
        "othercomprehensiveincomelossnetoftax": 293000000,
        "comprehensiveincomenetoftax": 7043000000,
        "othercomprehensiveincomeforeigncurrencytranslationgainlossarisingduringperiodtax": 22000000,
        "othercomprehensiveincomeunrealizedholdinggainlossonsecuritiesarisingduringperiodtax": 5000000,
        "othercomprehensiveincomelossreclassificationadjustmentfromaociforsaleofsecuritiestax": 5000000
    },
    {
        "date": "2023-03-30",
        "symbol": "AMZN",
        "period": "Q1",
        "revenuefromcontractwithcustomerexcludingassessedtax": 56981000000,
        "costofgoodsandservicessold": 67791000000,
        "fulfillmentexpense": 20905000000,
        "technologyandcontentexpense": 20450000000,
        "marketingexpense": 10172000000,
        "generalandadministrativeexpense": 3043000000,
        "otheroperatingincomeexpensenet": -223000000,
        "costsandexpenses": 122584000000,
        "operatingincomeloss": 4774000000,
        "investmentincomeinterest": 611000000,
        "interestexpense": 823000000,
        "othernonoperatingincomeexpense": -443000000,
        "nonoperatingincomeexpense": -655000000,
        "incomelossfromcontinuingoperationsbeforeincometaxesminorityinterestandincomelossfromequitymethodinvestments": 4119000000,
        "incometaxexpensebenefit": 948000000,
        "incomelossfromequitymethodinvestments": 1000000,
        "netincomeloss": 3172000000,
        "earningspersharebasic": 0.31,
        "earningspersharediluted": 0.31,
        "weightedaveragenumberofsharesoutstandingbasic": 10250000000,
        "weightedaveragenumberofdilutedsharesoutstanding": 10347000000,
        "othercomprehensiveincomeforeigncurrencytransactionandtranslationgainlossarisingduringperiodnetoftax": 386000000,
        "othercomprehensiveincomeunrealizedholdinggainlossonsecuritiesarisingduringperiodnetoftax": 95000000,
        "othercomprehensiveincomelossreclassificationadjustmentfromaociforsaleofsecuritiesnetoftax": -33000000,
        "othercomprehensiveincomelossavailableforsalesecuritiesadjustmentnetoftax": 128000000,
        "othercomprehensiveincomelossnetoftax": 514000000,
        "comprehensiveincomenetoftax": 3686000000,
        "othercomprehensiveincomeforeigncurrencytranslationgainlossarisingduringperiodtax": 10000000,
        "othercomprehensiveincomeunrealizedholdinggainlossonsecuritiesarisingduringperiodtax": 29000000,
        "othercomprehensiveincomelossreclassificationadjustmentfromaociforsaleofsecuritiestax": 10000000
    },
    {
        "date": "2022-12-31",
        "symbol": "AMZN",
        "period": "Q4",
        "revenuefromcontractwithcustomerexcludingassessedtax": 70531000000,
        "costofgoodsandservicessold": 85640000000,
        "fulfillmentexpense": 23103000000,
        "technologyandcontentexpense": 20814000000,
        "marketingexpense": 12818000000,
        "generalandadministrativeexpense": 3333000000,
        "otheroperatingincomeexpensenet": -759000000,
        "costsandexpenses": 146467000000,
        "operatingincomeloss": 2737000000,
        "investmentincomeinterest": 445000000,
        "interestexpense": 694000000,
        "othernonoperatingincomeexpense": -3450000000,
        "nonoperatingincomeexpense": -3699000000,
        "incomelossfromcontinuingoperationsbeforeincometaxesminorityinterestandincomelossfromequitymethodinvestments": -962000000,
        "incometaxexpensebenefit": -1227000000,
        "incomelossfromequitymethodinvestments": 13000000,
        "netincomeloss": 278000000,
        "earningspersharebasic": 0.03000000000000025,
        "earningspersharediluted": 0.03000000000000025,
        "weightedaveragenumberofsharesoutstandingbasic": -10175000000,
        "weightedaveragenumberofdilutedsharesoutstanding": -10315000000,
        "othercomprehensiveincomeforeigncurrencytransactionandtranslationgainlossarisingduringperiodnetoftax": 2075000000,
        "othercomprehensiveincomeunrealizedholdinggainlossonsecuritiesarisingduringperiodnetoftax": 272000000,
        "othercomprehensiveincomelossreclassificationadjustmentfromaociforsaleofsecuritiesnetoftax": -281000000,
        "othercomprehensiveincomelossavailableforsalesecuritiesadjustmentnetoftax": 553000000,
        "othercomprehensiveincomelossnetoftax": 2628000000,
        "comprehensiveincomenetoftax": 2906000000,
        "othercomprehensiveincomeforeigncurrencytranslationgainlossarisingduringperiodtax": 36000000
    },
    {
        "date": "2022-09-29",
        "symbol": "AMZN",
        "period": "Q3",
        "revenuefromcontractwithcustomerexcludingassessedtax": 59340000000,
        "costofgoodsandservicessold": 70268000000,
        "fulfillmentexpense": 20583000000,
        "technologyandcontentexpense": 19485000000,
        "marketingexpense": 11014000000,
        "generalandadministrativeexpense": 3061000000,
        "otheroperatingincomeexpensenet": -165000000,
        "costsandexpenses": 124576000000,
        "operatingincomeloss": 2525000000,
        "investmentincomeinterest": 277000000,
        "interestexpense": 617000000,
        "othernonoperatingincomeexpense": 759000000,
        "nonoperatingincomeexpense": 419000000,
        "incomelossfromcontinuingoperationsbeforeincometaxesminorityinterestandincomelossfromequitymethodinvestments": 2944000000,
        "incometaxexpensebenefit": 69000000,
        "incomelossfromequitymethodinvestments": -3000000,
        "netincomeloss": 2872000000,
        "earningspersharebasic": 0.28,
        "earningspersharediluted": 0.28,
        "weightedaveragenumberofsharesoutstandingbasic": 10191000000,
        "weightedaveragenumberofdilutedsharesoutstanding": 10331000000,
        "othercomprehensiveincomeforeigncurrencytransactionandtranslationgainlossarisingduringperiodnetoftax": -2142000000,
        "othercomprehensiveincomeunrealizedholdinggainlossonsecuritiesarisingduringperiodnetoftax": -195000000,
        "othercomprehensiveincomelossreclassificationadjustmentfromaociforsaleofsecuritiesnetoftax": -4000000,
        "othercomprehensiveincomelossavailableforsalesecuritiesadjustmentnetoftax": -191000000,
        "othercomprehensiveincomelossnetoftax": -2333000000,
        "comprehensiveincomenetoftax": 539000000,
        "othercomprehensiveincomeforeigncurrencytranslationgainlossarisingduringperiodtax": -76000000,
        "othercomprehensiveincomeunrealizedholdinggainlossonsecuritiesarisingduringperiodtax": 4000000
    },
    {
        "date": "2022-06-29",
        "symbol": "AMZN",
        "period": "Q2",
        "revenuefromcontractwithcustomerexcludingassessedtax": 56575000000,
        "costofgoodsandservicessold": 66424000000,
        "fulfillmentexpense": 20342000000,
        "technologyandcontentexpense": 18072000000,
        "marketingexpense": 10086000000,
        "generalandadministrativeexpense": 2903000000,
        "otheroperatingincomeexpensenet": -90000000,
        "costsandexpenses": 117917000000,
        "operatingincomeloss": 3317000000,
        "investmentincomeinterest": 159000000,
        "interestexpense": 584000000,
        "othernonoperatingincomeexpense": -5545000000,
        "nonoperatingincomeexpense": -5970000000,
        "incomelossfromcontinuingoperationsbeforeincometaxesminorityinterestandincomelossfromequitymethodinvestments": -2653000000,
        "incometaxexpensebenefit": -637000000,
        "incomelossfromequitymethodinvestments": -12000000,
        "netincomeloss": -2028000000,
        "earningspersharebasic": 6.9799999999999995,
        "earningspersharediluted": 6.9799999999999995,
        "weightedaveragenumberofsharesoutstandingbasic": 9664000000,
        "weightedaveragenumberofdilutedsharesoutstanding": 9664000000,
        "othercomprehensiveincomeforeigncurrencytransactionandtranslationgainlossarisingduringperiodnetoftax": -2186000000,
        "othercomprehensiveincomeunrealizedholdinggainlossonsecuritiesarisingduringperiodnetoftax": -238000000,
        "othercomprehensiveincomelossreclassificationadjustmentfromaociforsaleofsecuritiesnetoftax": -7000000,
        "othercomprehensiveincomelossavailableforsalesecuritiesadjustmentnetoftax": -231000000,
        "othercomprehensiveincomelossnetoftax": -2417000000,
        "comprehensiveincomenetoftax": -4445000000,
        "othercomprehensiveincomeforeigncurrencytranslationgainlossarisingduringperiodtax": -76000000,
        "othercomprehensiveincomeunrealizedholdinggainlossonsecuritiesarisingduringperiodtax": 0
    },
    {
        "date": "2022-03-30",
        "symbol": "AMZN",
        "period": "Q1",
        "revenuefromcontractwithcustomerexcludingassessedtax": 56455000000,
        "costofgoodsandservicessold": 66499000000,
        "fulfillmentexpense": 20271000000,
        "technologyandcontentexpense": 14842000000,
        "marketingexpense": 8320000000,
        "generalandadministrativeexpense": 2594000000,
        "otheroperatingincomeexpensenet": -249000000,
        "costsandexpenses": 112775000000,
        "operatingincomeloss": 3669000000,
        "investmentincomeinterest": 108000000,
        "interestexpense": 472000000,
        "othernonoperatingincomeexpense": -8570000000,
        "nonoperatingincomeexpense": -8934000000,
        "incomelossfromcontinuingoperationsbeforeincometaxesminorityinterestandincomelossfromequitymethodinvestments": -5265000000,
        "incometaxexpensebenefit": -1422000000,
        "incomelossfromequitymethodinvestments": -1000000,
        "netincomeloss": -3844000000,
        "earningspersharebasic": -7.56,
        "earningspersharediluted": -7.56,
        "weightedaveragenumberofsharesoutstandingbasic": 509000000,
        "weightedaveragenumberofdilutedsharesoutstanding": 509000000,
        "othercomprehensiveincomeforeigncurrencytransactionandtranslationgainlossarisingduringperiodnetoftax": -333000000,
        "othercomprehensiveincomeunrealizedholdinggainlossonsecuritiesarisingduringperiodnetoftax": -662000000,
        "othercomprehensiveincomelossreclassificationadjustmentfromaociforsaleofsecuritiesnetoftax": -6000000,
        "othercomprehensiveincomelossavailableforsalesecuritiesadjustmentnetoftax": -656000000,
        "othercomprehensiveincomelossnetoftax": -989000000,
        "comprehensiveincomenetoftax": -4833000000,
        "othercomprehensiveincomeforeigncurrencytranslationgainlossarisingduringperiodtax": 16000000,
        "othercomprehensiveincomeunrealizedholdinggainlossonsecuritiesarisingduringperiodtax": -1000000
    },
    {
        "date": "2021-12-31",
        "symbol": "AMZN",
        "period": "Q4",
        "revenuefromcontractwithcustomerexcludingassessedtax": 71416000000,
        "costofgoodsandservicessold": 82835000000,
        "fulfillmentexpense": 22445000000,
        "technologyandcontentexpense": 15313000000,
        "marketingexpense": 10810000000,
        "generalandadministrativeexpense": 2525000000,
        "otheroperatingincomeexpensenet": -24000000,
        "costsandexpenses": 133952000000,
        "operatingincomeloss": 3460000000,
        "investmentincomeinterest": 118000000,
        "interestexpense": 482000000,
        "othernonoperatingincomeexpense": 11838000000,
        "nonoperatingincomeexpense": 11474000000,
        "incomelossfromcontinuingoperationsbeforeincometaxesminorityinterestandincomelossfromequitymethodinvestments": 14934000000,
        "incometaxexpensebenefit": 612000000,
        "incomelossfromequitymethodinvestments": 1000000,
        "netincomeloss": 14323000000,
        "earningspersharebasic": 28.23999999999999,
        "earningspersharediluted": 27.78000000000001,
        "weightedaveragenumberofsharesoutstandingbasic": -1010000000,
        "weightedaveragenumberofdilutedsharesoutstanding": -1027000000,
        "othercomprehensiveincomeforeigncurrencytransactionandtranslationgainlossarisingduringperiodnetoftax": -67000000,
        "othercomprehensiveincomeunrealizedholdinggainlossonsecuritiesarisingduringperiodnetoftax": -234000000,
        "othercomprehensiveincomelossreclassificationadjustmentfromaociforsaleofsecuritiesnetoftax": 0,
        "othercomprehensiveincomelossavailableforsalesecuritiesadjustmentnetoftax": -234000000,
        "othercomprehensiveincomelossnetoftax": -301000000,
        "comprehensiveincomenetoftax": 14022000000,
        "othercomprehensiveincomeforeigncurrencytranslationgainlossarisingduringperiodtax": 56000000,
        "othercomprehensiveincomeunrealizedholdinggainlossonsecuritiesarisingduringperiodtax": 43000000,
        "othercomprehensiveincomelossreclassificationadjustmentfromaociforsaleofsecuritiestax": 0
    },
    {
        "date": "2021-09-30",
        "symbol": "AMZN",
        "period": "Q3",
        "revenuefromcontractwithcustomerexcludingassessedtax": 54876000000,
        "costofgoodsandservicessold": 62930000000,
        "fulfillmentexpense": 18498000000,
        "technologyandcontentexpense": 14380000000,
        "marketingexpense": 8010000000,
        "generalandadministrativeexpense": 2153000000,
        "otheroperatingincomeexpensenet": 11000000,
        "costsandexpenses": 105960000000,
        "operatingincomeloss": 4852000000,
        "investmentincomeinterest": 119000000,
        "interestexpense": 493000000,
        "othernonoperatingincomeexpense": -163000000,
        "nonoperatingincomeexpense": -537000000,
        "incomelossfromcontinuingoperationsbeforeincometaxesminorityinterestandincomelossfromequitymethodinvestments": 4315000000,
        "incometaxexpensebenefit": 1155000000,
        "incomelossfromequitymethodinvestments": -4000000,
        "netincomeloss": 3156000000,
        "earningspersharebasic": 6.23,
        "earningspersharediluted": 6.12,
        "weightedaveragenumberofsharesoutstandingbasic": 507000000,
        "weightedaveragenumberofdilutedsharesoutstanding": 515000000,
        "othercomprehensiveincomeforeigncurrencytransactionandtranslationgainlossarisingduringperiodnetoftax": -537000000,
        "othercomprehensiveincomeunrealizedholdinggainlossonsecuritiesarisingduringperiodnetoftax": -5000000,
        "othercomprehensiveincomelossreclassificationadjustmentfromaociforsaleofsecuritiesnetoftax": 8000000,
        "othercomprehensiveincomelossavailableforsalesecuritiesadjustmentnetoftax": -13000000,
        "othercomprehensiveincomelossnetoftax": -550000000,
        "comprehensiveincomenetoftax": 2606000000,
        "othercomprehensiveincomeforeigncurrencytranslationgainlossarisingduringperiodtax": -39000000,
        "othercomprehensiveincomeunrealizedholdinggainlossonsecuritiesarisingduringperiodtax": -3000000,
        "othercomprehensiveincomelossreclassificationadjustmentfromaociforsaleofsecuritiestax": -5000000
    },
    {
        "date": "2021-06-30",
        "symbol": "AMZN",
        "period": "Q2",
        "revenuefromcontractwithcustomerexcludingassessedtax": 58004000000,
        "costofgoodsandservicessold": 64176000000,
        "fulfillmentexpense": 17638000000,
        "technologyandcontentexpense": 13871000000,
        "marketingexpense": 7524000000,
        "generalandadministrativeexpense": 2158000000,
        "otheroperatingincomeexpensenet": -11000000,
        "costsandexpenses": 105378000000,
        "operatingincomeloss": 7702000000,
        "investmentincomeinterest": 106000000,
        "interestexpense": 435000000,
        "othernonoperatingincomeexpense": 1261000000,
        "nonoperatingincomeexpense": 932000000,
        "incomelossfromcontinuingoperationsbeforeincometaxesminorityinterestandincomelossfromequitymethodinvestments": 8634000000,
        "incometaxexpensebenefit": 868000000,
        "incomelossfromequitymethodinvestments": 12000000,
        "netincomeloss": 7778000000,
        "earningspersharebasic": 15.4,
        "earningspersharediluted": 15.12,
        "weightedaveragenumberofsharesoutstandingbasic": 505000000,
        "weightedaveragenumberofdilutedsharesoutstanding": 514000000,
        "othercomprehensiveincomeforeigncurrencytransactionandtranslationgainlossarisingduringperiodnetoftax": 159000000,
        "othercomprehensiveincomeunrealizedholdinggainlossonsecuritiesarisingduringperiodnetoftax": -6000000,
        "othercomprehensiveincomelossreclassificationadjustmentfromaociforsaleofsecuritiesnetoftax": 12000000,
        "othercomprehensiveincomelossavailableforsalesecuritiesadjustmentnetoftax": -18000000,
        "othercomprehensiveincomelossnetoftax": 141000000,
        "comprehensiveincomenetoftax": 7919000000,
        "othercomprehensiveincomeforeigncurrencytranslationgainlossarisingduringperiodtax": 17000000,
        "othercomprehensiveincomeunrealizedholdinggainlossonsecuritiesarisingduringperiodtax": 2000000,
        "othercomprehensiveincomelossreclassificationadjustmentfromaociforsaleofsecuritiestax": -4000000
    },
    {
        "date": "2021-03-31",
        "symbol": "AMZN",
        "period": "Q1",
        "revenuefromcontractwithcustomerexcludingassessedtax": 57491000000,
        "costofgoodsandservicessold": 62403000000,
        "fulfillmentexpense": 16530000000,
        "technologyandcontentexpense": 12488000000,
        "marketingexpense": 6207000000,
        "generalandadministrativeexpense": 1987000000,
        "otheroperatingincomeexpensenet": -38000000,
        "costsandexpenses": 99653000000,
        "operatingincomeloss": 8865000000,
        "investmentincomeinterest": 105000000,
        "interestexpense": 399000000,
        "othernonoperatingincomeexpense": 1697000000,
        "nonoperatingincomeexpense": 1403000000,
        "incomelossfromcontinuingoperationsbeforeincometaxesminorityinterestandincomelossfromequitymethodinvestments": 10268000000,
        "incometaxexpensebenefit": 2156000000,
        "incomelossfromequitymethodinvestments": -5000000,
        "netincomeloss": 8107000000,
        "earningspersharebasic": 16.09,
        "earningspersharediluted": 15.79,
        "weightedaveragenumberofsharesoutstandingbasic": 504000000,
        "weightedaveragenumberofdilutedsharesoutstanding": 513000000,
        "othercomprehensiveincomeforeigncurrencytransactionandtranslationgainlossarisingduringperiodnetoftax": -374000000,
        "othercomprehensiveincomeunrealizedholdinggainlossonsecuritiesarisingduringperiodnetoftax": -98000000,
        "othercomprehensiveincomelossreclassificationadjustmentfromaociforsaleofsecuritiesnetoftax": 14000000,
        "othercomprehensiveincomelossavailableforsalesecuritiesadjustmentnetoftax": -112000000,
        "othercomprehensiveincomelossnetoftax": -486000000,
        "comprehensiveincomenetoftax": 7621000000,
        "othercomprehensiveincomeforeigncurrencytranslationgainlossarisingduringperiodtax": 13000000,
        "othercomprehensiveincomeunrealizedholdinggainlossonsecuritiesarisingduringperiodtax": 30000000,
        "othercomprehensiveincomelossreclassificationadjustmentfromaociforsaleofsecuritiestax": -4000000
    },
    {
        "date": "2020-12-31",
        "symbol": "AMZN",
        "period": "Q4",
        "revenuefromcontractwithcustomerexcludingassessedtax": 71056000000,
        "costofgoodsandservicessold": 79284000000,
        "fulfillmentexpense": 18475000000,
        "technologyandcontentexpense": 12051000000,
        "marketingexpense": 7401000000,
        "generalandadministrativeexpense": 1968000000,
        "otheroperatingincomeexpensenet": 497000000,
        "costsandexpenses": 118682000000,
        "operatingincomeloss": 6873000000,
        "investmentincomeinterest": 100000000,
        "interestexpense": 414000000,
        "othernonoperatingincomeexpense": 1206000000,
        "nonoperatingincomeexpense": 892000000,
        "incomelossfromcontinuingoperationsbeforeincometaxesminorityinterestandincomelossfromequitymethodinvestments": 7765000000,
        "incometaxexpensebenefit": 566000000,
        "incomelossfromequitymethodinvestments": 23000000,
        "netincomeloss": 7222000000,
        "earningspersharebasic": 14.419999999999998,
        "earningspersharediluted": 14.15,
        "weightedaveragenumberofsharesoutstandingbasic": -999000000,
        "weightedaveragenumberofdilutedsharesoutstanding": -1017000000,
        "othercomprehensiveincomeforeigncurrencytransactionandtranslationgainlossarisingduringperiodnetoftax": 820000000,
        "othercomprehensiveincomeunrealizedholdinggainlossonsecuritiesarisingduringperiodnetoftax": 34000000,
        "othercomprehensiveincomelossavailableforsalesecuritiesadjustmentnetoftax": 29000000,
        "othercomprehensiveincomelossnetoftax": 849000000,
        "comprehensiveincomenetoftax": 8071000000,
        "othercomprehensiveincomeforeigncurrencytranslationgainlossarisingduringperiodtax": -34000000,
        "othercomprehensiveincomeunrealizedholdinggainlossonsecuritiesarisingduringperiodtax": -12000000
    },
    {
        "date": "2020-09-30",
        "symbol": "AMZN",
        "period": "Q3",
        "revenuefromcontractwithcustomerexcludingassessedtax": 52774000000,
        "costofgoodsandservicessold": 57106000000,
        "fulfillmentexpense": 14705000000,
        "technologyandcontentexpense": 10976000000,
        "marketingexpense": 5434000000,
        "generalandadministrativeexpense": 1668000000,
        "otheroperatingincomeexpensenet": -62000000,
        "costsandexpenses": 89951000000,
        "operatingincomeloss": 6194000000,
        "investmentincomeinterest": 118000000,
        "interestexpense": 428000000,
        "othernonoperatingincomeexpense": 925000000,
        "nonoperatingincomeexpense": 615000000,
        "incomelossfromcontinuingoperationsbeforeincometaxesminorityinterestandincomelossfromequitymethodinvestments": 6809000000,
        "incometaxexpensebenefit": 569000000,
        "incomelossfromequitymethodinvestments": 91000000,
        "netincomeloss": 6331000000,
        "earningspersharebasic": 12.63,
        "earningspersharediluted": 12.37,
        "weightedaveragenumberofsharesoutstandingbasic": 501000000,
        "weightedaveragenumberofdilutedsharesoutstanding": 512000000,
        "othercomprehensiveincomeforeigncurrencytransactionandtranslationgainlossarisingduringperiodnetoftax": 408000000,
        "othercomprehensiveincomelossforeigncurrencytransactionandtranslationadjustmentnetoftax": 408000000,
        "othercomprehensiveincomeunrealizedholdinggainlossonsecuritiesarisingduringperiodnetoftax": 35000000,
        "othercomprehensiveincomelossreclassificationadjustmentfromaociforsaleofsecuritiesnetoftax": 17000000,
        "othercomprehensiveincomelossavailableforsalesecuritiesadjustmentnetoftax": 18000000,
        "othercomprehensiveincomelossnetoftax": 426000000,
        "comprehensiveincomenetoftax": 6757000000,
        "othercomprehensiveincomeforeigncurrencytranslationgainlossarisingduringperiodtax": -15000000,
        "othercomprehensiveincomeunrealizedholdinggainlossonsecuritiesarisingduringperiodtax": -10000000,
        "othercomprehensiveincomelossreclassificationadjustmentfromaociforsaleofsecuritiestax": -5000000
    },
    {
        "date": "2020-06-30",
        "symbol": "AMZN",
        "period": "Q2",
        "revenuefromcontractwithcustomerexcludingassessedtax": 50244000000,
        "costofgoodsandservicessold": 52660000000,
        "fulfillmentexpense": 13806000000,
        "marketingexpense": 4345000000,
        "technologyandcontentexpense": 10388000000,
        "generalandadministrativeexpense": 1580000000,
        "otheroperatingincomeexpensenet": -290000000,
        "costsandexpenses": 83069000000,
        "operatingincomeloss": 5843000000,
        "investmentincomeinterest": 135000000,
        "interestexpense": 403000000,
        "othernonoperatingincomeexpense": 646000000,
        "nonoperatingincomeexpense": 378000000,
        "incomelossfromcontinuingoperationsbeforeincometaxesminorityinterestandincomelossfromequitymethodinvestments": 6221000000,
        "incometaxexpensebenefit": 984000000,
        "incomelossfromequitymethodinvestments": 6000000,
        "netincomeloss": 5243000000,
        "earningspersharebasic": 10.5,
        "earningspersharediluted": 10.3,
        "weightedaveragenumberofsharesoutstandingbasic": 500000000,
        "weightedaveragenumberofdilutedsharesoutstanding": 509000000,
        "othercomprehensiveincomeforeigncurrencytransactionandtranslationgainlossarisingduringperiodnetoftax": 207000000,
        "othercomprehensiveincomeunrealizedholdinggainlossonsecuritiesarisingduringperiodnetoftax": 407000000,
        "othercomprehensiveincomelossreclassificationadjustmentfromaociforsaleofsecuritiesnetoftax": 6000000,
        "othercomprehensiveincomelossavailableforsalesecuritiesadjustmentnetoftax": 401000000,
        "othercomprehensiveincomelossnetoftax": 608000000,
        "comprehensiveincomenetoftax": 5851000000,
        "othercomprehensiveincomeforeigncurrencytranslationgainlossarisingduringperiodtax": -8000000,
        "othercomprehensiveincomeunrealizedholdinggainlossonsecuritiesarisingduringperiodtax": -73000000
    },
    {
        "date": "2020-03-31",
        "symbol": "AMZN",
        "period": "Q1",
        "netincomeloss": 2535000000,
        "othercomprehensiveincomeforeigncurrencytransactionandtranslationgainlossarisingduringperiodnetoftax": -874000000,
        "othercomprehensiveincomeunrealizedholdinggainlossonsecuritiesarisingduringperiodnetoftax": -203000000,
        "othercomprehensiveincomelossavailableforsalesecuritiesadjustmentnetoftax": -203000000,
        "othercomprehensiveincomelossnetoftax": -1077000000,
        "comprehensiveincomenetoftax": 1458000000,
        "othercomprehensiveincomeforeigncurrencytranslationgainlossarisingduringperiodtax": 21000000,
        "othercomprehensiveincomeunrealizedholdinggainlossonsecuritiesarisingduringperiodtax": 12000000,
        "revenuefromcontractwithcustomerexcludingassessedtax": 41841000000,
        "costofgoodsandservicessold": 44257000000,
        "fulfillmentexpense": 11531000000,
        "marketingexpense": 4828000000,
        "technologyandcontentexpense": 9325000000,
        "generalandadministrativeexpense": 1452000000,
        "otheroperatingincomeexpensenet": -70000000,
        "costsandexpenses": 71463000000,
        "operatingincomeloss": 3989000000,
        "investmentincomeinterest": 202000000,
        "interestexpense": 402000000,
        "othernonoperatingincomeexpense": -406000000,
        "nonoperatingincomeexpense": -606000000,
        "incomelossfromcontinuingoperationsbeforeincometaxesminorityinterestandincomelossfromequitymethodinvestments": 3383000000,
        "incometaxexpensebenefit": 744000000,
        "incomelossfromequitymethodinvestments": -104000000,
        "earningspersharebasic": 5.09,
        "earningspersharediluted": 5.01,
        "weightedaveragenumberofsharesoutstandingbasic": 498000000,
        "weightedaveragenumberofdilutedsharesoutstanding": 506000000
    },
    {
        "date": "2019-12-31",
        "symbol": "AMZN",
        "period": "Q4",
        "netincomeloss": 3268000000,
        "othercomprehensiveincomelossforeigncurrencytransactionandtranslationadjustmentnetoftax": 447000000,
        "othercomprehensiveincomeunrealizedholdinggainlossonsecuritiesarisingduringperiodnetoftax": -2000000,
        "othercomprehensiveincomelossreclassificationadjustmentfromaociforsaleofsecuritiesnetoftax": 2000000,
        "othercomprehensiveincomelossavailableforsalesecuritiesadjustmentnetoftax": -4000000,
        "othercomprehensiveincomelossnetoftax": 443000000,
        "comprehensiveincomenetoftax": 3711000000,
        "revenuefromcontractwithcustomerexcludingassessedtax": 25126000000,
        "costofgoodsandservicessold": 53977000000,
        "fulfillmentexpense": 12193000000,
        "technologyandcontentexpense": 9739000000,
        "marketingexpense": 6171000000,
        "generalandadministrativeexpense": 1412000000,
        "costsandexpenses": 83557000000,
        "operatingincomeloss": 3880000000,
        "investmentincomeinterest": 210000000,
        "interestexpense": 455000000,
        "othernonoperatingincomeexpense": 419000000,
        "nonoperatingincomeexpense": 174000000,
        "incomelossfromcontinuingoperationsbeforeincometaxesminorityinterestandincomelossfromequitymethodinvestments": 4054000000,
        "incometaxexpensebenefit": 787000000,
        "incomelossfromequitymethodinvestments": 1000000,
        "earningspersharebasic": 6.590000000000002,
        "earningspersharediluted": 6.470000000000002,
        "weightedaveragenumberofsharesoutstandingbasic": -985000000,
        "weightedaveragenumberofdilutedsharesoutstanding": -1005000000
    },
    {
        "date": "2019-09-30",
        "symbol": "AMZN",
        "period": "Q3",
        "netincomeloss": 2134000000,
        "othercomprehensiveincomeforeigncurrencytransactionandtranslationgainlossarisingduringperiodnetoftax": -368000000,
        "othercomprehensiveincomelossforeigncurrencytransactionandtranslationreclassficationadjustmentfromaocinetoftax": 108000000,
        "othercomprehensiveincomelossforeigncurrencytransactionandtranslationadjustmentnetoftax": -476000000,
        "othercomprehensiveincomeunrealizedholdinggainlossonsecuritiesarisingduringperiodnetoftax": 9000000,
        "othercomprehensiveincomelossreclassificationadjustmentfromaociforsaleofsecuritiesnetoftax": 2000000,
        "othercomprehensiveincomelossavailableforsalesecuritiesadjustmentnetoftax": 7000000,
        "othercomprehensiveincomelossnetoftax": -469000000,
        "comprehensiveincomenetoftax": 1665000000,
        "othercomprehensiveincomeforeigncurrencytranslationgainlossarisingduringperiodtax": 1000000,
        "othercomprehensiveincomelossforeigncurrencytransactionandtranslationreclassificationadjustmentfromaocirealizeduponsaleorliquidationtax": 29000000,
        "othercomprehensiveincomeunrealizedholdinggainlossonsecuritiesarisingduringperiodtax": -2000000,
        "revenuefromcontractwithcustomerexcludingassessedtax": 39726000000,
        "costofgoodsandservicessold": 41302000000,
        "fulfillmentexpense": 10167000000,
        "marketingexpense": 4752000000,
        "technologyandcontentexpense": 9200000000,
        "generalandadministrativeexpense": 1348000000,
        "othercostandexpenseoperating": 55000000,
        "costsandexpenses": 66824000000,
        "operatingincomeloss": 3157000000,
        "investmentincomeinterest": 224000000,
        "interestexpense": 396000000,
        "othernonoperatingincomeexpense": -353000000,
        "nonoperatingincomeexpense": -525000000,
        "incomelossfromcontinuingoperationsbeforeincometaxesminorityinterestandincomelossfromequitymethodinvestments": 2632000000,
        "incometaxexpensebenefit": 494000000,
        "incomelossfromequitymethodinvestments": -4000000,
        "earningspersharebasic": 4.31,
        "earningspersharediluted": 4.23,
        "weightedaveragenumberofsharesoutstandingbasic": 495000000,
        "weightedaveragenumberofdilutedsharesoutstanding": 504000000
    },
    {
        "date": "2019-06-30",
        "symbol": "AMZN",
        "period": "Q2",
        "netincomeloss": 2625000000,
        "othercomprehensiveincomelossforeigncurrencytransactionandtranslationadjustmentnetoftax": 7000000,
        "othercomprehensiveincomeunrealizedholdinggainlossonsecuritiesarisingduringperiodnetoftax": 44000000,
        "othercomprehensiveincomelossreclassificationadjustmentfromaociforsaleofsecuritiesnetoftax": 1000000,
        "othercomprehensiveincomelossavailableforsalesecuritiesadjustmentnetoftax": 43000000,
        "othercomprehensiveincomelossnetoftax": 50000000,
        "comprehensiveincomenetoftax": 2675000000,
        "othercomprehensiveincomelossforeigncurrencytranslationadjustmenttax": -6000000,
        "othercomprehensiveincomeunrealizedholdinggainlossonsecuritiesarisingduringperiodtax": -11000000,
        "revenuefromcontractwithcustomerexcludingassessedtax": 35856000000,
        "costofgoodsandservicessold": 36337000000,
        "fulfillmentexpense": 9271000000,
        "marketingexpense": 4291000000,
        "technologyandcontentexpense": 9065000000,
        "generalandadministrativeexpense": 1270000000,
        "othercostandexpenseoperating": 86000000,
        "costsandexpenses": 60320000000,
        "operatingincomeloss": 3084000000,
        "investmentincomeinterest": 215000000,
        "interestexpense": 383000000,
        "othernonoperatingincomeexpense": -27000000,
        "nonoperatingincomeexpense": -195000000,
        "incomelossfromcontinuingoperationsbeforeincometaxesminorityinterestandincomelossfromequitymethodinvestments": 2889000000,
        "incometaxexpensebenefit": 257000000,
        "incomelossfromequitymethodinvestments": -7000000,
        "earningspersharebasic": 5.32,
        "earningspersharediluted": 5.22,
        "weightedaveragenumberofsharesoutstandingbasic": 493000000,
        "weightedaveragenumberofdilutedsharesoutstanding": 503000000
    },
    {
        "date": "2019-03-31",
        "symbol": "AMZN",
        "period": "Q1",
        "netincomeloss": 3561000000,
        "othercomprehensiveincomelossforeigncurrencytransactionandtranslationadjustmentnetoftax": -8000000,
        "othercomprehensiveincomeunrealizedholdinggainlossonsecuritiesarisingduringperiodnetoftax": 32000000,
        "othercomprehensiveincomelossreclassificationadjustmentfromaociforsaleofsecuritiesnetoftax": -1000000,
        "othercomprehensiveincomelossavailableforsalesecuritiesadjustmentnetoftax": 33000000,
        "othercomprehensiveincomelossnetoftax": 25000000,
        "comprehensiveincomenetoftax": 3586000000,
        "othercomprehensiveincomelossforeigncurrencytranslationadjustmenttax": -1000000,
        "revenuefromcontractwithcustomerexcludingassessedtax": 59700000000,
        "costofgoodsandservicessold": 33920000000,
        "fulfillmentexpense": 8601000000,
        "marketingexpense": 3664000000,
        "technologyandcontentexpense": 7927000000,
        "generalandadministrativeexpense": 1173000000,
        "otheroperatingincome": 5000000,
        "costsandexpenses": 55280000000,
        "operatingincomeloss": 4420000000,
        "investmentincomeinterest": 183000000,
        "interestexpense": 366000000,
        "othernonoperatingincomeexpense": 164000000,
        "nonoperatingincomeexpense": -19000000,
        "incomelossfromcontinuingoperationsbeforeincometaxesminorityinterestandincomelossfromequitymethodinvestments": 4401000000,
        "incometaxexpensebenefit": 836000000,
        "incomelossfromequitymethodinvestments": -4000000,
        "earningspersharebasic": 7.24,
        "earningspersharediluted": 7.09,
        "weightedaveragenumberofsharesoutstandingbasic": 491000000,
        "weightedaveragenumberofdilutedsharesoutstanding": 502000000
    },
    {
        "date": "2018-12-31",
        "symbol": "AMZN",
        "period": "Q4",
        "netincomeloss": 3027000000,
        "othercomprehensiveincomelossforeigncurrencytransactionandtranslationadjustmentnetoftax": -26000000,
        "othercomprehensiveincomeunrealizedholdinggainlossonsecuritiesarisingduringperiodnetoftax": 26000000,
        "othercomprehensiveincomelossreclassificationadjustmentfromaociforsaleofsecuritiesnetoftax": -3000000,
        "othercomprehensiveincomelossavailableforsalesecuritiesadjustmentnetoftax": 29000000,
        "othercomprehensiveincomelossnetoftax": 3000000,
        "comprehensiveincomenetoftax": 3030000000,
        "othercomprehensiveincomelossforeigncurrencytranslationadjustmenttax": -13000000,
        "costofgoodsandservicessold": 44786000000,
        "fulfillmentexpense": 10028000000,
        "marketingexpense": 4912000000,
        "technologyandcontentexpense": 7669000000,
        "generalandadministrativeexpense": 1117000000,
        "othercostandexpenseoperating": 85000000,
        "costsandexpenses": 41872000000,
        "operatingincomeloss": 2252000000,
        "investmentincomeinterest": 150000000,
        "interestexpense": 387000000,
        "othernonoperatingincomeexpense": -199000000,
        "nonoperatingincomeexpense": -436000000,
        "incomelossfromcontinuingoperationsbeforeincometaxesminorityinterestandincomelossfromequitymethodinvestments": 3350000000,
        "incometaxexpensebenefit": 327000000,
        "earningspersharebasic": 6.1899999999999995,
        "earningspersharediluted": 6.040000000000001,
        "weightedaveragenumberofsharesoutstandingbasic": 1000000,
        "weightedaveragenumberofdilutedsharesoutstanding": 0
    },
    {
        "date": "2018-09-30",
        "symbol": "AMZN",
        "period": "Q3",
        "netincomeloss": 2883000000,
        "othercomprehensiveincomelossforeigncurrencytransactionandtranslationadjustmentnetoftax": -101000000,
        "othercomprehensiveincomeunrealizedholdinggainlossonsecuritiesarisingduringperiodnetoftax": -3000000,
        "othercomprehensiveincomelossreclassificationadjustmentfromaociforsaleofsecuritiesnetoftax": -4000000,
        "othercomprehensiveincomelossavailableforsalesecuritiesadjustmentnetoftax": 1000000,
        "othercomprehensiveincomelossnetoftax": -100000000,
        "comprehensiveincomenetoftax": 2783000000,
        "othercomprehensiveincomelossforeigncurrencytranslationadjustmenttax": 2000000,
        "costofgoodsandservicessold": 93170000000,
        "fulfillmentexpense": 8275000000,
        "marketingexpense": 3302000000,
        "technologyandcontentexpense": 7162000000,
        "generalandadministrativeexpense": 1042000000,
        "othercostandexpenseoperating": 68000000,
        "costsandexpenses": 32317000000,
        "operatingincomeloss": 2031000000,
        "investmentincomeinterest": 117000000,
        "interestexpense": 357000000,
        "othernonoperatingincomeexpense": -93000000,
        "nonoperatingincomeexpense": -333000000,
        "incomelossfromcontinuingoperationsbeforeincometaxesminorityinterestandincomelossfromequitymethodinvestments": 3391000000,
        "incometaxexpensebenefit": 509000000,
        "earningspersharebasic": 5.91,
        "earningspersharediluted": 5.76,
        "weightedaveragenumberofsharesoutstandingbasic": 1000000,
        "weightedaveragenumberofdilutedsharesoutstanding": 1000000
    },
    {
        "date": "2018-06-30",
        "symbol": "AMZN",
        "period": "Q2",
        "netincomeloss": 2534000000,
        "othercomprehensiveincomelossforeigncurrencytransactionandtranslationadjustmentnetoftax": -470000000,
        "othercomprehensiveincomeunrealizedholdinggainlossonsecuritiesarisingduringperiodnetoftax": 4000000,
        "othercomprehensiveincomelossreclassificationadjustmentfromaociforsaleofsecuritiesnetoftax": 1000000,
        "othercomprehensiveincomelossavailableforsalesecuritiesadjustmentnetoftax": 3000000,
        "othercomprehensiveincomelossnetoftax": -467000000,
        "comprehensiveincomenetoftax": 2067000000,
        "othercomprehensiveincomelossforeigncurrencytranslationadjustmenttax": -4000000,
        "othercomprehensiveincomeunrealizedholdinggainlossonsecuritiesarisingduringperiodtax": 0,
        "salesrevenuegoodsnet": -855000000,
        "salesrevenueservicesnet": 855000000,
        "salesrevenuenet": 53629000000,
        "costofgoodsandservicessold": 640000000,
        "fulfillmentexpense": 7932000000,
        "marketingexpense": 2901000000,
        "technologyandcontentexpense": 7247000000,
        "generalandadministrativeexpense": 1110000000,
        "othercostandexpenseoperating": 80000000,
        "costsandexpenses": 10795000000,
        "operatingincomeloss": 1057000000,
        "investmentincomeinterest": 93000000,
        "interestexpense": 343000000,
        "othernonoperatingincomeexpense": -130000000,
        "nonoperatingincomeexpense": -380000000,
        "incomelossfromcontinuingoperationsbeforeincometaxesminorityinterestandincomelossfromequitymethodinvestments": 2604000000,
        "incometaxexpensebenefit": 74000000,
        "earningspersharebasic": 5.220000000000001,
        "earningspersharediluted": 5.07,
        "weightedaveragenumberofsharesoutstandingbasic": 1000000,
        "weightedaveragenumberofdilutedsharesoutstanding": 1000000
    },
    {
        "date": "2018-03-31",
        "symbol": "AMZN",
        "period": "Q1",
        "netincomeloss": 1629000000,
        "othercomprehensiveincomelossforeigncurrencytransactionandtranslationadjustmentnetoftax": 59000000,
        "othercomprehensiveincomeunrealizedholdinggainlossonsecuritiesarisingduringperiodnetoftax": -44000000,
        "othercomprehensiveincomelossreclassificationadjustmentfromaociforsaleofsecuritiesnetoftax": -2000000,
        "othercomprehensiveincomelossavailableforsalesecuritiesadjustmentnetoftax": -42000000,
        "othercomprehensiveincomelossnetoftax": 17000000,
        "comprehensiveincomenetoftax": 1646000000,
        "othercomprehensiveincomelossforeigncurrencytranslationadjustmenttax": 21000000,
        "othercomprehensiveincomeunrealizedholdinggainlossonsecuritiesarisingduringperiodtax": 9000000,
        "salesrevenuegoodsnet": -845000000,
        "salesrevenueservicesnet": 845000000,
        "salesrevenuenet": 9265000000,
        "costofgoodsandservicessold": 560000000,
        "fulfillmentexpense": 7792000000,
        "marketingexpense": 2699000000,
        "technologyandcontentexpense": 6759000000,
        "generalandadministrativeexpense": 1067000000,
        "othercostandexpenseoperating": 63000000,
        "costsandexpenses": 49115000000,
        "operatingincomeloss": 1927000000,
        "investmentincomeinterest": 80000000,
        "interestexpense": 330000000,
        "othernonoperatingincomeexpense": 239000000,
        "nonoperatingincomeexpense": -11000000,
        "incomelossfromcontinuingoperationsbeforeincometaxesminorityinterestandincomelossfromequitymethodinvestments": 1916000000,
        "incometaxexpensebenefit": 287000000,
        "earningspersharebasic": 3.36,
        "earningspersharediluted": 3.27,
        "weightedaveragenumberofsharesoutstandingbasic": 484000000,
        "weightedaveragenumberofdilutedsharesoutstanding": 498000000
    },
    {
        "date": "2017-12-31",
        "symbol": "AMZN",
        "period": "Q4",
        "netincomeloss": 1856000000,
        "othercomprehensiveincomelossforeigncurrencytransactionandtranslationadjustmentnetoftax": 48000000,
        "othercomprehensiveincomeunrealizedholdinggainlossonsecuritiesarisingduringperiodnetoftax": -29000000,
        "othercomprehensiveincomelossreclassificationadjustmentfromaociforsaleofsecuritiesnetoftax": 1000000,
        "othercomprehensiveincomelossavailableforsalesecuritiesadjustmentnetoftax": -30000000,
        "othercomprehensiveincomelossnetoftax": 50000000,
        "comprehensiveincomenetoftax": 1874000000,
        "othercomprehensiveincomelossforeigncurrencytranslationadjustmenttax": 10000000,
        "othercomprehensiveincomeunrealizedholdinggainlossonsecuritiesarisingduringperiodtax": 4000000,
        "salesrevenuegoodsnet": 41326000000,
        "salesrevenueservicesnet": 19127000000,
        "salesrevenuenet": -66380000000,
        "costofgoodsandservicessold": 38494000000,
        "fulfillmentexpense": 8974000000,
        "marketingexpense": 3441000000,
        "technologyandcontentexpense": 6314000000,
        "generalandadministrativeexpense": 1045000000,
        "othercostandexpenseoperating": 59000000,
        "costsandexpenses": 21296000000,
        "operatingincomeloss": 1284000000,
        "investmentincomeinterest": 65000000,
        "interestexpense": 338000000,
        "othernonoperatingincomeexpense": 18000000,
        "nonoperatingincomeexpense": -255000000,
        "incomelossfromcontinuingoperationsbeforeincometaxesminorityinterestandincomelossfromequitymethodinvestments": 1871000000,
        "incometaxexpensebenefit": 15000000,
        "earningspersharebasic": 3.86,
        "earningspersharediluted": 3.7500000000000004,
        "weightedaveragenumberofsharesoutstandingbasic": -957000000,
        "weightedaveragenumberofdilutedsharesoutstanding": -983000000
    },
    {
        "date": "2017-09-29",
        "symbol": "AMZN",
        "period": "Q3",
        "netincomeloss": 256000000,
        "othercomprehensiveincomelossforeigncurrencytransactionandtranslationadjustmentnetoftax": 104000000,
        "othercomprehensiveincomeunrealizedholdinggainlossonsecuritiesarisingduringperiodnetoftax": -2000000,
        "othercomprehensiveincomelossreclassificationadjustmentfromaociforsaleofsecuritiesnetoftax": -3000000,
        "othercomprehensiveincomelossavailableforsalesecuritiesadjustmentnetoftax": 1000000,
        "othercomprehensiveincomelossnetoftax": 105000000,
        "comprehensiveincomenetoftax": 361000000,
        "othercomprehensiveincomelossforeigncurrencytranslationadjustmenttax": 10000000,
        "othercomprehensiveincomeunrealizedholdinggainlossonsecuritiesarisingduringperiodtax": -1000000,
        "salesrevenuegoodsnet": 28768000000,
        "salesrevenueservicesnet": 14976000000,
        "salesrevenuenet": 25446000000,
        "costofgoodsandservicessold": 27549000000,
        "fulfillmentexpense": 6420000000,
        "marketingexpense": 2479000000,
        "technologyandcontentexpense": 5944000000,
        "generalandadministrativeexpense": 960000000,
        "othercostandexpenseoperating": 45000000,
        "costsandexpenses": 25334000000,
        "operatingincomeloss": 112000000,
        "investmentincomeinterest": 54000000,
        "interestexpense": 228000000,
        "othernonoperatingincomeexpense": 143000000,
        "nonoperatingincomeexpense": -31000000,
        "incomelossfromcontinuingoperationsbeforeincometaxesminorityinterestandincomelossfromequitymethodinvestments": 316000000,
        "incometaxexpensebenefit": 58000000,
        "incomelossfromequitymethodinvestments": -2000000,
        "earningspersharebasic": 0.53,
        "earningspersharediluted": 0.52,
        "weightedaveragenumberofsharesoutstandingbasic": 481000000,
        "weightedaveragenumberofdilutedsharesoutstanding": 494000000
    },
    {
        "date": "2017-06-29",
        "symbol": "AMZN",
        "period": "Q2",
        "netincomeloss": 197000000,
        "othercomprehensiveincomelossforeigncurrencytransactionandtranslationadjustmentnetoftax": 194000000,
        "othercomprehensiveincomeunrealizedholdinggainlossonsecuritiesarisingduringperiodnetoftax": -6000000,
        "othercomprehensiveincomelossreclassificationadjustmentfromaociforsaleofsecuritiesnetoftax": -2000000,
        "othercomprehensiveincomelossavailableforsalesecuritiesadjustmentnetoftax": -4000000,
        "othercomprehensiveincomelossnetoftax": 190000000,
        "comprehensiveincomenetoftax": 387000000,
        "othercomprehensiveincomelossforeigncurrencytranslationadjustmenttax": -2000000,
        "othercomprehensiveincomeunrealizedholdinggainlossonsecuritiesarisingduringperiodtax": 3000000,
        "salesrevenuegoodsnet": 24745000000,
        "salesrevenueservicesnet": 13210000000,
        "salesrevenuenet": 22370000000,
        "costofgoodsandservicessold": 23451000000,
        "fulfillmentexpense": 5158000000,
        "marketingexpense": 2229000000,
        "technologyandcontentexpense": 5549000000,
        "generalandadministrativeexpense": 874000000,
        "othercostandexpenseoperating": 66000000,
        "costsandexpenses": 21934000000,
        "operatingincomeloss": 436000000,
        "investmentincomeinterest": 44000000,
        "interestexpense": 143000000,
        "othernonoperatingincomeexpense": 137000000,
        "nonoperatingincomeexpense": 38000000,
        "incomelossfromcontinuingoperationsbeforeincometaxesminorityinterestandincomelossfromequitymethodinvestments": 666000000,
        "incometaxexpensebenefit": 467000000,
        "incomelossfromequitymethodinvestments": -2000000,
        "earningspersharebasic": 0.41,
        "earningspersharediluted": 0.4,
        "weightedaveragenumberofsharesoutstandingbasic": 479000000,
        "weightedaveragenumberofdilutedsharesoutstanding": 492000000
    },
    {
        "date": "2017-03-30",
        "symbol": "AMZN",
        "period": "Q1",
        "netincomeloss": 724000000,
        "othercomprehensiveincomelossforeigncurrencytransactionandtranslationadjustmentnetoftax": 187000000,
        "othercomprehensiveincomeunrealizedholdinggainlossonsecuritiesarisingduringperiodnetoftax": -2000000,
        "othercomprehensiveincomelossreclassificationadjustmentfromaociforsaleofsecuritiesnetoftax": -3000000,
        "othercomprehensiveincomelossavailableforsalesecuritiesadjustmentnetoftax": 1000000,
        "othercomprehensiveincomelossnetoftax": 188000000,
        "comprehensiveincomenetoftax": 912000000,
        "othercomprehensiveincomelossforeigncurrencytranslationadjustmenttax": -13000000,
        "othercomprehensiveincomeunrealizedholdinggainlossonsecuritiesarisingduringperiodtax": -1000000,
        "salesrevenuegoodsnet": 23734000000,
        "salesrevenueservicesnet": 11980000000,
        "salesrevenuenet": 35714000000,
        "costofgoodsandservicessold": 22440000000,
        "fulfillmentexpense": 4697000000,
        "marketingexpense": 1920000000,
        "technologyandcontentexpense": 4813000000,
        "generalandadministrativeexpense": 795000000,
        "othercostandexpenseoperating": 44000000,
        "costsandexpenses": 34709000000,
        "operatingincomeloss": 1005000000,
        "investmentincomeinterest": 39000000,
        "interestexpense": 139000000,
        "othernonoperatingincomeexpense": 48000000,
        "nonoperatingincomeexpense": -52000000,
        "incomelossfromcontinuingoperationsbeforeincometaxesminorityinterestandincomelossfromequitymethodinvestments": 953000000,
        "incometaxexpensebenefit": 229000000,
        "earningspersharebasic": 1.52,
        "earningspersharediluted": 1.48,
        "weightedaveragenumberofsharesoutstandingbasic": 477000000,
        "weightedaveragenumberofdilutedsharesoutstanding": 490000000
    },
    {
        "date": "2016-12-31",
        "symbol": "AMZN",
        "period": "Q4",
        "netincomeloss": 749000000,
        "othercomprehensiveincomeunrealizedholdinggainlossonsecuritiesarisingduringperiodnetoftax": -57000000,
        "othercomprehensiveincomelossreclassificationadjustmentfromaociforsaleofsecuritiesnetoftax": -4000000,
        "othercomprehensiveincomelossavailableforsalesecuritiesadjustmentnetoftax": -53000000,
        "othercomprehensiveincomelossnetoftax": -464000000,
        "comprehensiveincomenetoftax": 285000000,
        "othercomprehensiveincomelossforeigncurrencytranslationadjustmenttax": -68000000,
        "salesrevenuegoodsnet": 30629000000,
        "salesrevenueservicesnet": 13112000000,
        "salesrevenuenet": 89303000000,
        "costofgoodsandservicessold": 28958000000,
        "fulfillmentexpense": 5719000000,
        "marketingexpense": 2513000000,
        "technologyandcontentexpense": 4545000000,
        "generalandadministrativeexpense": 716000000,
        "othercostandexpenseoperating": 35000000,
        "costsandexpenses": 24916000000,
        "operatingincomeloss": 816000000,
        "investmentincomeinterest": 29000000,
        "interestexpense": 133000000,
        "othernonoperatingincomeexpense": 16000000,
        "nonoperatingincomeexpense": -88000000,
        "incomelossfromcontinuingoperationsbeforeincometaxesminorityinterestandincomelossfromequitymethodinvestments": 1167000000,
        "incometaxexpensebenefit": 414000000,
        "incomelossfromequitymethodinvestments": -4000000,
        "earningspersharebasic": 1.5799999999999998,
        "earningspersharediluted": 1.5400000000000011,
        "weightedaveragenumberofsharesoutstandingbasic": -472000000,
        "weightedaveragenumberofdilutedsharesoutstanding": -483000000
    },
    {
        "date": "2016-09-30",
        "symbol": "AMZN",
        "period": "Q3",
        "netincomeloss": 252000000,
        "othercomprehensiveincomelossforeigncurrencytransactionandtranslationadjustmentnetoftax": 19000000,
        "othercomprehensiveincomeunrealizedholdinggainlossonsecuritiesarisingduringperiodnetoftax": 29000000,
        "othercomprehensiveincomelossreclassificationadjustmentfromaociforsaleofsecuritiesnetoftax": -2000000,
        "othercomprehensiveincomelossavailableforsalesecuritiesadjustmentnetoftax": 31000000,
        "othercomprehensiveincomelossnetoftax": 50000000,
        "comprehensiveincomenetoftax": 302000000,
        "othercomprehensiveincomelossforeigncurrencytranslationadjustmenttax": 6000000,
        "othercomprehensiveincomeunrealizedholdinggainlossonsecuritiesarisingduringperiodtax": -15000000,
        "othercomprehensiveincomelossreclassificationadjustmentfromaociforsaleofsecuritiestax": 1000000,
        "salesrevenuegoodsnet": 22339000000,
        "salesrevenueservicesnet": 10375000000,
        "salesrevenuenet": 372000000,
        "costofgoodsandservicessold": 21260000000,
        "fulfillmentexpense": 4335000000,
        "marketingexpense": 1738000000,
        "technologyandcontentexpense": 4135000000,
        "generalandadministrativeexpense": 639000000,
        "othercostandexpenseoperating": 32000000,
        "costsandexpenses": 18180000000,
        "operatingincomeloss": 255000000,
        "investmentincomeinterest": 26000000,
        "interestexpense": 118000000,
        "othernonoperatingincomeexpense": 8000000,
        "nonoperatingincomeexpense": -84000000,
        "incomelossfromcontinuingoperationsbeforeincometaxesminorityinterestandincomelossfromequitymethodinvestments": 491000000,
        "incometaxexpensebenefit": 229000000,
        "incomelossfromequitymethodinvestments": -10000000,
        "earningspersharebasic": 0.53,
        "earningspersharediluted": 0.52,
        "weightedaveragenumberofsharesoutstandingbasic": 474000000,
        "weightedaveragenumberofdilutedsharesoutstanding": 485000000
    },
    {
        "date": "2016-06-30",
        "symbol": "AMZN",
        "period": "Q2",
        "netincomeloss": 857000000,
        "othercomprehensiveincomelossforeigncurrencytransactionandtranslationadjustmentnetoftax": 11000000,
        "othercomprehensiveincomeunrealizedholdinggainlossonsecuritiesarisingduringperiodnetoftax": 31000000,
        "othercomprehensiveincomelossreclassificationadjustmentfromaociforsaleofsecuritiesnetoftax": -1000000,
        "othercomprehensiveincomelossavailableforsalesecuritiesadjustmentnetoftax": 32000000,
        "othercomprehensiveincomelossnetoftax": 43000000,
        "comprehensiveincomenetoftax": 900000000,
        "othercomprehensiveincomelossforeigncurrencytranslationadjustmenttax": 37000000,
        "othercomprehensiveincomelossreclassificationadjustmentfromaociforsaleofsecuritiestax": 0,
        "salesrevenuegoodsnet": 21116000000,
        "salesrevenueservicesnet": 9288000000,
        "salesrevenuenet": -28454000000,
        "costofgoodsandservicessold": 19181000000,
        "fulfillmentexpense": 3878000000,
        "marketingexpense": 1546000000,
        "technologyandcontentexpense": 3879000000,
        "generalandadministrativeexpense": 580000000,
        "othercostandexpenseoperating": 55000000,
        "costsandexpenses": 4533000000,
        "operatingincomeloss": 219000000,
        "investmentincomeinterest": 24000000,
        "interestexpense": 116000000,
        "othernonoperatingincomeexpense": -15000000,
        "nonoperatingincomeexpense": -107000000,
        "incomelossfromcontinuingoperationsbeforeincometaxesminorityinterestandincomelossfromequitymethodinvestments": 1178000000,
        "incometaxexpensebenefit": 307000000,
        "incomelossfromequitymethodinvestments": -14000000,
        "earningspersharebasic": 1.8099999999999998,
        "earningspersharediluted": 1.7699999999999998,
        "weightedaveragenumberofsharesoutstandingbasic": 1000000,
        "weightedaveragenumberofdilutedsharesoutstanding": 1000000
    },
    {
        "date": "2016-03-31",
        "symbol": "AMZN",
        "period": "Q1",
        "netincomeloss": 513000000,
        "othercomprehensiveincomelossforeigncurrencytransactionandtranslationadjustmentnetoftax": 102000000,
        "othercomprehensiveincomeunrealizedholdinggainlossonsecuritiesarisingduringperiodnetoftax": 6000000,
        "othercomprehensiveincomelossreclassificationadjustmentfromaociforsaleofsecuritiesnetoftax": -1000000,
        "othercomprehensiveincomelossavailableforsalesecuritiesadjustmentnetoftax": 7000000,
        "othercomprehensiveincomelossnetoftax": 109000000,
        "comprehensiveincomenetoftax": 622000000,
        "othercomprehensiveincomelossforeigncurrencytranslationadjustmenttax": -24000000,
        "othercomprehensiveincomelossreclassificationadjustmentfromaociforsaleofsecuritiestax": 1000000,
        "salesrevenuegoodsnet": 20581000000,
        "salesrevenueservicesnet": 8547000000,
        "salesrevenuenet": 29128000000,
        "costofgoodsandservicessold": 18866000000,
        "fulfillmentexpense": 3687000000,
        "marketingexpense": 1436000000,
        "technologyandcontentexpense": 3526000000,
        "generalandadministrativeexpense": 497000000,
        "othercostandexpenseoperating": 45000000,
        "costsandexpenses": 28057000000,
        "operatingincomeloss": 1071000000,
        "investmentincomeinterest": 21000000,
        "interestexpense": 117000000,
        "othernonoperatingincomeexpense": 81000000,
        "nonoperatingincomeexpense": -15000000,
        "incomelossfromcontinuingoperationsbeforeincometaxesminorityinterestandincomelossfromequitymethodinvestments": 1056000000,
        "incometaxexpensebenefit": 475000000,
        "incomelossfromequitymethodinvestments": -68000000,
        "earningspersharebasic": 1.09,
        "earningspersharediluted": 1.07,
        "weightedaveragenumberofsharesoutstandingbasic": 471000000,
        "weightedaveragenumberofdilutedsharesoutstanding": 481000000,
        "allocatedsharebasedcompensationexpense": 56000000
    },
    {
        "date": "2015-12-31",
        "symbol": "AMZN",
        "period": "Q4",
        "netincomeloss": 482000000,
        "othercomprehensiveincomeunrealizedholdinggainlossonsecuritiesarisingduringperiodnetoftax": -11000000,
        "othercomprehensiveincomelossavailableforsalesecuritiesadjustmentnetoftax": -8000000,
        "othercomprehensiveincomelossnetoftax": -48000000,
        "comprehensiveincomenetoftax": 434000000,
        "salesrevenuegoodsnet": 26618000000,
        "salesrevenueservicesnet": 9129000000,
        "salesrevenuenet": 69819000000,
        "costofgoodsandservicessold": 24341000000,
        "fulfillmentexpense": 4546000000,
        "marketingexpense": 1757000000,
        "technologyandcontentexpense": 3569000000,
        "generalandadministrativeexpense": 390000000,
        "othercostandexpenseoperating": 36000000,
        "costsandexpenses": 20497000000,
        "operatingincomeloss": 1003000000,
        "investmentincomeinterest": 14000000,
        "interestexpense": 115000000,
        "othernonoperatingincomeexpense": -69000000,
        "nonoperatingincomeexpense": -170000000,
        "incomelossfromcontinuingoperationsbeforeincometaxesminorityinterestandincomelossfromequitymethodinvestments": 938000000,
        "incometaxexpensebenefit": 452000000,
        "incomelossfromequitymethodinvestments": -4000000,
        "earningspersharebasic": 1.04,
        "earningspersharediluted": 1.0100000000000002,
        "weightedaveragenumberofsharesoutstandingbasic": -467000000,
        "weightedaveragenumberofdilutedsharesoutstanding": -476000000,
        "allocatedsharebasedcompensationexpense": 58000000
    },
    {
        "date": "2015-09-30",
        "symbol": "AMZN",
        "period": "Q3",
        "netincomeloss": 79000000,
        "othercomprehensiveincomelossforeigncurrencytransactionandtranslationadjustmentnetoftax": -56000000,
        "othercomprehensiveincomeunrealizedholdinggainlossonsecuritiesarisingduringperiodnetoftax": -3000000,
        "othercomprehensiveincomelossreclassificationadjustmentfromaociforsaleofsecuritiesnetoftax": -1000000,
        "othercomprehensiveincomelossavailableforsalesecuritiesadjustmentnetoftax": -2000000,
        "othercomprehensiveincomelossnetoftax": -58000000,
        "comprehensiveincomenetoftax": 21000000,
        "othercomprehensiveincomelossforeigncurrencytranslationadjustmenttax": 4000000,
        "othercomprehensiveincomeunrealizedholdinggainlossonsecuritiesarisingduringperiodtax": 3000000,
        "othercomprehensiveincomelossreclassificationadjustmentfromaociforsaleofsecuritiestax": 1000000,
        "salesrevenuegoodsnet": 18463000000,
        "salesrevenueservicesnet": 6895000000,
        "salesrevenuenet": 249000000,
        "costofgoodsandservicessold": 16755000000,
        "fulfillmentexpense": 3230000000,
        "marketingexpense": 1264000000,
        "technologyandcontentexpense": 3197000000,
        "generalandadministrativeexpense": 463000000,
        "othercostandexpenseoperating": 43000000,
        "costsandexpenses": 14478000000,
        "operatingincomeloss": 528000000,
        "investmentincomeinterest": 13000000,
        "interestexpense": 116000000,
        "othernonoperatingincomeexpense": -56000000,
        "nonoperatingincomeexpense": -159000000,
        "incomelossfromcontinuingoperationsbeforeincometaxesminorityinterestandincomelossfromequitymethodinvestments": 247000000,
        "incometaxexpensebenefit": 161000000,
        "incomelossfromequitymethodinvestments": -7000000,
        "earningspersharebasic": 0.17,
        "earningspersharediluted": 0.17,
        "weightedaveragenumberofsharesoutstandingbasic": 468000000,
        "weightedaveragenumberofdilutedsharesoutstanding": 478000000,
        "allocatedsharebasedcompensationexpense": 48000000
    },
    {
        "date": "2015-06-30",
        "symbol": "AMZN",
        "period": "Q2",
        "netincomeloss": 92000000,
        "othercomprehensiveincomelossforeigncurrencytransactionandtranslationadjustmentnetoftax": 129000000,
        "othercomprehensiveincomeunrealizedholdinggainlossonsecuritiesarisingduringperiodnetoftax": 6000000,
        "othercomprehensiveincomelossreclassificationadjustmentfromaociforsaleofsecuritiesnetoftax": 0,
        "othercomprehensiveincomelossavailableforsalesecuritiesadjustmentnetoftax": 6000000,
        "othercomprehensiveincomelossnetoftax": 135000000,
        "comprehensiveincomenetoftax": 227000000,
        "salesrevenuegoodsnet": 17103000000,
        "salesrevenueservicesnet": 6081000000,
        "salesrevenuenet": -22248000000,
        "costofgoodsandservicessold": 15160000000,
        "fulfillmentexpense": 2875000000,
        "marketingexpense": 1150000000,
        "technologyandcontentexpense": 3020000000,
        "generalandadministrativeexpense": 467000000,
        "othercostandexpenseoperating": 48000000,
        "costsandexpenses": 3520000000,
        "operatingincomeloss": 965000000,
        "investmentincomeinterest": 12000000,
        "interestexpense": 113000000,
        "othernonoperatingincomeexpense": -1000000,
        "nonoperatingincomeexpense": -102000000,
        "incomelossfromcontinuingoperationsbeforeincometaxesminorityinterestandincomelossfromequitymethodinvestments": 362000000,
        "incometaxexpensebenefit": 266000000,
        "incomelossfromequitymethodinvestments": -4000000,
        "earningspersharebasic": 0.19,
        "earningspersharediluted": 0.19,
        "weightedaveragenumberofsharesoutstandingbasic": 1000000,
        "weightedaveragenumberofdilutedsharesoutstanding": 10000000,
        "allocatedsharebasedcompensationexpense": 49000000
    },
    {
        "date": "2015-03-31",
        "symbol": "AMZN",
        "period": "Q1",
        "netincomeloss": -57000000,
        "othercomprehensiveincomelossforeigncurrencytransactionandtranslationadjustmentnetoftax": -243000000,
        "othercomprehensiveincomeunrealizedholdinggainlossonsecuritiesarisingduringperiodnetoftax": 1000000,
        "othercomprehensiveincomelossreclassificationadjustmentfromaociforsaleofsecuritiesnetoftax": -1000000,
        "othercomprehensiveincomelossavailableforsalesecuritiesadjustmentnetoftax": 2000000,
        "othercomprehensiveincomelossnetoftax": -241000000,
        "comprehensiveincomenetoftax": -298000000,
        "othercomprehensiveincomelossforeigncurrencytranslationadjustmenttax": -1000000,
        "salesrevenuegoodsnet": 17084000000,
        "salesrevenueservicesnet": 5633000000,
        "salesrevenuenet": 22717000000,
        "costofgoodsandservicessold": 15395000000,
        "fulfillmentexpense": 2759000000,
        "marketingexpense": 1083000000,
        "technologyandcontentexpense": 2754000000,
        "generalandadministrativeexpense": 427000000,
        "othercostandexpenseoperating": 44000000,
        "costsandexpenses": 22462000000,
        "operatingincomeloss": 255000000,
        "investmentincomeinterest": 11000000,
        "interestexpense": 115000000,
        "othernonoperatingincomeexpense": -130000000,
        "nonoperatingincomeexpense": -234000000,
        "incomelossfromcontinuingoperationsbeforeincometaxesminorityinterestandincomelossfromequitymethodinvestments": 21000000,
        "incometaxexpensebenefit": 71000000,
        "incomelossfromequitymethodinvestments": -7000000,
        "earningspersharebasic": -0.12,
        "earningspersharediluted": -0.12,
        "weightedaveragenumberofsharesoutstandingbasic": 465000000,
        "weightedaveragenumberofdilutedsharesoutstanding": 465000000,
        "allocatedsharebasedcompensationexpense": 35000000
    },
    {
        "date": "2014-12-31",
        "symbol": "AMZN",
        "period": "Q4",
        "netincomeloss": 214000000,
        "othercomprehensiveincomeunrealizedholdinggainlossonsecuritiesarisingduringperiodnetoftax": -1000000,
        "othercomprehensiveincomelossavailableforsalesecuritiesadjustmentnetoftax": -1000000,
        "othercomprehensiveincomelossnetoftax": -117000000,
        "comprehensiveincomenetoftax": 97000000,
        "salesrevenuegoodsnet": 23102000000,
        "salesrevenueservicesnet": 6226000000,
        "salesrevenuenet": 1741000000,
        "costofgoodsandservicessold": 20672000000,
        "fulfillmentexpense": 3424000000,
        "marketingexpense": 1526000000,
        "technologyandcontentexpense": 2635000000,
        "generalandadministrativeexpense": 442000000,
        "othercostandexpenseoperating": 39000000,
        "costsandexpenses": 30109000000,
        "operatingincomeloss": 2423000000,
        "investmentincomeinterest": 9000000,
        "interestexpense": 74000000,
        "othernonoperatingincomeexpense": -95000000,
        "nonoperatingincomeexpense": -160000000,
        "incomelossfromcontinuingoperationsbeforeincometaxesminorityinterestandincomelossfromequitymethodinvestments": 430000000,
        "incometaxexpensebenefit": 205000000,
        "incomelossfromequitymethodinvestments": -11000000,
        "earningspersharebasic": 0.47,
        "earningspersharediluted": 0.47,
        "weightedaveragenumberofdilutedsharesoutstanding": -461000000,
        "allocatedsharebasedcompensationexpense": -27000000
    },
    {
        "date": "2014-09-29",
        "symbol": "AMZN",
        "period": "Q3",
        "netincomeloss": -437000000,
        "othercomprehensiveincomelossforeigncurrencytransactionandtranslationadjustmentnetoftax": -248000000,
        "othercomprehensiveincomeunrealizedholdinggainlossonsecuritiesarisingduringperiodnetoftax": -1000000,
        "othercomprehensiveincomelossreclassificationadjustmentfromaociforsaleofsecuritiesnetoftax": 2000000,
        "othercomprehensiveincomelossavailableforsalesecuritiesadjustmentnetoftax": -3000000,
        "othercomprehensiveincomelossnetoftax": -251000000,
        "comprehensiveincomenetoftax": -688000000,
        "othercomprehensiveincomelossforeigncurrencytranslationadjustmenttax": -1000000,
        "othercomprehensiveincomeunrealizedholdinggainlossonsecuritiesarisingduringperiodtax": 2000000,
        "othercomprehensiveincomelossreclassificationadjustmentfromaociforsaleofsecuritiestax": 1000000,
        "salesrevenuegoodsnet": 16022000000,
        "salesrevenueservicesnet": 4557000000,
        "salesrevenuenet": 1382000000,
        "costofgoodsandservicessold": 14627000000,
        "fulfillmentexpense": 2643000000,
        "marketingexpense": 993000000,
        "technologyandcontentexpense": 2423000000,
        "generalandadministrativeexpense": 406000000,
        "othercostandexpenseoperating": 31000000,
        "costsandexpenses": 7936000000,
        "operatingincomeloss": -224000000,
        "investmentincomeinterest": 9000000,
        "interestexpense": 49000000,
        "othernonoperatingincomeexpense": -50000000,
        "nonoperatingincomeexpense": -90000000,
        "incomelossfromcontinuingoperationsbeforeincometaxesminorityinterestandincomelossfromequitymethodinvestments": -634000000,
        "incometaxexpensebenefit": -205000000,
        "incomelossfromequitymethodinvestments": -8000000,
        "earningspersharebasic": -0.95,
        "earningspersharediluted": -0.95,
        "weightedaveragenumberofsharesoutstandingbasic": 463000000,
        "weightedaveragenumberofdilutedsharesoutstanding": 463000000,
        "allocatedsharebasedcompensationexpense": 93000000
    },
    {
        "date": "2014-06-29",
        "symbol": "AMZN",
        "period": "Q2",
        "netincomeloss": -126000000,
        "othercomprehensiveincomelossforeigncurrencytransactionandtranslationadjustmentnetoftax": 12000000,
        "othercomprehensiveincomeunrealizedholdinggainlossonsecuritiesarisingduringperiodnetoftax": 3000000,
        "othercomprehensiveincomelossavailableforsalesecuritiesadjustmentnetoftax": 2000000,
        "othercomprehensiveincomelossnetoftax": 14000000,
        "comprehensiveincomenetoftax": -112000000,
        "othercomprehensiveincomeunrealizedholdinggainlossonsecuritiesarisingduringperiodtax": 0,
        "salesrevenuegoodsnet": 15251000000,
        "salesrevenueservicesnet": 4089000000,
        "salesrevenuenet": 1217000000,
        "costofgoodsandservicessold": 13398000000,
        "fulfillmentexpense": 2382000000,
        "marketingexpense": 943000000,
        "technologyandcontentexpense": 2226000000,
        "generalandadministrativeexpense": 377000000,
        "othercostandexpenseoperating": 28000000,
        "costsandexpenses": 4023000000,
        "operatingincomeloss": -656000000,
        "investmentincomeinterest": 10000000,
        "interestexpense": 45000000,
        "othernonoperatingincomeexpense": 22000000,
        "nonoperatingincomeexpense": -13000000,
        "incomelossfromcontinuingoperationsbeforeincometaxesminorityinterestandincomelossfromequitymethodinvestments": -27000000,
        "incometaxexpensebenefit": 94000000,
        "incomelossfromequitymethodinvestments": -5000000,
        "earningspersharebasic": -0.27,
        "earningspersharediluted": -0.27,
        "weightedaveragenumberofsharesoutstandingbasic": 0,
        "weightedaveragenumberofdilutedsharesoutstanding": -8000000,
        "allocatedsharebasedcompensationexpense": 15000000
    },
    {
        "date": "2014-03-30",
        "symbol": "AMZN",
        "period": "Q1",
        "netincomeloss": 108000000,
        "othercomprehensiveincomelossforeigncurrencytransactionandtranslationadjustmentnetoftax": 27000000,
        "othercomprehensiveincomeunrealizedholdinggainlossonsecuritiesarisingduringperiodnetoftax": 1000000,
        "othercomprehensiveincomelossavailableforsalesecuritiesadjustmentnetoftax": 1000000,
        "othercomprehensiveincomelossnetoftax": 28000000,
        "comprehensiveincomenetoftax": 136000000,
        "othercomprehensiveincomeunrealizedholdinggainlossonsecuritiesarisingduringperiodtax": -1000000,
        "salesrevenuegoodsnet": 15705000000,
        "salesrevenueservicesnet": 4036000000,
        "salesrevenuenet": 1257000000,
        "costofgoodsandservicessold": 14055000000,
        "fulfillmentexpense": 2317000000,
        "marketingexpense": 870000000,
        "technologyandcontentexpense": 1991000000,
        "generalandadministrativeexpense": 327000000,
        "othercostandexpenseoperating": 35000000,
        "costsandexpenses": 11296000000,
        "operatingincomeloss": 562000000,
        "investmentincomeinterest": 11000000,
        "interestexpense": 42000000,
        "othernonoperatingincomeexpense": 5000000,
        "nonoperatingincomeexpense": -26000000,
        "incomelossfromcontinuingoperationsbeforeincometaxesminorityinterestandincomelossfromequitymethodinvestments": 120000000,
        "incometaxexpensebenefit": 73000000,
        "incomelossfromequitymethodinvestments": 61000000,
        "earningspersharebasic": 0.23,
        "earningspersharediluted": 0.23,
        "weightedaveragenumberofsharesoutstandingbasic": 460000000,
        "weightedaveragenumberofdilutedsharesoutstanding": 468000000,
        "allocatedsharebasedcompensationexpense": 44000000
    },
    {
        "date": "2013-12-31",
        "symbol": "AMZN",
        "period": "Q4",
        "netincomeloss": 240000000,
        "othercomprehensiveincomeunrealizedholdinggainlossonsecuritiesarisingduringperiodnetoftax": -2000000,
        "othercomprehensiveincomelossavailableforsalesecuritiesadjustmentnetoftax": -2000000,
        "comprehensiveincomenetoftax": 261000000,
        "othercomprehensiveincomelossforeigncurrencytranslationadjustmenttax": -6000000,
        "othercomprehensiveincomeunrealizedholdinggainlossonsecuritiesarisingduringperiodtax": 0,
        "salesrevenuegoodsnet": 21072000000,
        "salesrevenueservicesnet": 4514000000,
        "salesrevenuenet": -10282000000,
        "costofgoodsandservicessold": 18805000000,
        "fulfillmentexpense": 2918000000,
        "marketingexpense": 1132000000,
        "technologyandcontentexpense": 1862000000,
        "generalandadministrativeexpense": 320000000,
        "othercostandexpenseoperating": 39000000,
        "costsandexpenses": 6918000000,
        "investmentincomeinterest": 10000000,
        "interestexpense": 39000000,
        "othernonoperatingincomeexpense": -30000000,
        "nonoperatingincomeexpense": -59000000,
        "incomelossfromcontinuingoperationsbeforeincometaxesminorityinterestandincomelossfromequitymethodinvestments": 451000000,
        "incometaxexpensebenefit": 179000000,
        "incomelossfromequitymethodinvestments": -32000000,
        "earningspersharebasic": 0.53,
        "earningspersharediluted": 0.52,
        "allocatedsharebasedcompensationexpense": -3000000
    },
    {
        "date": "2013-09-29",
        "symbol": "AMZN",
        "period": "Q3",
        "netincomeloss": -41000000,
        "othercomprehensiveincomelossforeigncurrencytransactionandtranslationadjustmentnetoftax": 111000000,
        "othercomprehensiveincomeunrealizedholdinggainlossonsecuritiesarisingduringperiodnetoftax": 1000000,
        "othercomprehensiveincomelossreclassificationadjustmentfromaociforsaleofsecuritiesnetoftax": -1000000,
        "othercomprehensiveincomelossavailableforsalesecuritiesadjustmentnetoftax": 2000000,
        "othercomprehensiveincomelossnetoftax": 113000000,
        "comprehensiveincomenetoftax": 72000000,
        "othercomprehensiveincomelossforeigncurrencytranslationadjustmenttax": -1000000,
        "othercomprehensiveincomeunrealizedholdinggainlossonsecuritiesarisingduringperiodtax": -1000000,
        "salesrevenuegoodsnet": 13808000000,
        "salesrevenueservicesnet": 3284000000,
        "salesrevenuenet": 5033000000,
        "costofgoodsandservicessold": 12366000000,
        "fulfillmentexpense": 2034000000,
        "marketingexpense": 694000000,
        "technologyandcontentexpense": 1734000000,
        "generalandadministrativeexpense": 278000000,
        "othercostandexpenseoperating": 11000000,
        "costsandexpenses": 10006000000,
        "operatingincomeloss": 295000000,
        "investmentincomeinterest": 9000000,
        "interestexpense": 36000000,
        "othernonoperatingincomeexpense": 9000000,
        "nonoperatingincomeexpense": -18000000,
        "incomelossfromcontinuingoperationsbeforeincometaxesminorityinterestandincomelossfromequitymethodinvestments": -43000000,
        "incometaxexpensebenefit": -12000000,
        "incomelossfromequitymethodinvestments": -10000000,
        "earningspersharebasic": -0.09,
        "earningspersharediluted": -0.09,
        "weightedaveragenumberofsharesoutstandingbasic": 457000000,
        "weightedaveragenumberofdilutedsharesoutstanding": 457000000,
        "allocatedsharebasedcompensationexpense": 23000000
    },
    {
        "date": "2013-06-29",
        "symbol": "AMZN",
        "period": "Q2",
        "salesrevenuegoodsnet": 12752000000,
        "salesrevenueservicesnet": 2952000000,
        "salesrevenuenet": 6209000000,
        "costofgoodsandservicessold": 11209000000,
        "fulfillmentexpense": 1837000000,
        "marketingexpense": 675000000,
        "technologyandcontentexpense": 1586000000,
        "generalandadministrativeexpense": 285000000,
        "othercostandexpenseoperating": 33000000,
        "costsandexpenses": -2985000000,
        "operatingincomeloss": 0,
        "investmentincomeinterest": 9000000,
        "interestexpense": 33000000,
        "othernonoperatingincomeexpense": -38000000,
        "nonoperatingincomeexpense": -62000000,
        "incomelossfromcontinuingoperationsbeforeincometaxesminorityinterestandincomelossfromequitymethodinvestments": 17000000,
        "incometaxexpensebenefit": 12000000,
        "incomelossfromequitymethodinvestments": -12000000,
        "netincomeloss": -7000000,
        "earningspersharebasic": -0.01999999999999999,
        "earningspersharediluted": -0.01999999999999999,
        "weightedaveragenumberofsharesoutstandingbasic": 0,
        "weightedaveragenumberofdilutedsharesoutstanding": 0,
        "allocatedsharebasedcompensationexpense": 154000000,
        "othercomprehensiveincomelossforeigncurrencytransactionandtranslationadjustmentnetoftax": 7000000,
        "othercomprehensiveincomeunrealizedholdinggainlossonsecuritiesarisingduringperiodnetoftax": -7000000,
        "othercomprehensiveincomelossavailableforsalesecuritiesadjustmentnetoftax": -7000000,
        "othercomprehensiveincomelossnetoftax": 0,
        "comprehensiveincomenetoftax": -7000000,
        "othercomprehensiveincomelossforeigncurrencytranslationadjustmenttax": -4000000,
        "othercomprehensiveincomeunrealizedholdinggainlossonsecuritiesarisingduringperiodtax": 3000000
    },
    {
        "date": "2013-03-30",
        "symbol": "AMZN",
        "period": "Q1",
        "salesrevenuegoodsnet": 13271000000,
        "salesrevenueservicesnet": 2799000000,
        "salesrevenuenet": 6679000000,
        "costofgoodsandservicessold": 11801000000,
        "fulfillmentexpense": 1796000000,
        "marketingexpense": 632000000,
        "technologyandcontentexpense": 1383000000,
        "generalandadministrativeexpense": 246000000,
        "othercostandexpenseoperating": 31000000,
        "costsandexpenses": 15889000000,
        "operatingincomeloss": -16000000,
        "investmentincomeinterest": 10000000,
        "interestexpense": 33000000,
        "othernonoperatingincomeexpense": -77000000,
        "nonoperatingincomeexpense": -100000000,
        "incomelossfromcontinuingoperationsbeforeincometaxesminorityinterestandincomelossfromequitymethodinvestments": 81000000,
        "incometaxexpensebenefit": -18000000,
        "incomelossfromequitymethodinvestments": -17000000,
        "netincomeloss": 82000000,
        "earningspersharebasic": 0.18,
        "earningspersharediluted": 0.18,
        "weightedaveragenumberofsharesoutstandingbasic": 455000000,
        "weightedaveragenumberofdilutedsharesoutstanding": 463000000,
        "allocatedsharebasedcompensationexpense": 120000000,
        "othercomprehensiveincomelossforeigncurrencytransactionandtranslationadjustmentnetoftax": -78000000,
        "othercomprehensiveincomeunrealizedholdinggainlossonsecuritiesarisingduringperiodnetoftax": -2000000,
        "othercomprehensiveincomelossavailableforsalesecuritiesadjustmentnetoftax": -2000000,
        "othercomprehensiveincomelossnetoftax": -80000000,
        "comprehensiveincomenetoftax": 2000000,
        "othercomprehensiveincomelossforeigncurrencytranslationadjustmenttax": -9000000,
        "othercomprehensiveincomeunrealizedholdinggainlossonsecuritiesarisingduringperiodtax": 1000000
    },
    {
        "date": "2012-12-31",
        "symbol": "AMZN",
        "period": "Q4",
        "salesrevenuegoodsnet": 18147000000,
        "salesrevenueservicesnet": 3121000000,
        "salesrevenuenet": 9093000000,
        "costofgoodsandservicessold": 16137000000,
        "fulfillmentexpense": 2258000000,
        "marketingexpense": 851000000,
        "technologyandcontentexpense": 1345000000,
        "generalandadministrativeexpense": 234000000,
        "othercostandexpenseoperating": 38000000,
        "costsandexpenses": 20863000000,
        "operatingincomeloss": 70000000,
        "investmentincomeinterest": 8000000,
        "interestexpense": 27000000,
        "othernonoperatingincomeexpense": -49000000,
        "nonoperatingincomeexpense": -68000000,
        "incomelossfromcontinuingoperationsbeforeincometaxesminorityinterestandincomelossfromequitymethodinvestments": 337000000,
        "incometaxexpensebenefit": 194000000,
        "incomelossfromequitymethodinvestments": -45000000,
        "netincomeloss": 98000000,
        "earningspersharebasic": 0.21000000000000002,
        "earningspersharediluted": 0.21000000000000008,
        "weightedaveragenumberofsharesoutstandingbasic": 1000000,
        "weightedaveragenumberofdilutedsharesoutstanding": -6000000,
        "allocatedsharebasedcompensationexpense": 124000000,
        "othercomprehensiveincomeforeigncurrencytransactionandtranslationgainlossarisingduringperiodnetoftax": 60000000,
        "comprehensiveincomenetoftax": 155000000
    },
    {
        "date": "2012-09-30",
        "symbol": "AMZN",
        "period": "Q3",
        "salesrevenuegoodsnet": 11546000000,
        "salesrevenueservicesnet": 2260000000,
        "salesrevenuenet": 5921000000,
        "costofgoodsandservicessold": 10319000000,
        "fulfillmentexpense": 1510000000,
        "marketingexpense": 540000000,
        "technologyandcontentexpense": 1192000000,
        "generalandadministrativeexpense": 230000000,
        "othercostandexpenseoperating": 43000000,
        "costsandexpenses": 13834000000,
        "operatingincomeloss": -59000000,
        "investmentincomeinterest": 10000000,
        "interestexpense": 23000000,
        "othernonoperatingincomeexpense": 18000000,
        "nonoperatingincomeexpense": 5000000,
        "incomelossfromcontinuingoperationsbeforeincometaxesminorityinterestandincomelossfromequitymethodinvestments": -23000000,
        "incometaxexpensebenefit": 140000000,
        "incomelossfromequitymethodinvestments": -169000000,
        "netincomeloss": -274000000,
        "earningspersharebasic": -0.61,
        "earningspersharediluted": -0.5900000000000001,
        "weightedaveragenumberofsharesoutstandingbasic": -452000000,
        "weightedaveragenumberofdilutedsharesoutstanding": -459000000,
        "allocatedsharebasedcompensationexpense": 113000000,
        "othercomprehensiveincomeforeigncurrencytransactionandtranslationgainlossarisingduringperiodnetoftax": 30000000,
        "comprehensiveincomenetoftax": -242000000
    },
    {
        "date": "2012-06-30",
        "symbol": "AMZN",
        "period": "Q2",
        "salesrevenuegoodsnet": 10791000000,
        "salesrevenueservicesnet": 2043000000,
        "salesrevenuenet": 5508000000,
        "costofgoodsandservicessold": 9488000000,
        "fulfillmentexpense": 1356000000,
        "marketingexpense": 537000000,
        "technologyandcontentexpense": 1082000000,
        "generalandadministrativeexpense": 232000000,
        "othercostandexpenseoperating": 32000000,
        "costsandexpenses": 12727000000,
        "operatingincomeloss": 16000000,
        "investmentincomeinterest": 10000000,
        "interestexpense": 21000000,
        "othernonoperatingincomeexpense": 50000000,
        "nonoperatingincomeexpense": 39000000,
        "incomelossfromcontinuingoperationsbeforeincometaxesminorityinterestandincomelossfromequitymethodinvestments": 146000000,
        "incometaxexpensebenefit": 51000000,
        "incomelossfromequitymethodinvestments": -30000000,
        "netincomeloss": 7000000,
        "earningspersharebasic": 0.02,
        "earningspersharediluted": 0.01,
        "weightedaveragenumberofsharesoutstandingbasic": 451000000,
        "weightedaveragenumberofdilutedsharesoutstanding": 458000000,
        "allocatedsharebasedcompensationexpense": 112000000,
        "othercomprehensiveincomeforeigncurrencytransactionandtranslationgainlossarisingduringperiodnetoftax": -151000000,
        "othercomprehensiveincomelossavailableforsalesecuritiesadjustmentnetoftax": -3000000,
        "othercomprehensiveincomelossnetoftax": -154000000,
        "comprehensiveincomenetoftax": -147000000,
        "othercomprehensiveincomelossforeigncurrencytranslationadjustmenttax": 17000000,
        "othercomprehensiveincomelossavailableforsalesecuritiestax": 1000000
    },
    {
        "date": "2012-03-31",
        "symbol": "AMZN",
        "period": "Q1",
        "salesrevenuegoodsnet": 11249000000,
        "salesrevenueservicesnet": 1936000000,
        "salesrevenuenet": 5758000000,
        "costofgoodsandservicessold": 10027000000,
        "fulfillmentexpense": 1295000000,
        "marketingexpense": 480000000,
        "technologyandcontentexpense": 945000000,
        "generalandadministrativeexpense": 200000000,
        "othercostandexpenseoperating": 46000000,
        "costsandexpenses": 12993000000,
        "operatingincomeloss": 49000000,
        "investmentincomeinterest": 12000000,
        "interestexpense": 21000000,
        "othernonoperatingincomeexpense": -99000000,
        "nonoperatingincomeexpense": -108000000,
        "incomelossfromcontinuingoperationsbeforeincometaxesminorityinterestandincomelossfromequitymethodinvestments": 84000000,
        "incometaxexpensebenefit": 43000000,
        "incomelossfromequitymethodinvestments": 89000000,
        "netincomeloss": 130000000,
        "earningspersharebasic": 0.29,
        "earningspersharediluted": 0.28,
        "weightedaveragenumberofsharesoutstandingbasic": 453000000,
        "weightedaveragenumberofdilutedsharesoutstanding": 460000000,
        "allocatedsharebasedcompensationexpense": 85000000,
        "othercomprehensiveincomeforeigncurrencytransactionandtranslationgainlossarisingduringperiodnetoftax": 137000000,
        "othercomprehensiveincomeavailableforsalesecuritiesadjustmentnetoftaxperiodincreasedecrease": 5000000,
        "othercomprehensiveincomelossnetoftaxperiodincreasedecrease": 142000000,
        "comprehensiveincomenetoftax": 272000000,
        "othercomprehensiveincomeforeigncurrencytranslationadjustmenttax": -38000000,
        "othercomprehensiveincomeavailableforsalesecuritiestax": -2000000
    },
    {
        "date": "2011-12-31",
        "symbol": "AMZN",
        "period": "Q4",
        "salesrevenuenet": 509000000,
        "costofgoodsandservicessold": 13831000000,
        "fulfillmentexpense": 1659000000,
        "marketingexpense": 593000000,
        "technologyandcontentexpense": 862000000,
        "generalandadministrativeexpense": 184000000,
        "othercostandexpenseoperating": 42000000,
        "costsandexpenses": 17171000000,
        "operatingincomeloss": 177000000,
        "investmentincomeinterest": 14000000,
        "interestexpense": 20000000,
        "othernonoperatingincomeexpense": 19000000,
        "nonoperatingincomeexpense": 13000000,
        "incomelossfromcontinuingoperationsbeforeincometaxesminorityinterestandincomelossfromequitymethodinvestments": 273000000,
        "incometaxexpensebenefit": 86000000,
        "netincomeloss": 177000000,
        "earningspersharebasic": 0.38999999999999985,
        "earningspersharediluted": 0.38000000000000006,
        "weightedaveragenumberofsharesoutstandingbasic": 0,
        "weightedaveragenumberofdilutedsharesoutstanding": 1000000,
        "allocatedsharebasedcompensationexpense": 81000000
    },
    {
        "date": "2011-09-30",
        "symbol": "AMZN",
        "period": "Q3",
        "salesrevenuenet": -7822000000,
        "costofgoodsandservicessold": 8324000000,
        "fulfillmentexpense": 1121000000,
        "marketingexpense": 369000000,
        "technologyandcontentexpense": 770000000,
        "generalandadministrativeexpense": 175000000,
        "othercostandexpenseoperating": 38000000,
        "costsandexpenses": 10797000000,
        "operatingincomeloss": 116000000,
        "investmentincomeinterest": 16000000,
        "interestexpense": 18000000,
        "othernonoperatingincomeexpense": 52000000,
        "nonoperatingincomeexpense": 50000000,
        "incomelossfromcontinuingoperationsbeforeincometaxesminorityinterestandincomelossfromequitymethodinvestments": 129000000,
        "incometaxexpensebenefit": 67000000,
        "incomelossfromequitymethodinvestments": 0,
        "netincomeloss": 62000000,
        "earningspersharebasic": 0.14000000000000007,
        "earningspersharediluted": 0.14000000000000007,
        "weightedaveragenumberofsharesoutstandingbasic": -451000000,
        "weightedaveragenumberofdilutedsharesoutstanding": -459000000,
        "allocatedsharebasedcompensationexpense": 75000000
    },
    {
        "date": "2011-06-30",
        "symbol": "AMZN",
        "period": "Q2",
        "salesrevenuenet": 4507000000,
        "costofgoodsandservicessold": 7525000000,
        "fulfillmentexpense": 941000000,
        "marketingexpense": 341000000,
        "technologyandcontentexpense": 698000000,
        "generalandadministrativeexpense": 166000000,
        "othercostandexpenseoperating": 41000000,
        "costsandexpenses": 9712000000,
        "operatingincomeloss": 172000000,
        "investmentincomeinterest": 16000000,
        "interestexpense": 15000000,
        "othernonoperatingincomeexpense": 23000000,
        "nonoperatingincomeexpense": 24000000,
        "incomelossfromcontinuingoperationsbeforeincometaxesminorityinterestandincomelossfromequitymethodinvestments": 225000000,
        "incometaxexpensebenefit": 49000000,
        "incomelossfromequitymethodinvestments": 15000000,
        "netincomeloss": 191000000,
        "earningspersharebasic": 0.42,
        "earningspersharediluted": 0.41,
        "weightedaveragenumberofsharesoutstandingbasic": 453000000,
        "weightedaveragenumberofdilutedsharesoutstanding": 460000000,
        "allocatedsharebasedcompensationexpense": 75000000
    },
    {
        "date": "2011-03-31",
        "symbol": "AMZN",
        "period": "Q1",
        "salesrevenuenet": 4392000000,
        "costofgoodsandservicessold": 7608000000,
        "fulfillmentexpense": 855000000,
        "marketingexpense": 327000000,
        "technologyandcontentexpense": 579000000,
        "generalandadministrativeexpense": 133000000,
        "othercostandexpenseoperating": 33000000,
        "costsandexpenses": 9535000000,
        "operatingincomeloss": 175000000,
        "investmentincomeinterest": 15000000,
        "interestexpense": 12000000,
        "othernonoperatingincomeexpense": -18000000,
        "nonoperatingincomeexpense": -15000000,
        "incomelossfromcontinuingoperationsbeforeincometaxesminorityinterestandincomelossfromequitymethodinvestments": 307000000,
        "incometaxexpensebenefit": 89000000,
        "incomelossfromequitymethodinvestments": -17000000,
        "netincomeloss": 201000000,
        "earningspersharebasic": 0.44,
        "earningspersharediluted": 0.44,
        "weightedaveragenumberofsharesoutstandingbasic": 451000000,
        "weightedaveragenumberofdilutedsharesoutstanding": 459000000,
        "allocatedsharebasedcompensationexpense": 61000000
    },
    {
        "date": "2010-12-31",
        "symbol": "AMZN",
        "period": "Q4",
        "salesrevenuenet": 1956000000,
        "costofgoodsandservicessold": 15898000000,
        "fulfillmentexpense": 1090000000,
        "marketingexpense": 376000000,
        "technologyandcontentexpense": 518000000,
        "generalandadministrativeexpense": 143000000,
        "operatingincomeloss": 474000000,
        "investmentincomeinterest": 15000000,
        "interestexpense": 12000000,
        "othernonoperatingincomeexpense": 30000000,
        "nonoperatingincomeexpense": 33000000,
        "incomelossfromcontinuingoperationsbeforeincometaxesminorityinterestandincomelossfromequitymethodinvestments": 507000000,
        "incometaxexpensebenefit": 85000000,
        "incomelossfromequitymethodinvestments": -7000000,
        "netincomeloss": 415000000,
        "earningspersharebasic": 0.9400000000000003,
        "earningspersharediluted": 0.9099999999999996,
        "weightedaveragenumberofsharesoutstandingbasic": -893000000,
        "weightedaveragenumberofdilutedsharesoutstanding": -909000000,
        "stockbasedcompensationexpenseassociatedwithfulfillmentexpense": 25000000,
        "stockbasedcompensationexpenseassociatedwithsalesandmarketingexpense": 8000000,
        "sharebasedcompensationtechnologyandcontentexpense": 62000000,
        "stockbasedcompensationexpenseassociatedwithgeneralandadministrativeexpense": 24000000
    },
    {
        "date": "2010-09-30",
        "symbol": "AMZN",
        "period": "Q3",
        "salesrevenuenet": 3434000000,
        "costofgoodsandservicessold": 2775000000,
        "fulfillmentexpense": 680000000,
        "marketingexpense": 241000000,
        "technologyandcontentexpense": 442000000,
        "generalandadministrativeexpense": 117000000,
        "othercostandexpenseoperating": 26000000,
        "operatingexpenses": 7292000000,
        "operatingincomeloss": 268000000,
        "investmentincomeinterest": 13000000,
        "interestexpense": 11000000,
        "othernonoperatingincomeexpense": 22000000,
        "nonoperatingincomeexpense": 24000000,
        "incomelossfromcontinuingoperationsbeforeincometaxesminorityinterestandincomelossfromequitymethodinvestments": 292000000,
        "incometaxexpensebenefit": 79000000,
        "incomelossfromequitymethodinvestments": 18000000,
        "netincomeloss": 231000000,
        "earningspersharebasic": 0.51,
        "earningspersharediluted": 0.51,
        "weightedaveragenumberofsharesoutstandingbasic": 448000000,
        "weightedaveragenumberofdilutedsharesoutstanding": 456000000,
        "stockbasedcompensationexpenseassociatedwithfulfillmentexpense": 23000000,
        "stockbasedcompensationexpenseassociatedwithsalesandmarketingexpense": 7000000,
        "sharebasedcompensationtechnologyandcontentexpense": 56000000,
        "stockbasedcompensationexpenseassociatedwithgeneralandadministrativeexpense": 21000000
    },
    {
        "date": "2010-06-30",
        "symbol": "AMZN",
        "period": "Q2",
        "salesrevenuenet": 2976000000,
        "costofgoodsandservicessold": 2387000000,
        "fulfillmentexpense": 582000000,
        "marketingexpense": 211000000,
        "technologyandcontentexpense": 408000000,
        "generalandadministrativeexpense": 113000000,
        "othercostandexpenseoperating": 25000000,
        "operatingexpenses": 6296000000,
        "operatingincomeloss": 270000000,
        "investmentincomeinterest": 12000000,
        "interestexpense": 9000000,
        "othernonoperatingincomeexpense": 24000000,
        "nonoperatingincomeexpense": 27000000,
        "incomelossfromcontinuingoperationsbeforeincometaxesminorityinterestandincomelossfromequitymethodinvestments": 297000000,
        "incometaxexpensebenefit": 88000000,
        "incomelossfromequitymethodinvestments": -2000000,
        "netincomeloss": 207000000,
        "earningspersharebasic": 0.46,
        "earningspersharediluted": 0.45,
        "weightedaveragenumberofsharesoutstandingbasic": 447000000,
        "weightedaveragenumberofdilutedsharesoutstanding": 455000000,
        "stockbasedcompensationexpenseassociatedwithfulfillmentexpense": 24000000,
        "stockbasedcompensationexpenseassociatedwithsalesandmarketingexpense": 7000000,
        "sharebasedcompensationtechnologyandcontentexpense": 58000000,
        "stockbasedcompensationexpenseassociatedwithgeneralandadministrativeexpense": 22000000
    },
    {
        "date": "2010-03-31",
        "symbol": "AMZN",
        "period": "Q1",
        "salesrevenuenet": 7131000000,
        "costofgoodsandservicessold": 5501000000,
        "fulfillmentexpense": 546000000,
        "marketingexpense": 201000000,
        "technologyandcontentexpense": 366000000,
        "generalandadministrativeexpense": 97000000,
        "othercostandexpenseoperating": 26000000,
        "operatingexpenses": 6737000000,
        "operatingincomeloss": 394000000,
        "investmentincomeinterest": 11000000,
        "interestexpense": 7000000,
        "othernonoperatingincomeexpense": 3000000,
        "nonoperatingincomeexpense": 7000000,
        "incomelossfromcontinuingoperationsbeforeincometaxesminorityinterestandincomelossfromequitymethodinvestments": 401000000,
        "incometaxexpensebenefit": 100000000,
        "incomelossfromequitymethodinvestments": -2000000,
        "netincomeloss": 299000000,
        "earningspersharebasic": 0.67,
        "earningspersharediluted": 0.66,
        "weightedaveragenumberofsharesoutstandingbasic": 445000000,
        "weightedaveragenumberofdilutedsharesoutstanding": 454000000,
        "stockbasedcompensationexpenseassociatedwithfulfillmentexpense": 18000000,
        "stockbasedcompensationexpenseassociatedwithsalesandmarketingexpense": 5000000,
        "sharebasedcompensationtechnologyandcontentexpense": 47000000,
        "stockbasedcompensationexpenseassociatedwithgeneralandadministrativeexpense": 17000000
    },
    {
        "date": "2009-09-29",
        "symbol": "AMZN",
        "period": "Q3",
        "salesrevenuenet": 5449000000,
        "costofgoodsandservicessold": 4176000000,
        "grossprofit": 1273000000,
        "fulfillmentexpense": 466000000,
        "marketingexpense": 149000000,
        "technologyandcontentexpense": 315000000,
        "generalandadministrativeexpense": 83000000,
        "othercostandexpenseoperating": 9000000,
        "operatingexpenses": 1022000000,
        "operatingincomeloss": 251000000,
        "investmentincomeinterest": 7000000,
        "interestexpense": 7000000,
        "othernonoperatingincomeexpense": 11000000,
        "nonoperatingincomeexpense": 11000000,
        "incomelossfromcontinuingoperationsbeforeincometaxesminorityinterestandincomelossfromequitymethodinvestments": 262000000,
        "incometaxexpensebenefit": 60000000,
        "incomelossfromequitymethodinvestments": -3000000,
        "netincomeloss": 199000000,
        "earningspersharebasic": 0.46,
        "earningspersharediluted": 0.45,
        "weightedaveragenumberofsharesoutstandingbasic": 432000000,
        "weightedaveragenumberofdilutedsharesoutstanding": 441000000
    }
]