[
    {
        "date": "2024-09-29",
        "symbol": "GLW",
        "period": "Q3",
        "revenues": 3391000000,
        "costofrevenue": 15000000,
        "grossprofit": 1137000000,
        "sellinggeneralandadministrativeexpense": 510000000,
        "researchdevelopmentandengineeringexpenses": 39000000,
        "amortizationofintangibleassets": 31000000,
        "operatingincomeloss": 302000000,
        "investmentincomeinterest": 12000000,
        "interestanddebtexpense": 63000000,
        "translatedearningscontractgainlossnet": -157000000,
        "othernonoperatingincomeexpense": 86000000,
        "incomelossfromcontinuingoperationsbeforeincometaxesextraordinaryitemsnoncontrollinginterest": -92000000,
        "incometaxexpensebenefit": -164000000,
        "profitloss": -95000000,
        "netincomelossattributabletononcontrollinginterest": 22000000,
        "netincomeloss": -117000000,
        "earningspersharebasic": -0.14,
        "earningspersharediluted": -0.14,
        "othercomprehensiveincomelossforeigncurrencytransactionandtranslationadjustmentnetoftax": 625000000,
        "othercomprehensiveincomedefinedbenefitplansadjustmentnetoftaxportionattributabletoparent": 7000000,
        "othercomprehensiveincomelosscashflowhedgegainlossafterreclassificationandtaxparent": -34000000,
        "othercomprehensiveincomelossnetoftaxportionattributabletoparent": 625000000,
        "comprehensiveincomenetoftaxincludingportionattributabletononcontrollinginterest": 489000000,
        "comprehensiveincomenetoftaxattributabletononcontrollinginterest": 22000000,
        "comprehensiveincomenetoftax": 467000000
    },
    {
        "date": "2024-06-29",
        "symbol": "GLW",
        "period": "Q2",
        "revenues": 3251000000,
        "costofrevenue": 2302000000,
        "grossprofit": 949000000,
        "sellinggeneralandadministrativeexpense": 471000000,
        "researchdevelopmentandengineeringexpenses": 262000000,
        "amortizationofintangibleassets": 30000000,
        "operatingincomeloss": 186000000,
        "investmentincomeinterest": 10000000,
        "interestanddebtexpense": 84000000,
        "translatedearningscontractgainlossnet": 27000000,
        "othernonoperatingincomeexpense": 33000000,
        "incomelossfromcontinuingoperationsbeforeincometaxesextraordinaryitemsnoncontrollinginterest": 172000000,
        "incometaxexpensebenefit": 50000000,
        "profitloss": 122000000,
        "netincomelossattributabletononcontrollinginterest": 18000000,
        "netincomeloss": 104000000,
        "earningspersharebasic": 0.12,
        "earningspersharediluted": 0.12,
        "othercomprehensiveincomelossforeigncurrencytransactionandtranslationadjustmentnetoftax": -222000000,
        "othercomprehensiveincomedefinedbenefitplansadjustmentnetoftaxportionattributabletoparent": -37000000,
        "othercomprehensiveincomelosscashflowhedgegainlossafterreclassificationandtaxparent": -32000000,
        "othercomprehensiveincomelossnetoftaxportionattributabletoparent": -217000000,
        "comprehensiveincomenetoftaxincludingportionattributabletononcontrollinginterest": -95000000,
        "comprehensiveincomenetoftaxattributabletononcontrollinginterest": 18000000,
        "comprehensiveincomenetoftax": -113000000
    },
    {
        "date": "2024-03-30",
        "symbol": "GLW",
        "period": "Q1",
        "revenues": 2975000000,
        "costofrevenue": 1982000000,
        "grossprofit": 993000000,
        "sellinggeneralandadministrativeexpense": 451000000,
        "researchdevelopmentandengineeringexpenses": 258000000,
        "amortizationofintangibleassets": 30000000,
        "operatingincomeloss": 254000000,
        "investmentincomeinterest": 12000000,
        "interestanddebtexpense": 83000000,
        "translatedearningscontractgainlossnet": 39000000,
        "othernonoperatingincomeexpense": 74000000,
        "incomelossfromcontinuingoperationsbeforeincometaxesextraordinaryitemsnoncontrollinginterest": 296000000,
        "incometaxexpensebenefit": 71000000,
        "profitloss": 225000000,
        "netincomelossattributabletononcontrollinginterest": 16000000,
        "netincomeloss": 209000000,
        "earningspersharebasic": 0.25,
        "earningspersharediluted": 0.24,
        "othercomprehensiveincomelossforeigncurrencytransactionandtranslationadjustmentnetoftax": -330000000,
        "othercomprehensiveincomedefinedbenefitplansadjustmentnetoftaxportionattributabletoparent": -2000000,
        "othercomprehensiveincomelosscashflowhedgegainlossafterreclassificationandtaxparent": 1000000,
        "othercomprehensiveincomelossnetoftaxportionattributabletoparent": -327000000,
        "comprehensiveincomenetoftaxincludingportionattributabletononcontrollinginterest": -102000000,
        "comprehensiveincomenetoftaxattributabletononcontrollinginterest": 16000000,
        "comprehensiveincomenetoftax": -118000000
    },
    {
        "date": "2023-12-30",
        "symbol": "GLW",
        "period": "Q4",
        "revenues": 2994000000,
        "costofrevenue": 2083000000,
        "grossprofit": 911000000,
        "sellinggeneralandadministrativeexpense": 514000000,
        "researchdevelopmentandengineeringexpenses": 289000000,
        "amortizationofintangibleassets": 30000000,
        "operatingincomeloss": 78000000,
        "investmentincomeinterest": 13000000,
        "interestanddebtexpense": 90000000,
        "translatedearningscontractgainlossnet": 33000000,
        "othernonoperatingincomeexpense": -72000000,
        "incomelossfromcontinuingoperationsbeforeincometaxesextraordinaryitemsnoncontrollinginterest": -38000000,
        "incometaxexpensebenefit": -10000000,
        "profitloss": -28000000,
        "netincomelossattributabletononcontrollinginterest": 12000000,
        "netincomeloss": -40000000,
        "earningspersharebasic": -0.04000000000000006,
        "earningspersharediluted": -0.03999999999999998,
        "othercomprehensiveincomelossforeigncurrencytransactionandtranslationadjustmentnetoftax": 363000000,
        "othercomprehensiveincomedefinedbenefitplansadjustmentnetoftaxportionattributabletoparent": 15000000,
        "othercomprehensiveincomelosscashflowhedgegainlossafterreclassificationandtaxparent": 6000000,
        "othercomprehensiveincomelossnetoftaxportionattributabletoparent": 354000000,
        "comprehensiveincomenetoftaxincludingportionattributabletononcontrollinginterest": 326000000,
        "comprehensiveincomenetoftaxattributabletononcontrollinginterest": 12000000,
        "comprehensiveincomenetoftax": 314000000
    },
    {
        "date": "2023-09-29",
        "symbol": "GLW",
        "period": "Q3",
        "revenues": 3173000000,
        "costofrevenue": 2169000000,
        "grossprofit": 1004000000,
        "sellinggeneralandadministrativeexpense": 468000000,
        "researchdevelopmentandengineeringexpenses": 270000000,
        "amortizationofintangibleassets": 30000000,
        "operatingincomeloss": 236000000,
        "investmentincomeinterest": 10000000,
        "interestanddebtexpense": 82000000,
        "translatedearningscontractgainlossnet": 20000000,
        "othernonoperatingincomeexpense": 33000000,
        "incomelossfromcontinuingoperationsbeforeincometaxesextraordinaryitemsnoncontrollinginterest": 217000000,
        "incometaxexpensebenefit": 35000000,
        "profitloss": 182000000,
        "netincomelossattributabletononcontrollinginterest": 18000000,
        "netincomeloss": 164000000,
        "earningspersharebasic": 0.19,
        "earningspersharediluted": 0.19,
        "othercomprehensiveincomelossforeigncurrencytransactionandtranslationadjustmentnetoftax": -191000000,
        "othercomprehensiveincomedefinedbenefitplansadjustmentnetoftaxportionattributabletoparent": 1000000,
        "othercomprehensiveincomelosscashflowhedgegainlossafterreclassificationandtaxparent": -11000000,
        "othercomprehensiveincomelossnetoftaxportionattributabletoparent": -203000000,
        "comprehensiveincomenetoftaxincludingportionattributabletononcontrollinginterest": -21000000,
        "comprehensiveincomenetoftaxattributabletononcontrollinginterest": 18000000,
        "comprehensiveincomenetoftax": -39000000
    },
    {
        "date": "2023-06-29",
        "symbol": "GLW",
        "period": "Q2",
        "revenues": 3243000000,
        "costofrevenue": 2230000000,
        "grossprofit": 1013000000,
        "sellinggeneralandadministrativeexpense": 440000000,
        "researchdevelopmentandengineeringexpenses": 263000000,
        "amortizationofintangibleassets": 31000000,
        "operatingincomeloss": 279000000,
        "investmentincomeinterest": 8000000,
        "interestanddebtexpense": 81000000,
        "translatedearningscontractgainlossnet": 116000000,
        "othernonoperatingincomeexpense": 87000000,
        "incomelossfromcontinuingoperationsbeforeincometaxesextraordinaryitemsnoncontrollinginterest": 409000000,
        "incometaxexpensebenefit": 106000000,
        "profitloss": 303000000,
        "netincomelossattributabletononcontrollinginterest": 22000000,
        "netincomeloss": 281000000,
        "earningspersharebasic": 0.33,
        "earningspersharediluted": 0.33,
        "othercomprehensiveincomelossforeigncurrencytransactionandtranslationadjustmentnetoftax": -318000000,
        "othercomprehensiveincomedefinedbenefitplansadjustmentnetoftaxportionattributabletoparent": 4000000,
        "othercomprehensiveincomelosscashflowhedgegainlossafterreclassificationandtaxparent": 20000000,
        "othercomprehensiveincomelossnetoftaxportionattributabletoparent": -302000000,
        "comprehensiveincomenetoftaxincludingportionattributabletononcontrollinginterest": 1000000,
        "comprehensiveincomenetoftaxattributabletononcontrollinginterest": 22000000,
        "comprehensiveincomenetoftax": -21000000
    },
    {
        "date": "2023-03-30",
        "symbol": "GLW",
        "period": "Q1",
        "revenues": 3178000000,
        "costofrevenue": 2175000000,
        "grossprofit": 1003000000,
        "sellinggeneralandadministrativeexpense": 421000000,
        "researchdevelopmentandengineeringexpenses": 254000000,
        "amortizationofintangibleassets": 31000000,
        "operatingincomeloss": 297000000,
        "investmentincomeinterest": 7000000,
        "interestanddebtexpense": 76000000,
        "translatedearningscontractgainlossnet": -8000000,
        "othernonoperatingincomeexpense": 8000000,
        "incomelossfromcontinuingoperationsbeforeincometaxesextraordinaryitemsnoncontrollinginterest": 228000000,
        "incometaxexpensebenefit": 37000000,
        "profitloss": 191000000,
        "netincomelossattributabletononcontrollinginterest": 15000000,
        "netincomeloss": 176000000,
        "earningspersharebasic": 0.21,
        "earningspersharediluted": 0.2,
        "othercomprehensiveincomelossforeigncurrencytransactionandtranslationadjustmentnetoftax": -84000000,
        "othercomprehensiveincomedefinedbenefitplansadjustmentnetoftaxportionattributabletoparent": 4000000,
        "othercomprehensiveincomelosscashflowhedgegainlossafterreclassificationandtaxparent": 21000000,
        "othercomprehensiveincomelossnetoftaxportionattributabletoparent": -67000000,
        "comprehensiveincomenetoftaxincludingportionattributabletononcontrollinginterest": 124000000,
        "comprehensiveincomenetoftaxattributabletononcontrollinginterest": 15000000,
        "comprehensiveincomenetoftax": 109000000
    },
    {
        "date": "2022-12-30",
        "symbol": "GLW",
        "period": "Q4",
        "revenues": 3406000000,
        "costofrevenue": 2491000000,
        "grossprofit": 915000000,
        "sellinggeneralandadministrativeexpense": 517000000,
        "researchdevelopmentandengineeringexpenses": 281000000,
        "amortizationofintangibleassets": 31000000,
        "operatingincomeloss": 86000000,
        "investmentincomeinterest": 6000000,
        "interestanddebtexpense": 76000000,
        "translatedearningscontractgainlossnet": 94000000,
        "othernonoperatingincomeexpense": -84000000,
        "incomelossfromcontinuingoperationsbeforeincometaxesextraordinaryitemsnoncontrollinginterest": 26000000,
        "incometaxexpensebenefit": 31000000,
        "netincomeloss": -36000000,
        "earningspersharebasic": -0.04999999999999993,
        "earningspersharediluted": -0.040000000000000036,
        "othercomprehensiveincomelossforeigncurrencytransactionandtranslationadjustmentnetoftax": 756000000,
        "othercomprehensiveincomedefinedbenefitplansadjustmentnetoftaxportionattributabletoparent": -203000000,
        "othercomprehensiveincomelosscashflowhedgegainlossafterreclassificationandtaxparent": 2000000,
        "othercomprehensiveincomelossnetoftaxportionattributabletoparent": 961000000,
        "comprehensiveincomenetoftax": 925000000
    },
    {
        "date": "2022-09-29",
        "symbol": "GLW",
        "period": "Q3",
        "revenues": 3488000000,
        "costofrevenue": 2426000000,
        "grossprofit": 1062000000,
        "sellinggeneralandadministrativeexpense": 461000000,
        "researchdevelopmentandengineeringexpenses": 278000000,
        "amortizationofintangibleassets": 31000000,
        "operatingincomeloss": 292000000,
        "investmentincomeinterest": 3000000,
        "interestanddebtexpense": 73000000,
        "translatedearningscontractgainlossnet": -68000000,
        "othernonoperatingincomeexpense": 106000000,
        "incomelossfromcontinuingoperationsbeforeincometaxesextraordinaryitemsnoncontrollinginterest": 260000000,
        "incometaxexpensebenefit": 34000000,
        "profitloss": 226000000,
        "netincomelossattributabletononcontrollinginterest": 18000000,
        "netincomeloss": 208000000,
        "earningspersharebasic": 0.25,
        "earningspersharediluted": 0.24,
        "netincomelossavailabletocommonstockholdersbasic": 208000000,
        "othercomprehensiveincomelossforeigncurrencytransactionandtranslationadjustmentnetoftax": -685000000,
        "othercomprehensiveincomedefinedbenefitplansadjustmentnetoftaxportionattributabletoparent": -3000000,
        "othercomprehensiveincomelosscashflowhedgegainlossafterreclassificationandtaxparent": -15000000,
        "othercomprehensiveincomelossnetoftaxportionattributabletoparent": -697000000,
        "comprehensiveincomenetoftaxincludingportionattributabletononcontrollinginterest": -471000000,
        "comprehensiveincomenetoftaxattributabletononcontrollinginterest": 18000000,
        "comprehensiveincomenetoftax": -489000000
    },
    {
        "date": "2022-06-29",
        "symbol": "GLW",
        "period": "Q2",
        "revenues": 3615000000,
        "costofrevenue": 2369000000,
        "grossprofit": 1246000000,
        "sellinggeneralandadministrativeexpense": 486000000,
        "researchdevelopmentandengineeringexpenses": 240000000,
        "amortizationofintangibleassets": 30000000,
        "operatingincomeloss": 490000000,
        "investmentincomeinterest": 3000000,
        "interestanddebtexpense": 72000000,
        "translatedearningscontractgainlossnet": 196000000,
        "othernonoperatingincomeexpense": 133000000,
        "incomelossfromcontinuingoperationsbeforeincometaxesextraordinaryitemsnoncontrollinginterest": 750000000,
        "incometaxexpensebenefit": 166000000,
        "profitloss": 584000000,
        "netincomelossattributabletononcontrollinginterest": 21000000,
        "netincomeloss": 563000000,
        "earningspersharebasic": 0.67,
        "earningspersharediluted": 0.66,
        "netincomelossavailabletocommonstockholdersbasic": 563000000,
        "othercomprehensiveincomelossforeigncurrencytransactionandtranslationadjustmentnetoftax": -650000000,
        "othercomprehensiveincomedefinedbenefitplansadjustmentnetoftaxportionattributabletoparent": 51000000,
        "othercomprehensiveincomelosscashflowhedgegainlossafterreclassificationandtaxparent": -31000000,
        "othercomprehensiveincomelossnetoftaxportionattributabletoparent": -732000000,
        "comprehensiveincomenetoftaxincludingportionattributabletononcontrollinginterest": -148000000,
        "comprehensiveincomenetoftaxattributabletononcontrollinginterest": 21000000,
        "comprehensiveincomenetoftax": -169000000
    },
    {
        "date": "2022-03-30",
        "symbol": "GLW",
        "period": "Q1",
        "revenues": 3680000000,
        "costofrevenue": 2397000000,
        "grossprofit": 1283000000,
        "sellinggeneralandadministrativeexpense": 434000000,
        "researchdevelopmentandengineeringexpenses": 248000000,
        "amortizationofintangibleassets": 31000000,
        "operatingincomeloss": 570000000,
        "investmentincomeinterest": 3000000,
        "interestanddebtexpense": 71000000,
        "translatedearningscontractgainlossnet": 129000000,
        "othernonoperatingincomeexpense": 130000000,
        "incomelossfromcontinuingoperationsbeforeincometaxesextraordinaryitemsnoncontrollinginterest": 761000000,
        "incometaxexpensebenefit": 180000000,
        "netincomeloss": 581000000,
        "earningspersharebasic": 0.69,
        "earningspersharediluted": 0.68,
        "othercomprehensiveincomelossforeigncurrencytransactionandtranslationadjustmentnetoftax": -200000000,
        "othercomprehensiveincomedefinedbenefitplansadjustmentnetoftaxportionattributabletoparent": 1000000,
        "othercomprehensiveincomelosscashflowhedgegainlossafterreclassificationandtaxparent": 14000000,
        "othercomprehensiveincomelossnetoftaxportionattributabletoparent": -187000000,
        "comprehensiveincomenetoftax": 394000000
    },
    {
        "date": "2021-12-30",
        "symbol": "GLW",
        "period": "Q4",
        "revenues": 3676000000,
        "costofrevenue": 2405000000,
        "grossprofit": 1271000000,
        "sellinggeneralandadministrativeexpense": 476000000,
        "researchdevelopmentandengineeringexpenses": 280000000,
        "amortizationofintangibleassets": 32000000,
        "operatingincomeloss": 483000000,
        "incomelossfromequitymethodinvestments": 4000000,
        "investmentincomeinterest": 3000000,
        "interestanddebtexpense": 73000000,
        "translatedearningscontractgainlossnet": 92000000,
        "othernonoperatingincomeexpense": 67000000,
        "incomelossfromcontinuingoperationsbeforeincometaxesextraordinaryitemsnoncontrollinginterest": 576000000,
        "incometaxexpensebenefit": 89000000,
        "netincomeloss": 487000000,
        "earningspersharebasic": 0.5800000000000001,
        "earningspersharediluted": 0.5700000000000002,
        "othercomprehensiveincomelossforeigncurrencytransactionandtranslationadjustmentnetoftax": -89000000,
        "othercomprehensiveincomelossnetoftaxportionattributabletoparent": 84000000,
        "comprehensiveincomenetoftax": 571000000
    },
    {
        "date": "2021-09-29",
        "symbol": "GLW",
        "period": "Q3",
        "revenues": 3615000000,
        "costofrevenue": 2294000000,
        "grossprofit": 1321000000,
        "sellinggeneralandadministrativeexpense": 486000000,
        "researchdevelopmentandengineeringexpenses": 251000000,
        "amortizationofintangibleassets": 32000000,
        "operatingincomeloss": 552000000,
        "incomelossfromequitymethodinvestments": 16000000,
        "investmentincomeinterest": 3000000,
        "interestanddebtexpense": 72000000,
        "translatedearningscontractgainlossnet": -13000000,
        "othernonoperatingincomeexpense": -6000000,
        "incomelossfromcontinuingoperationsbeforeincometaxesextraordinaryitemsnoncontrollinginterest": 480000000,
        "incometaxexpensebenefit": 109000000,
        "netincomeloss": 371000000,
        "earningspersharebasic": 0.44999999999999996,
        "earningspersharediluted": 0.43999999999999984,
        "othercomprehensiveincomelossforeigncurrencytransactionandtranslationadjustmentnetoftax": -192000000,
        "othercomprehensiveincomelossnetoftaxportionattributabletoparent": -207000000,
        "comprehensiveincomenetoftax": 164000000
    },
    {
        "date": "2021-06-29",
        "symbol": "GLW",
        "period": "Q2",
        "revenues": 3501000000,
        "costofrevenue": 2186000000,
        "grossprofit": 1315000000,
        "sellinggeneralandadministrativeexpense": 465000000,
        "researchdevelopmentandengineeringexpenses": 242000000,
        "amortizationofintangibleassets": 33000000,
        "operatingincomeloss": 575000000,
        "incomelossfromequitymethodinvestments": 7000000,
        "investmentincomeinterest": 2000000,
        "interestanddebtexpense": 78000000,
        "translatedearningscontractgainlossnet": 3000000,
        "othernonoperatingincomeexpense": 7000000,
        "incomelossfromcontinuingoperationsbeforeincometaxesextraordinaryitemsnoncontrollinginterest": 516000000,
        "incometaxexpensebenefit": 67000000,
        "netincomeloss": 449000000,
        "earningspersharebasic": -0.48,
        "earningspersharediluted": -0.4,
        "othercomprehensiveincomelossforeigncurrencytransactionandtranslationadjustmentnetoftax": 40000000,
        "othercomprehensiveincomeunrealizedgainlossonderivativesarisingduringperiodnetoftax": 1000000,
        "othercomprehensiveincomelossnetoftaxportionattributabletoparent": 40000000,
        "comprehensiveincomenetoftax": 489000000
    },
    {
        "date": "2021-03-30",
        "symbol": "GLW",
        "period": "Q1",
        "revenues": 3290000000,
        "costofrevenue": 2134000000,
        "grossprofit": 1156000000,
        "sellinggeneralandadministrativeexpense": 400000000,
        "researchdevelopmentandengineeringexpenses": 222000000,
        "amortizationofintangibleassets": 32000000,
        "operatingincomeloss": 502000000,
        "incomelossfromequitymethodinvestments": 8000000,
        "investmentincomeinterest": 3000000,
        "interestanddebtexpense": 77000000,
        "translatedearningscontractgainlossnet": 272000000,
        "othernonoperatingincomeexpense": 117000000,
        "incomelossfromcontinuingoperationsbeforeincometaxesextraordinaryitemsnoncontrollinginterest": 825000000,
        "incometaxexpensebenefit": 226000000,
        "netincomeloss": 599000000,
        "earningspersharebasic": 0.75,
        "earningspersharediluted": 0.67,
        "othercomprehensiveincomelossforeigncurrencytransactionandtranslationadjustmentnetoftax": -363000000,
        "othercomprehensiveincomeunrealizedgainlossonderivativesarisingduringperiodnetoftax": 11000000,
        "othercomprehensiveincomelossnetoftaxportionattributabletoparent": -352000000,
        "comprehensiveincomenetoftax": 247000000
    },
    {
        "date": "2020-12-30",
        "symbol": "GLW",
        "period": "Q4",
        "revenues": 10987000000,
        "costofrevenue": -5622000000,
        "grossprofit": -502000000,
        "sellinggeneralandadministrativeexpense": 471000000,
        "researchdevelopmentandengineeringexpenses": 42000000,
        "amortizationofintangibleassets": 34000000,
        "operatingincomeloss": 476000000,
        "incomelossfromequitymethodinvestments": -44000000,
        "investmentincomeinterest": 3000000,
        "interestanddebtexpense": 72000000,
        "translatedearningscontractgainlossnet": -43000000,
        "othernonoperatingincomeexpense": 57000000,
        "incomelossfromcontinuingoperationsbeforeincometaxesextraordinaryitemsnoncontrollinginterest": 330000000,
        "incometaxexpensebenefit": -82000000,
        "netincomeloss": 252000000,
        "earningspersharebasic": 0.30000000000000004,
        "earningspersharediluted": 0.3500000000000001,
        "othercomprehensiveincomelossforeigncurrencytransactionandtranslationadjustmentnetoftax": 452000000,
        "othercomprehensiveincomeunrealizedgainlossonderivativesarisingduringperiodnetoftax": 22000000,
        "othercomprehensiveincomelossnetoftaxportionattributabletoparent": 462000000,
        "comprehensiveincomenetoftax": 646000000
    },
    {
        "date": "2020-09-29",
        "symbol": "GLW",
        "period": "Q3",
        "revenues": 99000000,
        "costofrevenue": 2000000000,
        "grossprofit": 21000000,
        "sellinggeneralandadministrativeexpense": 480000000,
        "researchdevelopmentandengineeringexpenses": 35000000,
        "amortizationofintangibleassets": 33000000,
        "operatingincomeloss": 257000000,
        "incomelossfromequitymethodinvestments": -79000000,
        "investmentincomeinterest": 3000000,
        "interestanddebtexpense": 67000000,
        "translatedearningscontractgainlossnet": -100000000,
        "nonoperatinggainslosses": 498000000,
        "othernonoperatingincomeexpense": -62000000,
        "incomelossfromcontinuingoperationsbeforeincometaxesextraordinaryitemsnoncontrollinginterest": 450000000,
        "incometaxexpensebenefit": -113000000,
        "netincomeloss": 427000000,
        "earningspersharebasic": 0.53,
        "earningspersharediluted": 0.48,
        "othercomprehensiveincomelossforeigncurrencytransactionandtranslationadjustmentnetoftax": 283000000,
        "unrealizedpostretirementbenefitplanlossesandpriorservice": -4000000,
        "othercomprehensiveincomeunrealizedgainlossonderivativesarisingduringperiodnetoftax": 11000000,
        "othercomprehensiveincomelossnetoftaxportionattributabletoparent": 11000000,
        "comprehensiveincomenetoftax": 725000000
    },
    {
        "date": "2020-06-29",
        "symbol": "GLW",
        "period": "Q2",
        "revenues": 160000000,
        "costofrevenue": 1805000000,
        "grossprofit": 7000000,
        "sellinggeneralandadministrativeexpense": 401000000,
        "researchdevelopmentandengineeringexpenses": 37000000,
        "amortizationofintangibleassets": 28000000,
        "operatingincomeloss": -103000000,
        "incomelossfromequitymethodinvestments": 81000000,
        "investmentincomeinterest": 3000000,
        "interestanddebtexpense": 64000000,
        "translatedearningscontractgainlossnet": 37000000,
        "othernonoperatingincomeexpense": 2000000,
        "incomelossfromcontinuingoperationsbeforeincometaxesextraordinaryitemsnoncontrollinginterest": -49000000,
        "incometaxexpensebenefit": -55000000,
        "netincomeloss": -71000000,
        "earningspersharebasic": -0.13,
        "earningspersharediluted": -0.13,
        "othercomprehensiveincomelossforeigncurrencytransactionandtranslationadjustmentnetoftax": 58000000,
        "unrealizedpostretirementbenefitplanlossesandpriorservice": 12000000,
        "othercomprehensiveincomeunrealizedgainlossonderivativesarisingduringperiodnetoftax": 19000000,
        "othercomprehensiveincomelossnetoftaxportionattributabletoparent": 19000000,
        "comprehensiveincomenetoftax": -6000000
    },
    {
        "date": "2020-03-30",
        "symbol": "GLW",
        "period": "Q1",
        "revenues": 57000000,
        "costofrevenue": 1830000000,
        "grossprofit": 561000000,
        "sellinggeneralandadministrativeexpense": 395000000,
        "researchdevelopmentandengineeringexpenses": 39000000,
        "amortizationofintangibleassets": 26000000,
        "operatingincomeloss": -121000000,
        "incomelossfromequitymethodinvestments": 18000000,
        "investmentincomeinterest": 6000000,
        "interestanddebtexpense": 58000000,
        "translatedearningscontractgainlossnet": 68000000,
        "othernonoperatingincomeexpense": -11000000,
        "incomelossfromcontinuingoperationsbeforeincometaxesextraordinaryitemsnoncontrollinginterest": -108000000,
        "incometaxexpensebenefit": -74000000,
        "netincomeloss": -96000000,
        "earningspersharebasic": -0.16,
        "earningspersharediluted": -0.16,
        "othercomprehensiveincomelossforeigncurrencytransactionandtranslationadjustmentnetoftax": -265000000,
        "othercomprehensiveincomeunrealizedgainlossonderivativesarisingduringperiodnetoftax": -61000000,
        "othercomprehensiveincomelossnetoftaxportionattributabletoparent": -61000000,
        "comprehensiveincomenetoftax": -422000000
    },
    {
        "date": "2019-09-29",
        "symbol": "GLW",
        "period": "Q3",
        "revenues": 2934000000,
        "costofrevenue": 1917000000,
        "grossprofit": 1017000000,
        "sellinggeneralandadministrativeexpense": 369000000,
        "researchdevelopmentandengineeringexpenses": 255000000,
        "amortizationofintangibleassets": 28000000,
        "operatingincomeloss": 365000000,
        "incomelossfromequitymethodinvestments": 23000000,
        "investmentincomeinterest": 4000000,
        "interestanddebtexpense": 55000000,
        "unrealizedgainlossonderivativesandcommoditycontracts": 86000000,
        "othernonoperatingincomeexpense": -15000000,
        "incomelossfromcontinuingoperationsbeforeincometaxesextraordinaryitemsnoncontrollinginterest": 408000000,
        "incometaxexpensebenefit": 71000000,
        "netincomeloss": 337000000,
        "earningspersharebasic": 0.4,
        "earningspersharediluted": 0.38,
        "othercomprehensiveincomelossforeigncurrencytransactionandtranslationadjustmentnetoftax": -238000000,
        "othercomprehensiveincomelossavailableforsalesecuritiesadjustmentnetoftax": -1000000,
        "unrealizedpostretirementbenefitplanlossesandpriorservice": -4000000,
        "othercomprehensiveincomeunrealizedgainlossonderivativesarisingduringperiodnetoftax": -22000000,
        "othercomprehensiveincomelossnetoftaxportionattributabletoparent": -257000000,
        "comprehensiveincomenetoftax": 80000000
    },
    {
        "date": "2016-09-29",
        "symbol": "GLW",
        "period": "Q3",
        "salesrevenuegoodsnet": 2507000000,
        "costofrevenue": 1466000000,
        "grossprofit": 1041000000,
        "sellinggeneralandadministrativeexpense": 302000000,
        "researchdevelopmentandengineeringexpenses": 213000000,
        "amortizationofintangibleassets": 17000000,
        "restructuringsettlementandimpairmentprovisions": 0,
        "operatingincomeloss": 535000000,
        "incomelossfromequitymethodinvestments": -37000000,
        "investmentincomeinterest": 9000000,
        "interestanddebtexpense": 41000000,
        "othernonoperatingincomeexpense": -65000000,
        "incomebeforeincometaxes": 257000000,
        "incometaxexpensebenefit": -426000000,
        "netincomeloss": 776000000,
        "earningspersharebasic": 0.2599999999999999,
        "earningspersharediluted": 0.29999999999999993,
        "commonstockdividendspersharedeclared": 0.135,
        "othercomprehensiveincomelossforeigncurrencytransactionandtranslationadjustmentnetoftax": 245000000,
        "othercomprehensiveincomelossavailableforsalesecuritiesadjustmentnetoftax": 0,
        "othercomprehensiveincomeunrealizedgainlossonderivativesarisingduringperiodnetoftax": 11000000,
        "othercomprehensiveincomelossnetoftaxportionattributabletoparent": 251000000,
        "comprehensiveincomenetoftax": 535000000
    },
    {
        "date": "2016-06-29",
        "symbol": "GLW",
        "period": "Q2",
        "salesrevenuegoodsnet": 2360000000,
        "costofrevenue": 1409000000,
        "grossprofit": 951000000,
        "sellinggeneralandadministrativeexpense": 499000000,
        "researchdevelopmentandengineeringexpenses": 192000000,
        "amortizationofintangibleassets": 15000000,
        "restructuringsettlementandimpairmentprovisions": -2000000,
        "operatingincomeloss": 247000000,
        "incomelossfromequitymethodinvestments": 26000000,
        "investmentincomeinterest": 6000000,
        "interestanddebtexpense": 40000000,
        "nonoperatinggainslosses": -1201000000,
        "realignmentofequityinvestmentgainloss": 2676000000,
        "othernonoperatingincomeexpense": -26000000,
        "incomebeforeincometaxes": 1703000000,
        "incometaxexpensebenefit": -504000000,
        "netincomeloss": -55000000,
        "earningspersharebasic": 2.06,
        "earningspersharediluted": 1.87,
        "commonstockdividendspersharedeclared": 0.135,
        "othercomprehensiveincomelossforeigncurrencytransactionandtranslationadjustmentnetoftax": 196000000,
        "othercomprehensiveincomelossavailableforsalesecuritiesadjustmentnetoftax": -1000000,
        "unrealizedpostretirementbenefitplanlossesandpriorservice": -265000000,
        "othercomprehensiveincomeunrealizedgainlossonderivativesarisingduringperiodnetoftax": -22000000,
        "othercomprehensiveincomelossnetoftaxportionattributabletoparent": 438000000,
        "comprehensiveincomenetoftax": 2645000000
    },
    {
        "date": "2016-03-30",
        "symbol": "GLW",
        "period": "Q1",
        "salesrevenuegoodsnet": 2047000000,
        "costofrevenue": 1283000000,
        "grossprofit": 764000000,
        "sellinggeneralandadministrativeexpense": 303000000,
        "researchdevelopmentandengineeringexpenses": 164000000,
        "amortizationofintangibleassets": 14000000,
        "restructuringsettlementandimpairmentprovisions": 72000000,
        "operatingincomeloss": 177000000,
        "incomelossfromequitymethodinvestments": 3000000,
        "investmentincomeinterest": 6000000,
        "interestanddebtexpense": 41000000,
        "foreigncurrencytransactionandhedgegainlossnet": -894000000,
        "othernonoperatingincomeexpense": 21000000,
        "incomebeforeincometaxes": -672000000,
        "incometaxexpensebenefit": 95000000,
        "netincomeloss": 213000000,
        "earningspersharebasic": -0.36,
        "earningspersharediluted": -0.36,
        "commonstockdividendspersharedeclared": 0.135,
        "othercomprehensiveincomelossforeigncurrencytransactionandtranslationadjustmentnetoftax": 428000000,
        "othercomprehensiveincomelossavailableforsalesecuritiesadjustmentnetoftax": -2000000,
        "othercomprehensiveincomeunrealizedgainlossonderivativesarisingduringperiodnetoftax": -19000000,
        "othercomprehensiveincomelossnetoftaxportionattributabletoparent": 407000000,
        "comprehensiveincomenetoftax": 39000000
    },
    {
        "date": "2015-09-29",
        "symbol": "GLW",
        "period": "Q3",
        "salesrevenuegoodsnet": 2272000000,
        "costofrevenue": 1380000000,
        "grossprofit": 892000000,
        "sellinggeneralandadministrativeexpense": 307000000,
        "researchdevelopmentandengineeringexpenses": 149000000,
        "amortizationofintangibleassets": 12000000,
        "operatingincomeloss": 392000000,
        "incomelossfromequitymethodinvestments": 1000000,
        "investmentincomeinterest": 6000000,
        "interestanddebtexpense": 38000000,
        "foreigncurrencytransactionandhedgegainlossnet": -154000000,
        "othernonoperatingincomeexpense": -27000000,
        "incomebeforeincometaxes": 218000000,
        "incometaxexpensebenefit": 185000000,
        "netincomeloss": 389000000,
        "earningspersharebasic": 0.15999999999999992,
        "earningspersharediluted": 0.16999999999999993,
        "othercomprehensiveincomelossforeigncurrencytransactionandtranslationadjustmentnetoftax": -181000000,
        "unrealizedpostretirementbenefitplanlossesandpriorservice": -6000000,
        "othercomprehensiveincomelossnetoftaxportionattributabletoparent": -212000000,
        "comprehensiveincomenetoftax": 0
    },
    {
        "date": "2015-06-29",
        "symbol": "GLW",
        "period": "Q2",
        "salesrevenuegoodsnet": 2343000000,
        "costofrevenue": 1368000000,
        "grossprofit": 975000000,
        "sellinggeneralandadministrativeexpense": 337000000,
        "researchdevelopmentandengineeringexpenses": 135000000,
        "amortizationofintangibleassets": 15000000,
        "operatingincomeloss": 431000000,
        "incomelossfromequitymethodinvestments": -89000000,
        "investmentincomeinterest": 5000000,
        "interestanddebtexpense": 33000000,
        "foreigncurrencytransactionandhedgegainlossnet": 173000000,
        "othernonoperatingincomeexpense": -32000000,
        "incomebeforeincometaxes": 606000000,
        "incometaxexpensebenefit": 309000000,
        "netincomeloss": 896000000,
        "earningspersharebasic": 0.38000000000000006,
        "earningspersharediluted": 0.36000000000000004,
        "othercomprehensiveincomelossforeigncurrencytransactionandtranslationadjustmentnetoftax": -40000000,
        "othercomprehensiveincomelossavailableforsalesecuritiesadjustmentnetoftax": 0,
        "unrealizedpostretirementbenefitplanlossesandpriorservice": -5000000,
        "othercomprehensiveincomeunrealizedgainlossonderivativesarisingduringperiodnetoftax": 0,
        "othercomprehensiveincomelossnetoftaxportionattributabletoparent": -35000000,
        "comprehensiveincomenetoftax": 461000000
    },
    {
        "date": "2015-03-30",
        "symbol": "GLW",
        "period": "Q1",
        "salesrevenuegoodsnet": 2265000000,
        "costofrevenue": 1336000000,
        "grossprofit": 929000000,
        "sellinggeneralandadministrativeexpense": 316000000,
        "researchdevelopmentandengineeringexpenses": 189000000,
        "amortizationofintangibleassets": 12000000,
        "operatingincomeloss": 412000000,
        "incomelossfromequitymethodinvestments": 92000000,
        "investmentincomeinterest": 5000000,
        "interestanddebtexpense": 30000000,
        "foreigncurrencytransactionandhedgegainlossnet": 33000000,
        "othernonoperatingincomeexpense": -21000000,
        "incomebeforeincometaxes": 493000000,
        "incometaxexpensebenefit": 86000000,
        "netincomeloss": -48000000,
        "earningspersharebasic": 0.3,
        "earningspersharediluted": 0.29,
        "othercomprehensiveincomelossforeigncurrencytransactionandtranslationadjustmentnetoftax": -256000000,
        "othercomprehensiveincomelossavailableforsalesecuritiesadjustmentnetoftax": 1000000,
        "unrealizedpostretirementbenefitplanlossesandpriorservice": -1000000,
        "othercomprehensiveincomeunrealizedgainlossonderivativesarisingduringperiodnetoftax": 5000000,
        "othercomprehensiveincomelossnetoftaxportionattributabletoparent": -249000000,
        "comprehensiveincomenetoftax": 158000000
    },
    {
        "date": "2014-09-29",
        "symbol": "GLW",
        "period": "Q3",
        "salesrevenuegoodsnet": 2540000000,
        "costofrevenue": 1451000000,
        "grossprofit": 1089000000,
        "sellinggeneralandadministrativeexpense": 256000000,
        "researchdevelopmentandengineeringexpenses": 199000000,
        "amortizationofintangibleassets": 9000000,
        "restructuringsettlementandimpairmentprovisions": 0,
        "asbestossettlementcreditcharge": 5000000,
        "operatingincomeloss": 620000000,
        "incomelossfromequitymethodinvestments": 95000000,
        "investmentincomeinterest": 5000000,
        "interestanddebtexpense": 31000000,
        "othernonoperatingincomeexpense": 720000000,
        "incomebeforeincometaxes": 1409000000,
        "incometaxexpensebenefit": 395000000,
        "netincomeloss": -41000000,
        "earningspersharebasic": 0.7600000000000001,
        "earningspersharediluted": 0.71,
        "commonstockdividendspersharedeclared": 0.09999999999999998,
        "othercomprehensiveincomelossforeigncurrencytransactionandtranslationadjustmentnetoftax": -676000000,
        "othercomprehensiveincomelossavailableforsalesecuritiesadjustmentnetoftax": -3000000,
        "unrealizedpostretirementbenefitplanlossesandpriorservice": 0,
        "othercomprehensiveincomeunrealizedgainlossonderivativesarisingduringperiodnetoftax": 5000000,
        "othercomprehensiveincomelossnetoftaxportionattributabletoparent": -674000000,
        "comprehensiveincomenetoftax": 340000000
    },
    {
        "date": "2014-06-29",
        "symbol": "GLW",
        "period": "Q2",
        "salesrevenuegoodsnet": 2482000000,
        "costofrevenue": 1450000000,
        "grossprofit": 1032000000,
        "sellinggeneralandadministrativeexpense": 318000000,
        "researchdevelopmentandengineeringexpenses": 208000000,
        "amortizationofintangibleassets": 8000000,
        "restructuringsettlementandimpairmentprovisions": 34000000,
        "asbestossettlementcreditcharge": 4000000,
        "operatingincomeloss": 460000000,
        "incomelossfromequitymethodinvestments": 62000000,
        "investmentincomeinterest": 4000000,
        "interestanddebtexpense": 30000000,
        "nonoperatinggainslosses": 0,
        "othernonoperatingincomeexpense": -155000000,
        "incomebeforeincometaxes": 341000000,
        "incometaxexpensebenefit": 172000000,
        "netincomeloss": -59000000,
        "earningspersharebasic": 0.11000000000000001,
        "earningspersharediluted": 0.12,
        "commonstockdividendspersharedeclared": 0.1,
        "othercomprehensiveincomelossforeigncurrencytransactionandtranslationadjustmentnetoftax": 269000000,
        "othercomprehensiveincomelossavailableforsalesecuritiesadjustmentnetoftax": -9000000,
        "unrealizedpostretirementbenefitplanlossesandpriorservice": 6000000,
        "othercomprehensiveincomeunrealizedgainlossonderivativesarisingduringperiodnetoftax": 1000000,
        "othercomprehensiveincomelossnetoftaxportionattributabletoparent": 255000000,
        "comprehensiveincomenetoftax": 424000000
    },
    {
        "date": "2014-03-30",
        "symbol": "GLW",
        "period": "Q1",
        "salesrevenuegoodsnet": 2289000000,
        "costofrevenue": 1354000000,
        "grossprofit": 935000000,
        "sellinggeneralandadministrativeexpense": 395000000,
        "researchdevelopmentandengineeringexpenses": 198000000,
        "amortizationofintangibleassets": 8000000,
        "restructuringsettlementandimpairmentprovisions": 17000000,
        "asbestossettlementcreditcharge": 2000000,
        "operatingincomeloss": 315000000,
        "incomelossfromequitymethodinvestments": 86000000,
        "investmentincomeinterest": 12000000,
        "interestanddebtexpense": 30000000,
        "nonoperatinggainslosses": 74000000,
        "othernonoperatingincomeexpense": 24000000,
        "incomebeforeincometaxes": 481000000,
        "incometaxexpensebenefit": 180000000,
        "netincomeloss": -40000000,
        "earningspersharebasic": 0.21,
        "earningspersharediluted": 0.2,
        "commonstockdividendspersharedeclared": 0.1,
        "othercomprehensiveincomelossforeigncurrencytransactionandtranslationadjustmentnetoftax": -132000000,
        "othercomprehensiveincomelossavailableforsalesecuritiesadjustmentnetoftax": 13000000,
        "unrealizedpostretirementbenefitplanlossesandpriorservice": -9000000,
        "othercomprehensiveincomeunrealizedgainlossonderivativesarisingduringperiodnetoftax": -4000000,
        "othercomprehensiveincomelossnetoftaxportionattributabletoparent": -114000000,
        "comprehensiveincomenetoftax": 187000000
    },
    {
        "date": "2013-09-29",
        "symbol": "GLW",
        "period": "Q3",
        "salesrevenuegoodsnet": 3000000,
        "costofrevenue": 9000000,
        "grossprofit": 13000000,
        "sellinggeneralandadministrativeexpense": -7000000,
        "researchdevelopmentandengineeringexpenses": -4000000,
        "amortizationofintangibleassets": 8000000,
        "asbestossettlementcreditcharge": 5000000,
        "operatingincomeloss": 24000000,
        "incomelossfromequitymethodinvestments": 57000000,
        "investmentincomeinterest": 1000000,
        "interestanddebtexpense": 28000000,
        "othernonoperatingincomeexpense": -1000000,
        "incomebeforeincometaxes": 26000000,
        "incometaxexpensebenefit": 9000000,
        "netincomeloss": 16000000,
        "earningspersharebasic": 0.01,
        "earningspersharediluted": 0.01,
        "commonstockdividendspersharedeclared": 0.1,
        "othercomprehensiveincomelossnetoftax": -17000000,
        "comprehensiveincomenetoftax": 2000000
    },
    {
        "date": "2013-06-29",
        "symbol": "GLW",
        "period": "Q2",
        "salesrevenuegoodsnet": 2000000,
        "costofrevenue": -11000000,
        "grossprofit": 13000000,
        "sellinggeneralandadministrativeexpense": -7000000,
        "researchdevelopmentandengineeringexpenses": -4000000,
        "amortizationofintangibleassets": 8000000,
        "asbestossettlementcreditcharge": 6000000,
        "operatingincomeloss": 24000000,
        "incomelossfromequitymethodinvestments": 45000000,
        "investmentincomeinterest": 2000000,
        "interestanddebtexpense": 28000000,
        "othernonoperatingincomeexpense": 265000000,
        "incomebeforeincometaxes": 29000000,
        "incometaxexpensebenefit": 11000000,
        "netincomeloss": 14000000,
        "earningspersharebasic": 0.01,
        "earningspersharediluted": 0.01,
        "commonstockdividendspersharedeclared": 0.1,
        "othercomprehensiveincomelossnetoftax": 14000000,
        "comprehensiveincomenetoftax": 382000000
    },
    {
        "date": "2013-03-30",
        "symbol": "GLW",
        "period": "Q1",
        "salesrevenuegoodsnet": 470000000,
        "costofrevenue": 8000000,
        "grossprofit": 757000000,
        "sellinggeneralandadministrativeexpense": 266000000,
        "researchdevelopmentandengineeringexpenses": 182000000,
        "amortizationofintangibleassets": 7000000,
        "asbestossettlementcreditcharge": 2000000,
        "operatingincomeloss": 300000000,
        "incomelossfromequitymethodinvestments": 133000000,
        "investmentincomeinterest": 2000000,
        "interestanddebtexpense": 36000000,
        "othernonoperatingincomeexpense": 65000000,
        "incomebeforeincometaxes": 21000000,
        "incometaxexpensebenefit": 7000000,
        "netincomeloss": 14000000,
        "earningspersharebasic": 0.33,
        "earningspersharediluted": 0.32,
        "commonstockdividendspersharedeclared": 0.09,
        "othercomprehensiveincomelossnetoftax": -505000000,
        "comprehensiveincomenetoftax": 4000000
    },
    {
        "date": "2012-09-29",
        "symbol": "GLW",
        "period": "Q3",
        "salesrevenuegoodsnet": 523000000,
        "costofrevenue": 1159000000,
        "grossprofit": 879000000,
        "sellinggeneralandadministrativeexpense": 294000000,
        "researchdevelopmentandengineeringexpenses": 185000000,
        "amortizationofintangibleassets": 4000000,
        "asbestossettlementcreditcharge": 3000000,
        "operatingincomeloss": 393000000,
        "incomelossfromequitymethodinvestments": 186000000,
        "investmentincomeinterest": 3000000,
        "interestanddebtexpense": 33000000,
        "othernonoperatingincomeexpense": 5000000,
        "incomebeforeincometaxes": 608000000,
        "incometaxexpensebenefit": 87000000,
        "netincomeloss": 521000000,
        "earningspersharebasic": 0.35,
        "earningspersharediluted": 0.35,
        "commonstockdividendspersharedeclared": 0.075,
        "othercomprehensiveincomelossnetoftax": 241000000,
        "comprehensiveincomenetoftaxincludingportionattributabletononcontrollinginterest": 762000000
    },
    {
        "date": "2012-06-29",
        "symbol": "GLW",
        "period": "Q2",
        "salesrevenuegoodsnet": 1908000000,
        "costofrevenue": 1111000000,
        "grossprofit": 797000000,
        "sellinggeneralandadministrativeexpense": 291000000,
        "researchdevelopmentandengineeringexpenses": 158000000,
        "amortizationofintangibleassets": 4000000,
        "asbestossettlementcreditcharge": 5000000,
        "operatingincomeloss": 486000000,
        "incomelossfromequitymethodinvestments": 195000000,
        "investmentincomeinterest": 3000000,
        "interestanddebtexpense": 24000000,
        "othernonoperatingincomeexpense": 8000000,
        "incomebeforeincometaxes": 555000000,
        "incometaxexpensebenefit": -122000000,
        "netincomeloss": 462000000,
        "earningspersharebasic": 0.31,
        "earningspersharediluted": 0.3,
        "commonstockdividendspersharedeclared": 0.075,
        "othercomprehensiveincomelossnetoftax": 4000000,
        "comprehensiveincomenetoftaxincludingportionattributabletononcontrollinginterest": 466000000
    },
    {
        "date": "2012-03-30",
        "symbol": "GLW",
        "period": "Q1",
        "salesrevenuegoodsnet": 1920000000,
        "costofrevenue": 1106000000,
        "grossprofit": 814000000,
        "sellinggeneralandadministrativeexpense": 279000000,
        "researchdevelopmentandengineeringexpenses": 158000000,
        "amortizationofintangibleassets": 5000000,
        "asbestossettlementcreditcharge": 1000000,
        "operatingincomeloss": 515000000,
        "incomelossfromequitymethodinvestments": 183000000,
        "investmentincomeinterest": 4000000,
        "interestanddebtexpense": 20000000,
        "othernonoperatingincomeexpense": 29000000,
        "incomebeforeincometaxes": 573000000,
        "incometaxexpensebenefit": -135000000,
        "netincomeloss": 462000000,
        "earningspersharebasic": 0.3,
        "earningspersharediluted": 0.3,
        "commonstockdividendspersharedeclared": 0.075,
        "othercomprehensiveincomelossnetoftaxperiodincreasedecrease": -51000000,
        "comprehensiveincomenetoftaxincludingportionattributabletononcontrollinginterest": 411000000
    },
    {
        "date": "2011-12-30",
        "symbol": "GLW",
        "period": "Q4",
        "salesrevenuegoodsnet": -4327000000,
        "costofrevenue": 1062000000,
        "grossprofit": -1413000000,
        "sellinggeneralandadministrativeexpense": 283000000,
        "researchdevelopmentandengineeringexpenses": 150000000,
        "amortizationofintangibleassets": 4000000,
        "asbestossettlementcreditcharge": 9000000,
        "operatingincomeloss": 1040000000,
        "incomelossfromequitymethodinvestments": 184000000,
        "investmentincomeinterest": 4000000,
        "interestanddebtexpense": 17000000,
        "othernonoperatingincomeexpense": 21000000,
        "incometaxexpensebenefit": -1024000000,
        "netincomeloss": -1503000000,
        "earningspersharebasic": -0.96,
        "earningspersharediluted": -0.94,
        "commonstockdividendspersharedeclared": 0.08
    },
    {
        "date": "2011-09-29",
        "symbol": "GLW",
        "period": "Q3",
        "salesrevenuegoodsnet": 2075000000,
        "costofrevenue": 1097000000,
        "grossprofit": 644000000,
        "sellinggeneralandadministrativeexpense": 216000000,
        "researchdevelopmentandengineeringexpenses": 137000000,
        "amortizationofintangibleassets": 4000000,
        "asbestossettlementcreditcharge": 5000000,
        "operatingincomeloss": 766000000,
        "incomelossfromequitymethodinvestments": 231000000,
        "investmentincomeinterest": 6000000,
        "interestanddebtexpense": 23000000,
        "othernonoperatingincomeexpense": 27000000,
        "incomelossbeforeincometaxes": 921000000,
        "incometaxexpensebenefit": 180000000,
        "netincomeloss": 811000000,
        "earningspersharebasic": 0.52,
        "earningspersharediluted": 0.51,
        "commonstockdividendspersharedeclared": 0.05
    },
    {
        "date": "2011-06-29",
        "symbol": "GLW",
        "period": "Q2",
        "salesrevenuegoodsnet": 2005000000,
        "costofrevenue": 1116000000,
        "grossprofit": 892000000,
        "sellinggeneralandadministrativeexpense": 284000000,
        "researchdevelopmentandengineeringexpenses": 147000000,
        "amortizationofintangibleassets": 4000000,
        "asbestossettlementcreditcharge": 5000000,
        "operatingincomeloss": 424000000,
        "incomelossfromequitymethodinvestments": 328000000,
        "investmentincomeinterest": 5000000,
        "interestanddebtexpense": 22000000,
        "othernonoperatingincomeexpense": 43000000,
        "incomebeforeincometaxes": 878000000,
        "incometaxexpensebenefit": 123000000,
        "netincomeloss": 755000000,
        "earningspersharebasic": 0.48,
        "earningspersharediluted": 0.47,
        "commonstockdividendspersharedeclared": 0.05
    },
    {
        "date": "2011-03-30",
        "symbol": "GLW",
        "period": "Q1",
        "salesrevenuegoodsnet": 1923000000,
        "costofrevenue": 1049000000,
        "grossprofit": 855000000,
        "sellinggeneralandadministrativeexpense": 250000000,
        "researchdevelopmentandengineeringexpenses": 132000000,
        "amortizationofintangibleassets": 3000000,
        "asbestossettlementcreditcharge": 5000000,
        "operatingincomeloss": 460000000,
        "incomelossfromequitymethodinvestments": 307000000,
        "investmentincomeinterest": 4000000,
        "interestanddebtexpense": 27000000,
        "othernonoperatingincomeexpense": 27000000,
        "incomebeforeincometaxes": 862000000,
        "incometaxexpensebenefit": 114000000,
        "netincomeloss": 748000000,
        "earningspersharebasic": 0.48,
        "earningspersharediluted": 0.47,
        "commonstockdividendspersharedeclared": 0.05
    },
    {
        "date": "2010-09-29",
        "symbol": "GLW",
        "period": "Q3",
        "salesrevenuegoodsnet": 1602000000,
        "costofrevenue": 878000000,
        "grossprofit": 1038000000,
        "sellinggeneralandadministrativeexpense": 250000000,
        "researchdevelopmentandengineeringexpenses": 127000000,
        "amortizationofintangibleassets": 2000000,
        "asbestossettlementcreditcharge": 6000000,
        "operatingincomeloss": 319000000,
        "incomelossfromequitymethodinvestments": -551000000,
        "investmentincomeinterest": 3000000,
        "interestanddebtexpense": 29000000,
        "totalotherthantemporaryimpairmentlosses": -2000000,
        "othernonoperatingincomeexpense": 2000000,
        "incomebeforeincometaxes": 799000000,
        "incometaxexpensebenefit": 14000000,
        "netincomeloss": 785000000,
        "earningspersharebasic": 0.5,
        "earningspersharediluted": 0.5,
        "commonstockdividendspersharedeclared": 0.04999999999999999
    },
    {
        "date": "2010-06-29",
        "symbol": "GLW",
        "period": "Q2",
        "salesrevenuegoodsnet": 1712000000,
        "costofrevenue": 885000000,
        "grossprofit": 1122000000,
        "sellinggeneralandadministrativeexpense": 246000000,
        "researchdevelopmentandengineeringexpenses": 102000000,
        "amortizationofintangibleassets": 2000000,
        "restructuringsettlementandimpairmentprovisions": 0,
        "asbestossettlementcreditcharge": 5000000,
        "operatingincomeloss": 430000000,
        "incomelossfromequitymethodinvestments": -244000000,
        "investmentincomeinterest": 2000000,
        "interestanddebtexpense": 26000000,
        "totalotherthantemporaryimpairmentlosses": 1000000,
        "portionofotherthantemporaryimpairmentlossesrecognizedinothercomprehensiveincomebeforetaxes": 0,
        "othernonoperatingincomeexpense": 65000000,
        "incomebeforeincometaxes": 944000000,
        "incometaxexpensebenefit": 31000000,
        "netincomeloss": 913000000,
        "earningspersharebasic": 0.5900000000000001,
        "earningspersharediluted": 0.5700000000000001,
        "commonstockdividendspersharedeclared": 0.05
    },
    {
        "date": "2010-03-30",
        "symbol": "GLW",
        "period": "Q1",
        "salesrevenuegoodsnet": 1553000000,
        "costofrevenue": 822000000,
        "grossprofit": 731000000,
        "sellinggeneralandadministrativeexpense": 235000000,
        "researchdevelopmentandengineeringexpenses": 145000000,
        "amortizationofintangibleassets": 2000000,
        "restructuringsettlementandimpairmentprovisions": -2000000,
        "asbestossettlementcreditcharge": -52000000,
        "operatingincomeloss": 403000000,
        "incomelossfromequitymethodinvestments": 469000000,
        "investmentincomeinterest": 3000000,
        "interestanddebtexpense": 26000000,
        "totalotherthantemporaryimpairmentlosses": 5000000,
        "portionofotherthantemporaryimpairmentlossesrecognizedinothercomprehensiveincomebeforetaxes": -5000000,
        "othernonoperatingincomeexpense": 64000000,
        "incomebeforeincometaxes": 913000000,
        "incometaxexpensebenefit": 97000000,
        "netincomeloss": 816000000,
        "earningspersharebasic": 0.52,
        "earningspersharediluted": 0.52,
        "commonstockdividendspersharedeclared": 0.05
    },
    {
        "date": "2009-09-29",
        "symbol": "GLW",
        "period": "Q3",
        "salesrevenuegoodsnet": 1479000000,
        "costofrevenue": 880000000,
        "grossprofit": 599000000,
        "sellinggeneralandadministrativeexpense": 219000000,
        "researchdevelopmentandengineeringexpenses": 131000000,
        "amortizationofintangibleassets": 3000000,
        "restructuringsettlementandimpairmentprovisions": 10000000,
        "asbestossettlementcreditcharge": 6000000,
        "operatingincomeloss": 230000000,
        "incomelossfromequitymethodinvestments": 418000000,
        "investmentincomeinterest": 4000000,
        "interestanddebtexpense": 24000000,
        "totalotherthantemporaryimpairmentlosses": 11000000,
        "portionofotherthantemporaryimpairmentlossesrecognizedinothercomprehensiveincomebeforetaxes": -10000000,
        "netotherthantemporaryimpairmentlossesrecognizedinearnings": 1000000,
        "othernonoperatingincomeexpense": 48000000,
        "incomebeforeincometaxes": 675000000,
        "incometaxexpensebenefit": 32000000,
        "netincomeloss": 643000000,
        "earningspersharebasic": 0.41,
        "earningspersharediluted": 0.41,
        "commonstockdividendspersharedeclared": 0.05
    }
]