[
    {
        "date": "2024-09-29",
        "symbol": "WEC",
        "period": "Q3",
        "revenues": -12900000,
        "costofgoodsandservicessold": 520800000,
        "othercostandexpenseoperating": 12100000,
        "depreciationdepletionandamortization": 340500000,
        "taxesexcludingincomeandexcisetaxes": 51700000,
        "costsandexpenses": 110100000,
        "operatingincomeloss": 383700000,
        "incomelossfromequitymethodinvestments": 46700000,
        "othernonoperatingincomeexpense": 44000000,
        "interestexpenseother": 204200000,
        "nonoperatingincomeexpense": -36400000,
        "incomelossfromcontinuingoperationsbeforeincometaxesextraordinaryitemsnoncontrollinginterest": -25300000,
        "incometaxexpensebenefit": 31600000,
        "profitloss": 238600000,
        "preferredstockdividendsincomestatementimpact": 300000,
        "netincomelossattributabletononcontrollinginterest": -1800000,
        "netincomelossavailabletocommonstockholdersbasic": 240100000,
        "incomelossfromcontinuingoperationsperbasicshare": 0.76,
        "incomelossfromcontinuingoperationsperdilutedshare": 0.76,
        "weightedaveragenumberofsharesoutstandingbasic": 316200000,
        "weightedaveragenumberofdilutedsharesoutstanding": 316500000,
        "othercomprehensiveincomelosscashflowhedgegainlossreclassificationaftertax": 100000,
        "comprehensiveincomenetoftaxincludingportionattributabletononcontrollinginterest": 238500000,
        "comprehensiveincomenetoftaxattributabletononcontrollinginterest": -1800000,
        "comprehensiveincomenetoftax": 240000000
    },
    {
        "date": "2024-06-29",
        "symbol": "WEC",
        "period": "Q2",
        "revenues": 1772000000,
        "costofgoodsandservicessold": 469700000,
        "othercostandexpenseoperating": 533400000,
        "depreciationdepletionandamortization": 336600000,
        "taxesexcludingincomeandexcisetaxes": 67500000,
        "costsandexpenses": 1407200000,
        "operatingincomeloss": 364800000,
        "incomelossfromequitymethodinvestments": 46800000,
        "othernonoperatingincomeexpense": 40600000,
        "interestexpense": 200600000,
        "nonoperatingincomeexpense": -113200000,
        "incomelossfromcontinuingoperationsbeforeincometaxesextraordinaryitemsnoncontrollinginterest": 251600000,
        "incometaxexpensebenefit": 41600000,
        "profitloss": 210000000,
        "preferredstockdividendsincomestatementimpact": 300000,
        "netincomelossavailabletocommonstockholdersbasic": 211300000,
        "incomelossfromcontinuingoperationsperbasicshare": 0.6700000000000002,
        "incomelossfromcontinuingoperationsperdilutedshare": 0.6700000000000002,
        "weightedaveragenumberofsharesoutstandingbasic": 315800000,
        "weightedaveragenumberofdilutedsharesoutstanding": 316100000,
        "othercomprehensiveincomelosscashflowhedgegainlossreclassificationaftertax": 0,
        "comprehensiveincomenetoftaxincludingportionattributabletononcontrollinginterest": 210000000,
        "comprehensiveincomenetoftax": 211300000
    },
    {
        "date": "2024-03-30",
        "symbol": "WEC",
        "period": "Q1",
        "revenues": 2680200000,
        "costofgoodsandservicessold": 927100000,
        "othercostandexpenseoperating": 530800000,
        "depreciationdepletionandamortization": 333400000,
        "taxesexcludingincomeandexcisetaxes": 75500000,
        "costsandexpenses": 1866800000,
        "operatingincomeloss": 813400000,
        "incomelossfromequitymethodinvestments": 44800000,
        "othernonoperatingincomeexpense": 44100000,
        "interestexpense": 192000000,
        "nonoperatingincomeexpense": -103100000,
        "incomelossfromcontinuingoperationsbeforeincometaxesextraordinaryitemsnoncontrollinginterest": 710300000,
        "incometaxexpensebenefit": 87700000,
        "profitloss": 622600000,
        "preferredstockdividendsincomestatementimpact": 300000,
        "netincomelossavailabletocommonstockholdersbasic": 622300000,
        "incomelossfromcontinuingoperationsperbasicshare": 1.97,
        "incomelossfromcontinuingoperationsperdilutedshare": 1.97,
        "weightedaveragenumberofsharesoutstandingbasic": 315600000,
        "weightedaveragenumberofdilutedsharesoutstanding": 315900000,
        "othercomprehensiveincomelosscashflowhedgegainlossreclassificationaftertax": 100000,
        "comprehensiveincomenetoftaxincludingportionattributabletononcontrollinginterest": 622500000,
        "comprehensiveincomenetoftax": 622200000
    },
    {
        "date": "2023-12-30",
        "symbol": "WEC",
        "period": "Q4",
        "revenues": 7178700000,
        "costofgoodsandservicessold": 761100000,
        "othercostandexpenseoperating": 1589400000,
        "depreciationdepletionandamortization": 981500000,
        "taxesexcludingincomeandexcisetaxes": 57700000,
        "costsandexpenses": 5299000000,
        "operatingincomeloss": 341400000,
        "othernonoperatingincomeexpense": 46800000,
        "interestexpense": 717700000,
        "nonoperatingincomeexpense": -210300000,
        "incomelossfromcontinuingoperationsbeforeincometaxesextraordinaryitemsnoncontrollinginterest": 240100000,
        "incometaxexpensebenefit": 188400000,
        "profitloss": 1074600000,
        "preferredstockdividendsincomestatementimpact": 300000,
        "netincomelossavailabletocommonstockholdersbasic": 1074200000,
        "comprehensiveincomenetoftaxincludingportionattributabletononcontrollinginterest": 217800000,
        "comprehensiveincomenetoftax": 217800000
    },
    {
        "date": "2023-09-29",
        "symbol": "WEC",
        "period": "Q3",
        "revenues": 1957400000,
        "costofgoodsandservicessold": 587400000,
        "othercostandexpenseoperating": 516600000,
        "depreciationdepletionandamortization": 320300000,
        "taxesexcludingincomeandexcisetaxes": 61100000,
        "costsandexpenses": 1485400000,
        "operatingincomeloss": 472000000,
        "incomelossfromequitymethodinvestments": 44700000,
        "othernonoperatingincomeexpense": 41800000,
        "interestexpense": 182500000,
        "nonoperatingincomeexpense": -96000000,
        "incomelossfromcontinuingoperationsbeforeincometaxesextraordinaryitemsnoncontrollinginterest": 376000000,
        "incometaxexpensebenefit": 60400000,
        "profitloss": 315600000,
        "preferredstockdividendsincomestatementimpact": 300000,
        "netincomelossattributabletononcontrollinginterest": -700000,
        "netincomelossavailabletocommonstockholdersbasic": 316000000,
        "incomelossfromcontinuingoperationsperbasicshare": 1,
        "incomelossfromcontinuingoperationsperdilutedshare": 1,
        "weightedaveragenumberofsharesoutstandingbasic": 315400000,
        "weightedaveragenumberofdilutedsharesoutstanding": 315800000,
        "othercomprehensiveincomelosscashflowhedgegainlossreclassificationaftertax": 100000,
        "othercomprehensiveincomelossnetoftax": -100000,
        "comprehensiveincomenetoftaxincludingportionattributabletononcontrollinginterest": 315500000,
        "comprehensiveincomenetoftaxattributabletononcontrollinginterest": -700000,
        "comprehensiveincomenetoftax": 315900000
    },
    {
        "date": "2023-06-29",
        "symbol": "WEC",
        "period": "Q2",
        "revenues": -119000000,
        "costofgoodsandservicessold": 533000000,
        "othercostandexpenseoperating": -3900000,
        "depreciationdepletionandamortization": -19100000,
        "taxesexcludingincomeandexcisetaxes": 61800000,
        "costsandexpenses": 101500000,
        "operatingincomeloss": 425300000,
        "incomelossfromequitymethodinvestments": 43600000,
        "othernonoperatingincomeexpense": 48300000,
        "interestexpense": -88800000,
        "nonoperatingincomeexpense": -32900000.000000007,
        "incomelossfromcontinuingoperationsbeforeincometaxesextraordinaryitemsnoncontrollinginterest": 338500000,
        "incometaxexpensebenefit": -7300000,
        "profitloss": -44700000,
        "preferredstockdividendsincomestatementimpact": 300000,
        "netincomelossattributabletononcontrollinginterest": 0,
        "netincomelossavailabletocommonstockholdersbasic": -44700000,
        "incomelossfromcontinuingoperationsperbasicshare": 0.9199999999999997,
        "incomelossfromcontinuingoperationsperdilutedshare": 0.9099999999999999,
        "weightedaveragenumberofsharesoutstandingbasic": 0,
        "weightedaveragenumberofdilutedsharesoutstanding": 0,
        "othercomprehensiveincomelosscashflowhedgegainlossreclassificationaftertax": 0,
        "othercomprehensiveincomelossnetoftax": 0,
        "comprehensiveincomenetoftaxincludingportionattributabletononcontrollinginterest": 290000000,
        "comprehensiveincomenetoftaxattributabletononcontrollinginterest": 0,
        "comprehensiveincomenetoftax": 289700000
    },
    {
        "date": "2023-03-30",
        "symbol": "WEC",
        "period": "Q1",
        "revenues": -124100000,
        "costofgoodsandservicessold": 1309700000,
        "othercostandexpenseoperating": -1600000,
        "depreciationdepletionandamortization": -18500000,
        "taxesexcludingincomeandexcisetaxes": 69600000,
        "costsandexpenses": 99100000,
        "operatingincomeloss": 669300000,
        "incomelossfromequitymethodinvestments": 43800000,
        "othernonoperatingincomeexpense": 40800000,
        "interestexpense": -84500000,
        "nonoperatingincomeexpense": -32500000,
        "incomelossfromcontinuingoperationsbeforeincometaxesextraordinaryitemsnoncontrollinginterest": 581700000,
        "incometaxexpensebenefit": -36900000,
        "profitloss": -13800000,
        "preferredstockdividendsincomestatementimpact": 300000,
        "netincomelossattributabletononcontrollinginterest": -200000,
        "netincomelossavailabletocommonstockholdersbasic": -13800000,
        "incomelossfromcontinuingoperationsperbasicshare": 1.61,
        "incomelossfromcontinuingoperationsperdilutedshare": 1.61,
        "weightedaveragenumberofsharesoutstandingbasic": 315400000,
        "weightedaveragenumberofdilutedsharesoutstanding": 315900000,
        "othercomprehensiveincomelosscashflowhedgegainlossreclassificationaftertax": 100000,
        "othercomprehensiveincomelossnetoftax": -100000,
        "comprehensiveincomenetoftaxincludingportionattributabletononcontrollinginterest": 507500000,
        "comprehensiveincomenetoftaxattributabletononcontrollinginterest": -200000,
        "comprehensiveincomenetoftax": 507400000
    },
    {
        "date": "2022-12-30",
        "symbol": "WEC",
        "period": "Q4",
        "revenues": -117300000,
        "costofgoodsandservicessold": 1235400000,
        "othercostandexpenseoperating": -2000000,
        "depreciationdepletionandamortization": -17700000,
        "taxesexcludingincomeandexcisetaxes": 77700000,
        "costsandexpenses": 93100000,
        "operatingincomeloss": 380400000,
        "othernonoperatingincomeexpense": -91700000,
        "interestexpense": 361700000,
        "nonoperatingincomeexpense": -31700000,
        "incomelossfromcontinuingoperationsbeforeincometaxesextraordinaryitemsnoncontrollinginterest": -54000000,
        "incometaxexpensebenefit": 4300000,
        "profitloss": -37900000,
        "preferredstockdividendsincomestatementimpact": 300000,
        "netincomelossavailabletocommonstockholdersbasic": 1441000000,
        "comprehensiveincomenetoftaxincludingportionattributabletononcontrollinginterest": 248600000,
        "comprehensiveincomenetoftax": 249100000
    },
    {
        "date": "2022-09-29",
        "symbol": "WEC",
        "period": "Q3",
        "revenues": -113300000,
        "costofgoodsandservicessold": 805100000,
        "othercostandexpenseoperating": -1600000,
        "depreciationdepletionandamortization": -17300000,
        "taxesexcludingincomeandexcisetaxes": 59100000,
        "costsandexpenses": 97700000,
        "operatingincomeloss": 404200000,
        "incomelossfromequitymethodinvestments": 63700000,
        "othernonoperatingincomeexpense": 34700000,
        "interestexpense": -83900000,
        "nonoperatingincomeexpense": -34500000,
        "incomelossfromcontinuingoperationsbeforeincometaxesextraordinaryitemsnoncontrollinginterest": 375100000,
        "incometaxexpensebenefit": -10200000,
        "profitloss": -17200000,
        "preferredstockdividendsincomestatementimpact": 300000,
        "netincomelossavailabletocommonstockholdersbasic": -17200000,
        "incomelossfromcontinuingoperationsperbasicshare": 0.9500000000000002,
        "incomelossfromcontinuingoperationsperdilutedshare": 0.9499999999999997,
        "comprehensiveincomenetoftaxincludingportionattributabletononcontrollinginterest": 301700000,
        "comprehensiveincomenetoftax": 302000000
    },
    {
        "date": "2022-06-29",
        "symbol": "WEC",
        "period": "Q2",
        "revenues": -115500000,
        "costofgoodsandservicessold": 935000000,
        "othercostandexpenseoperating": -3900000,
        "depreciationdepletionandamortization": -16800000,
        "taxesexcludingincomeandexcisetaxes": 56100000,
        "costsandexpenses": 95200000,
        "operatingincomeloss": 408200000,
        "incomelossfromequitymethodinvestments": 43000000,
        "othernonoperatingincomeexpense": 19800000,
        "interestexpense": -83800000,
        "nonoperatingincomeexpense": -28800000,
        "incomelossfromcontinuingoperationsbeforeincometaxesextraordinaryitemsnoncontrollinginterest": 351200000,
        "incometaxexpensebenefit": -10000000,
        "profitloss": -29300000,
        "preferredstockdividendsincomestatementimpact": 300000,
        "netincomelossattributabletononcontrollinginterest": 0,
        "netincomelossavailabletocommonstockholdersbasic": -29300000,
        "incomelossfromcontinuingoperationsperbasicshare": 0.9199999999999999,
        "incomelossfromcontinuingoperationsperdilutedshare": 0.9100000000000001,
        "weightedaveragenumberofsharesoutstandingbasic": 0,
        "weightedaveragenumberofdilutedsharesoutstanding": 0,
        "othercomprehensiveincomelosscashflowhedgegainlossreclassificationaftertax": 0,
        "othercomprehensiveincomelossamortizationadjustmentfromaocipensionandotherpostretirementbenefitplansfornetpriorservicecostcreditnetoftax": 0,
        "comprehensiveincomenetoftaxincludingportionattributabletononcontrollinginterest": 287800000,
        "comprehensiveincomenetoftaxattributabletononcontrollinginterest": 0,
        "comprehensiveincomenetoftax": 287500000
    },
    {
        "date": "2022-03-30",
        "symbol": "WEC",
        "period": "Q1",
        "revenues": -116900000,
        "costofgoodsandservicessold": 1383400000,
        "othercostandexpenseoperating": -1600000,
        "depreciationdepletionandamortization": -16300000,
        "taxesexcludingincomeandexcisetaxes": 60800000,
        "costsandexpenses": 95500000,
        "operatingincomeloss": 731400000,
        "incomelossfromequitymethodinvestments": 41700000,
        "othernonoperatingincomeexpense": 39600000,
        "interestexpense": -84400000,
        "nonoperatingincomeexpense": -28000000,
        "incomelossfromcontinuingoperationsbeforeincometaxesextraordinaryitemsnoncontrollinginterest": 695100000,
        "incometaxexpensebenefit": -24800000,
        "profitloss": 13600000,
        "preferredstockdividendsincomestatementimpact": 300000,
        "netincomelossattributabletononcontrollinginterest": 1800000,
        "netincomelossavailabletocommonstockholdersbasic": 13600000,
        "incomelossfromcontinuingoperationsperbasicshare": 1.79,
        "incomelossfromcontinuingoperationsperdilutedshare": 1.79,
        "weightedaveragenumberofsharesoutstandingbasic": 315400000,
        "weightedaveragenumberofdilutedsharesoutstanding": 316200000,
        "othercomprehensiveincomelosscashflowhedgegainlossreclassificationaftertax": 100000,
        "othercomprehensiveincomelosscashflowhedgegainlossafterreclassificationandtax": -100000,
        "othercomprehensiveincomelossamortizationadjustmentfromaocipensionandotherpostretirementbenefitplansfornetpriorservicecostcreditnetoftax": 100000,
        "comprehensiveincomenetoftaxincludingportionattributabletononcontrollinginterest": 568000000,
        "comprehensiveincomenetoftaxattributabletononcontrollinginterest": 1800000,
        "comprehensiveincomenetoftax": 565900000
    },
    {
        "date": "2021-12-30",
        "symbol": "WEC",
        "period": "Q4",
        "revenues": -114800000,
        "costofgoodsandservicessold": 958800000,
        "othercostandexpenseoperating": -2100000,
        "depreciationdepletionandamortization": -15700000,
        "taxesexcludingincomeandexcisetaxes": 53100000,
        "costsandexpenses": 97400000,
        "operatingincomeloss": 326800000,
        "incomelossfromequitymethodinvestments": 1240800000,
        "othernonoperatingincomeexpense": -96000000,
        "interestexpense": 326200000,
        "nonoperatingincomeexpense": -28700000,
        "incomelossfromcontinuingoperationsbeforeincometaxesextraordinaryitemsnoncontrollinginterest": 8900000,
        "incometaxexpensebenefit": -4600000,
        "profitloss": -39600000,
        "preferredstockdividendsincomestatementimpact": 300000,
        "netincomelossattributabletononcontrollinginterest": -700000,
        "netincomelossavailabletocommonstockholdersbasic": 1311200000,
        "weightedaveragenumberofsharesoutstandingbasic": -630800000,
        "weightedaveragenumberofdilutedsharesoutstanding": -632500000,
        "othercomprehensiveincomelossamortizationadjustmentfromaocipensionandotherpostretirementbenefitplansfornetpriorservicecostcreditnetoftax": 0,
        "othercomprehensiveincomelossnetoftax": 400000,
        "comprehensiveincomenetoftaxincludingportionattributabletononcontrollinginterest": 224200000,
        "comprehensiveincomenetoftaxattributabletononcontrollinginterest": -700000,
        "comprehensiveincomenetoftax": 224600000
    },
    {
        "date": "2021-09-29",
        "symbol": "WEC",
        "period": "Q3",
        "revenues": -110800000,
        "costofgoodsandservicessold": 560700000,
        "othercostandexpenseoperating": -1600000,
        "depreciationdepletionandamortization": -15300000,
        "taxesexcludingincomeandexcisetaxes": 50500000,
        "costsandexpenses": 91300000,
        "operatingincomeloss": 390000000,
        "incomelossfromequitymethodinvestments": 42300000,
        "othernonoperatingincomeexpense": 25200000,
        "interestexpense": -85100000,
        "nonoperatingincomeexpense": -28600000,
        "incomelossfromcontinuingoperationsbeforeincometaxesextraordinaryitemsnoncontrollinginterest": 339500000,
        "incometaxexpensebenefit": -3500000,
        "profitloss": -16100000.000000002,
        "preferredstockdividendsincomestatementimpact": 300000,
        "netincomelossattributabletononcontrollinginterest": -1600000,
        "netincomelossavailabletocommonstockholdersbasic": -16100000.000000002,
        "incomelossfromcontinuingoperationsperbasicshare": 0.92,
        "incomelossfromcontinuingoperationsperdilutedshare": 0.92,
        "weightedaveragenumberofsharesoutstandingbasic": 315400000,
        "weightedaveragenumberofdilutedsharesoutstanding": 316300000,
        "othercomprehensiveincomelosscashflowhedgegainlossreclassificationaftertax": -900000,
        "othercomprehensiveincomelosscashflowhedgegainlossafterreclassificationandtax": 900000,
        "othercomprehensiveincomelossamortizationadjustmentfromaocipensionandotherpostretirementbenefitplansfornetpriorservicecostcreditnetoftax": 100000,
        "othercomprehensiveincomelossnetoftax": 1000000,
        "comprehensiveincomenetoftaxincludingportionattributabletononcontrollinginterest": 289700000,
        "comprehensiveincomenetoftaxattributabletononcontrollinginterest": -1600000,
        "comprehensiveincomenetoftax": 291000000,
        "othercomprehensiveincomelosscashflowhedgegainlossreclassificationtax": 500000
    },
    {
        "date": "2021-06-29",
        "symbol": "WEC",
        "period": "Q2",
        "revenues": 1676200000,
        "costofgoodsandservicessold": 525900000,
        "othercostandexpenseoperating": 463800000,
        "depreciationdepletionandamortization": 266200000,
        "taxesexcludingincomeandexcisetaxes": 51500000,
        "costsandexpenses": 1307400000,
        "operatingincomeloss": 368800000,
        "incomelossfromequitymethodinvestments": 41300000,
        "othernonoperatingincomeexpense": 39700000,
        "interestexpense": 120000000,
        "nonoperatingincomeexpense": -39000000,
        "incomelossfromcontinuingoperationsbeforeincometaxesextraordinaryitemsnoncontrollinginterest": 329800000,
        "incometaxexpensebenefit": 54100000,
        "profitloss": 275700000,
        "preferredstockdividendsincomestatementimpact": 300000,
        "netincomelossattributabletononcontrollinginterest": -600000,
        "netincomelossavailabletocommonstockholdersbasic": 276000000,
        "incomelossfromcontinuingoperationsperbasicshare": 0.88,
        "incomelossfromcontinuingoperationsperdilutedshare": 0.87,
        "weightedaveragenumberofsharesoutstandingbasic": 315400000,
        "weightedaveragenumberofdilutedsharesoutstanding": 316300000,
        "othercomprehensiveincomelossreclassificationadjustmentfromaocionderivativesnetoftax": -1000000,
        "othercomprehensiveincomelossderivativesqualifyingashedgesnetoftax": 1000000,
        "othercomprehensiveincomelossamortizationadjustmentfromaocipensionandotherpostretirementbenefitplansfornetpriorservicecostcreditnetoftax": 100000,
        "othercomprehensiveincomelossnetoftax": 1100000,
        "comprehensiveincomenetoftaxincludingportionattributabletononcontrollinginterest": 276800000,
        "comprehensiveincomenetoftaxattributabletononcontrollinginterest": -600000,
        "comprehensiveincomenetoftax": 277100000
    },
    {
        "date": "2021-03-30",
        "symbol": "WEC",
        "period": "Q1",
        "revenues": 2691400000,
        "costofgoodsandservicessold": 1265600000,
        "othercostandexpenseoperating": 479900000,
        "depreciationdepletionandamortization": 261400000,
        "taxesexcludingincomeandexcisetaxes": 55200000,
        "costsandexpenses": 2062100000,
        "operatingincomeloss": 629300000,
        "incomelossfromequitymethodinvestments": 42600000,
        "othernonoperatingincomeexpense": 32800000,
        "interestexpense": 119500000,
        "nonoperatingincomeexpense": -44100000,
        "incomelossfromcontinuingoperationsbeforeincometaxesextraordinaryitemsnoncontrollinginterest": 585200000,
        "incometaxexpensebenefit": 74900000,
        "profitloss": 510300000,
        "preferredstockdividendsincomestatementimpact": 300000,
        "netincomelossattributabletononcontrollinginterest": -100000,
        "netincomelossavailabletocommonstockholdersbasic": 510100000,
        "incomelossfromcontinuingoperationsperbasicshare": 1.62,
        "incomelossfromcontinuingoperationsperdilutedshare": 1.61,
        "weightedaveragenumberofsharesoutstandingbasic": 315400000,
        "weightedaveragenumberofdilutedsharesoutstanding": 316200000,
        "othercomprehensiveincomelossreclassificationadjustmentfromaocionderivativesnetoftax": -1000000,
        "othercomprehensiveincomelossderivativesqualifyingashedgesnetoftax": 1000000,
        "othercomprehensiveincomelossamortizationadjustmentfromaocipensionandotherpostretirementbenefitplansfornetpriorservicecostcreditnetoftax": 100000,
        "othercomprehensiveincomelossnetoftax": 1100000,
        "comprehensiveincomenetoftaxincludingportionattributabletononcontrollinginterest": 511400000,
        "comprehensiveincomenetoftaxattributabletononcontrollinginterest": -100000,
        "comprehensiveincomenetoftax": 511200000
    },
    {
        "date": "2020-12-30",
        "symbol": "WEC",
        "period": "Q4",
        "revenues": 1933400000,
        "costofgoodsandservicessold": 657500000,
        "othercostandexpenseoperating": 604700000,
        "depreciationdepletionandamortization": 249300000,
        "taxesexcludingincomeandexcisetaxes": 51400000,
        "costsandexpenses": 1562900000,
        "operatingincomeloss": 370500000,
        "incomelossfromequitymethodinvestments": 43000000,
        "othernonoperatingincomeexpense": 19600000,
        "interestexpense": 117900000,
        "nonoperatingincomeexpense": -93700000,
        "incomelossfromcontinuingoperationsbeforeincometaxesextraordinaryitemsnoncontrollinginterest": 276800000,
        "incometaxexpensebenefit": 37200000,
        "profitloss": 239600000,
        "preferredstockdividendsincomestatementimpact": 300000,
        "netincomelossavailabletocommonstockholdersbasic": 239000000,
        "weightedaveragenumberofsharesoutstandingbasic": 0,
        "weightedaveragenumberofdilutedsharesoutstanding": -100000,
        "othercomprehensiveincomelossreclassificationadjustmentfromaocionderivativesnetoftax": -100000,
        "othercomprehensiveincomelossderivativesqualifyingashedgesnetoftax": 0,
        "othercomprehensiveincomelossnetoftax": -400000,
        "comprehensiveincomenetoftaxincludingportionattributabletononcontrollinginterest": 239200000,
        "comprehensiveincomenetoftax": 238600000
    },
    {
        "date": "2020-09-29",
        "symbol": "WEC",
        "period": "Q3",
        "revenues": 1651000000,
        "costofgoodsandservicessold": 482800000,
        "othercostandexpenseoperating": 498700000,
        "depreciationdepletionandamortization": 245000000,
        "taxesexcludingincomeandexcisetaxes": 54300000,
        "costsandexpenses": 1280800000,
        "operatingincomeloss": 370200000,
        "incomelossfromequitymethodinvestments": 40100000,
        "othernonoperatingincomeexpense": 25700000,
        "interestexpense": 122000000,
        "nonoperatingincomeexpense": -56200000,
        "incomelossfromcontinuingoperationsbeforeincometaxesextraordinaryitemsnoncontrollinginterest": 314000000,
        "incometaxexpensebenefit": 46900000,
        "profitloss": 267100000,
        "preferredstockdividendsincomestatementimpact": 300000,
        "netincomelossavailabletocommonstockholdersbasic": 266800000,
        "incomelossfromcontinuingoperationsperbasicshare": 0.8499999999999999,
        "incomelossfromcontinuingoperationsperdilutedshare": 0.8500000000000003,
        "weightedaveragenumberofsharesoutstandingbasic": -315400000,
        "weightedaveragenumberofdilutedsharesoutstanding": -316600000,
        "othercomprehensiveincomeunrealizedgainlossonderivativesarisingduringperiodnetoftax": 0,
        "othercomprehensiveincomelossreclassificationadjustmentfromaocionderivativesnetoftax": -900000,
        "othercomprehensiveincomelossderivativesqualifyingashedgesnetoftax": 900000,
        "othercomprehensiveincomelossamortizationadjustmentfromaocipensionandotherpostretirementbenefitplansfornetpriorservicecostcreditnetoftax": 0,
        "othercomprehensiveincomelossnetoftax": 900000,
        "comprehensiveincomenetoftaxincludingportionattributabletononcontrollinginterest": 268000000,
        "comprehensiveincomenetoftax": 267700000,
        "othercomprehensiveincomeunrealizedgainlossonderivativesarisingduringperiodtax": 0
    },
    {
        "date": "2020-06-29",
        "symbol": "WEC",
        "period": "Q2",
        "revenues": 1548700000,
        "costofgoodsandservicessold": 444500000,
        "othercostandexpenseoperating": 473100000,
        "depreciationdepletionandamortization": 242500000,
        "taxesexcludingincomeandexcisetaxes": 49800000,
        "costsandexpenses": 1209900000,
        "operatingincomeloss": 338800000,
        "incomelossfromequitymethodinvestments": 52900000,
        "othernonoperatingincomeexpense": 28600000,
        "interestexpense": 124400000,
        "nonoperatingincomeexpense": -42900000,
        "incomelossfromcontinuingoperationsbeforeincometaxesextraordinaryitemsnoncontrollinginterest": 295900000,
        "incometaxexpensebenefit": 53800000,
        "profitloss": 242100000,
        "preferredstockdividendsincomestatementimpact": 300000,
        "netincomelossattributabletononcontrollinginterest": 200000,
        "netincomelossavailabletocommonstockholdersbasic": 241600000,
        "incomelossfromcontinuingoperationsperbasicshare": 0.77,
        "incomelossfromcontinuingoperationsperdilutedshare": 0.76,
        "weightedaveragenumberofsharesoutstandingbasic": 315400000,
        "weightedaveragenumberofdilutedsharesoutstanding": 316500000,
        "othercomprehensiveincomeunrealizedgainlossonderivativesarisingduringperiodnetoftax": -800000,
        "othercomprehensiveincomelossreclassificationadjustmentfromaocionderivativesnetoftax": -400000,
        "othercomprehensiveincomelossderivativesqualifyingashedgesnetoftax": -400000,
        "othercomprehensiveincomelossamortizationadjustmentfromaocipensionandotherpostretirementbenefitplansfornetpriorservicecostcreditnetoftax": 200000,
        "othercomprehensiveincomelossnetoftax": -200000,
        "comprehensiveincomenetoftaxincludingportionattributabletononcontrollinginterest": 241900000,
        "comprehensiveincomenetoftaxattributabletononcontrollinginterest": 200000,
        "comprehensiveincomenetoftax": 241400000,
        "othercomprehensiveincomeunrealizedgainlossonderivativesarisingduringperiodtax": 300000
    },
    {
        "date": "2020-03-30",
        "symbol": "WEC",
        "period": "Q1",
        "revenues": 2108600000,
        "costofgoodsandservicessold": 734700000,
        "othercostandexpenseoperating": 455700000,
        "depreciationdepletionandamortization": 239100000,
        "taxesexcludingincomeandexcisetaxes": 52500000,
        "costsandexpenses": 1482000000,
        "operatingincomeloss": 626600000,
        "incomelossfromequitymethodinvestments": 39800000,
        "othernonoperatingincomeexpense": 5600000,
        "interestexpense": 129400000,
        "nonoperatingincomeexpense": -84000000,
        "incomelossfromcontinuingoperationsbeforeincometaxesextraordinaryitemsnoncontrollinginterest": 542600000,
        "incometaxexpensebenefit": 90000000,
        "profitloss": 452600000,
        "preferredstockdividendsincomestatementimpact": 300000,
        "netincomelossattributabletononcontrollinginterest": -200000,
        "netincomelossavailabletocommonstockholdersbasic": 452500000,
        "incomelossfromcontinuingoperationsperbasicshare": 1.43,
        "incomelossfromcontinuingoperationsperdilutedshare": 1.43,
        "weightedaveragenumberofsharesoutstandingbasic": 315400000,
        "weightedaveragenumberofdilutedsharesoutstanding": 316700000,
        "othercomprehensiveincomeunrealizedgainlossonderivativesarisingduringperiodnetoftax": -3400000,
        "othercomprehensiveincomelossreclassificationadjustmentfromaocionderivativesnetoftax": -100000,
        "othercomprehensiveincomelossderivativesqualifyingashedgesnetoftax": -3300000,
        "othercomprehensiveincomelossamortizationadjustmentfromaocipensionandotherpostretirementbenefitplansfornetpriorservicecostcreditnetoftax": 300000,
        "othercomprehensiveincomelossnetoftax": -3000000,
        "comprehensiveincomenetoftaxincludingportionattributabletononcontrollinginterest": 449600000,
        "comprehensiveincomenetoftaxattributabletononcontrollinginterest": -200000,
        "comprehensiveincomenetoftax": 449500000,
        "othercomprehensiveincomeunrealizedgainlossonderivativesarisingduringperiodtax": 1300000
    },
    {
        "date": "2019-12-30",
        "symbol": "WEC",
        "period": "Q4",
        "revenues": 1947500000,
        "costofgoodsandservicessold": 693000000,
        "othercostandexpenseoperating": 601400000,
        "depreciationdepletionandamortization": 236200000,
        "taxesexcludingincomeandexcisetaxes": 53800000,
        "operatingincomeloss": 363100000,
        "incomelossfromequitymethodinvestments": 15900000,
        "othernonoperatingincomeexpense": 25900000,
        "interestexpense": 127200000,
        "nonoperatingincomeexpense": -85400000,
        "incomelossfromcontinuingoperationsbeforeincometaxesextraordinaryitemsnoncontrollinginterest": 277700000,
        "incometaxexpensebenefit": 33500000,
        "dividendspreferredstockcash": 300000,
        "netincomelossavailabletocommonstockholdersbasic": 243900000,
        "othercomprehensiveincomeunrealizedgainlossonderivativesarisingduringperiodnetoftax": 300000,
        "othercomprehensiveincomelossreclassificationadjustmentfromaocionderivativesnetoftax": 0,
        "othercomprehensiveincomelossderivativesqualifyingashedgesnetoftax": 300000,
        "othercomprehensiveincomelossnetoftax": 3000000,
        "comprehensiveincomenetoftaxincludingportionattributabletononcontrollinginterest": 247200000,
        "comprehensiveincomenetoftax": 246900000
    },
    {
        "date": "2019-09-29",
        "symbol": "WEC",
        "period": "Q3",
        "revenues": 1608000000,
        "costofgoodsandservicessold": 484300000,
        "othercostandexpenseoperating": 529200000,
        "depreciationdepletionandamortization": 233800000,
        "taxesexcludingincomeandexcisetaxes": 49800000,
        "operatingincomeloss": 310900000,
        "incomelossfromequitymethodinvestments": 38700000,
        "othernonoperatingincomeexpense": 21800000,
        "interestexpense": 125800000,
        "nonoperatingincomeexpense": -65300000,
        "incomelossfromcontinuingoperationsbeforeincometaxesextraordinaryitemsnoncontrollinginterest": 245600000,
        "incometaxexpensebenefit": 11300000,
        "incomelossfromcontinuingoperationsincludingportionattributabletononcontrollinginterest": 234300000,
        "dividendspreferredstockcash": 300000,
        "netincomelossavailabletocommonstockholdersbasic": 234300000,
        "incomelossfromcontinuingoperationsperbasicshare": 0.7399999999999998,
        "incomelossfromcontinuingoperationsperdilutedshare": 0.7400000000000002,
        "weightedaveragenumberofsharesoutstandingbasic": 0,
        "othercomprehensiveincomeunrealizedgainlossonderivativesarisingduringperiodnetoftax": -300000,
        "othercomprehensiveincomelossreclassificationadjustmentfromaocionderivativesnetoftax": 200000,
        "othercomprehensiveincomelossderivativesqualifyingashedgesnetoftax": -500000,
        "othercomprehensiveincomelossnetoftax": -500000,
        "comprehensiveincomenetoftaxincludingportionattributabletononcontrollinginterest": 233800000,
        "comprehensiveincomenetoftax": 233800000
    },
    {
        "date": "2019-06-29",
        "symbol": "WEC",
        "period": "Q2",
        "revenues": 3966700000,
        "costofgoodsandservicessold": 491900000,
        "othercostandexpenseoperating": 503600000,
        "depreciationdepletionandamortization": 229900000,
        "taxesexcludingincomeandexcisetaxes": 50200000,
        "operatingincomeloss": 314600000,
        "incomelossfromequitymethodinvestments": 36500000,
        "othernonoperatingincomeexpense": 23600000,
        "interestexpense": 124100000,
        "nonoperatingincomeexpense": -63600000,
        "incomelossfromcontinuingoperationsbeforeincometaxesextraordinaryitemsnoncontrollinginterest": 251000000,
        "incometaxexpensebenefit": 15200000,
        "incomelossfromcontinuingoperationsincludingportionattributabletononcontrollinginterest": 235800000,
        "dividendspreferredstockcash": 300000,
        "netincomelossavailabletocommonstockholdersbasic": 235700000,
        "incomelossfromcontinuingoperationsperbasicshare": 0.75,
        "incomelossfromcontinuingoperationsperdilutedshare": 0.7399999999999998,
        "weightedaveragenumberofsharesoutstandingbasic": -100000,
        "weightedaveragenumberofdilutedsharesoutstanding": 0,
        "othercomprehensiveincomeunrealizedgainlossonderivativesarisingduringperiodnetoftax": -2300000,
        "othercomprehensiveincomelossreclassificationadjustmentfromaocionderivativesnetoftax": 300000,
        "othercomprehensiveincomelossderivativesqualifyingashedgesnetoftax": -2600000,
        "othercomprehensiveincomelossamortizationadjustmentfromaocipensionandotherpostretirementbenefitplansfornetpriorservicecostcreditnetoftax": 0,
        "othercomprehensiveincomelossnetoftax": -2600000,
        "comprehensiveincomenetoftaxincludingportionattributabletononcontrollinginterest": 233200000,
        "comprehensiveincomenetoftax": 233100000
    },
    {
        "date": "2019-03-30",
        "symbol": "WEC",
        "period": "Q1",
        "revenues": 900000,
        "costofgoodsandservicessold": 1009600000,
        "othercostandexpenseoperating": 550600000,
        "depreciationdepletionandamortization": 226400000,
        "taxesexcludingincomeandexcisetaxes": 48000000,
        "utilitiesoperatingexpense": 1834600000,
        "operatingincomeloss": 542800000,
        "incomelossfromequitymethodinvestments": 36500000,
        "othernonoperatingincomeexpense": 30900000,
        "interestexpense": 124400000,
        "nonoperatingincomeexpense": -57400000,
        "incomelossfromcontinuingoperationsbeforeincometaxesextraordinaryitemsnoncontrollinginterest": 485400000,
        "incometaxexpensebenefit": 65000000,
        "incomelossfromcontinuingoperationsincludingportionattributabletononcontrollinginterest": 420400000,
        "dividendspreferredstockcash": 300000,
        "netincomelossavailabletocommonstockholdersbasic": 420100000,
        "incomelossfromcontinuingoperationsperbasicshare": 1.33,
        "incomelossfromcontinuingoperationsperdilutedshare": 1.33,
        "weightedaveragenumberofsharesoutstandingbasic": 315500000,
        "weightedaveragenumberofdilutedsharesoutstanding": 316700000,
        "othercomprehensiveincomeunrealizedgainlossonderivativesarisingduringperiodnetoftax": -1200000,
        "othercomprehensiveincomelossreclassificationadjustmentfromaocionderivativesnetoftax": 300000,
        "othercomprehensiveincomelossderivativesqualifyingashedgesnetoftax": -1500000,
        "othercomprehensiveincomelossamortizationadjustmentfromaocipensionandotherpostretirementbenefitplansfornetpriorservicecostcreditnetoftax": 100000,
        "othercomprehensiveincomelossnetoftax": -1400000,
        "comprehensiveincomenetoftaxincludingportionattributabletononcontrollinginterest": 419000000,
        "comprehensiveincomenetoftax": 418700000
    },
    {
        "date": "2018-09-29",
        "symbol": "WEC",
        "period": "Q3",
        "revenues": 500000,
        "costofgoodsandservicessold": 524100000,
        "othercostandexpenseoperating": 3000000,
        "depreciationdepletionandamortization": 19100000,
        "taxesexcludingincomeandexcisetaxes": 51000000,
        "utilitiesoperatingexpense": 1341000000,
        "operatingincomeloss": 91600000,
        "incomelossfromequitymethodinvestments": 33700000,
        "othernonoperatingincomeexpense": 26100000,
        "interestexpense": 15900000,
        "nonoperatingincomeexpense": -52200000,
        "incomelossfromcontinuingoperationsbeforeincometaxesextraordinaryitemsnoncontrollinginterest": 250500000,
        "incometaxexpensebenefit": 17000000,
        "dividendspreferredstockcash": 300000,
        "netincomelossavailabletocommonstockholdersbasic": 233200000,
        "incomelossfromcontinuingoperationsperbasicshare": 0.74,
        "incomelossfromcontinuingoperationsperdilutedshare": 0.7400000000000002,
        "weightedaveragenumberofsharesoutstandingbasic": -315500000,
        "weightedaveragenumberofdilutedsharesoutstanding": -316900000,
        "commonstockdividendspersharedeclared": 0.5525,
        "othercomprehensiveincomelossreclassificationadjustmentfromaocionderivativesnetoftax": 400000,
        "othercomprehensiveincomelossamortizationadjustmentfromaocipensionandotherpostretirementbenefitplansfornetpriorservicecostcreditnetoftax": 0,
        "othercomprehensiveincomelossnetoftax": -100000,
        "comprehensiveincomenetoftaxincludingportionattributabletononcontrollinginterest": 233400000,
        "comprehensiveincomenetoftax": 233100000
    },
    {
        "date": "2018-06-29",
        "symbol": "WEC",
        "period": "Q2",
        "revenues": 2000000,
        "costofgoodsandservicessold": 547700000,
        "othercostandexpenseoperating": 4500000,
        "depreciationdepletionandamortization": 18300000,
        "taxesexcludingincomeandexcisetaxes": 49600000,
        "utilitiesoperatingexpense": 1341700000,
        "operatingincomeloss": 92400000,
        "incomelossfromequitymethodinvestments": 28700000,
        "othernonoperatingincomeexpense": 31400000,
        "interestexpense": 16000000,
        "nonoperatingincomeexpense": -48400000,
        "incomelossfromcontinuingoperationsbeforeincometaxesextraordinaryitemsnoncontrollinginterest": 282400000,
        "incometaxexpensebenefit": 51100000,
        "incomelossfromcontinuingoperations": 231300000,
        "dividendspreferredstockcash": 300000,
        "netincomelossavailabletocommonstockholdersbasic": 231000000,
        "incomelossfromcontinuingoperationsperbasicshare": 0.73,
        "incomelossfromcontinuingoperationsperdilutedshare": 0.73,
        "weightedaveragenumberofsharesoutstandingbasic": 315500000,
        "weightedaveragenumberofdilutedsharesoutstanding": 316900000,
        "commonstockdividendspersharedeclared": 0.5525,
        "othercomprehensiveincomelossreclassificationadjustmentfromaocionderivativesnetoftax": 400000,
        "othercomprehensiveincomelossamortizationadjustmentfromaocipensionandotherpostretirementbenefitplansfornetpriorservicecostcreditnetoftax": -1700000,
        "othercomprehensiveincomelossnetoftax": -2100000,
        "comprehensiveincomenetoftaxincludingportionattributabletononcontrollinginterest": 229200000,
        "comprehensiveincomenetoftax": 228900000
    },
    {
        "date": "2018-03-30",
        "symbol": "WEC",
        "period": "Q1",
        "revenues": 1200000,
        "costofgoodsandservicessold": 972100000,
        "othercostandexpenseoperating": 1700000,
        "depreciationdepletionandamortization": 18300000,
        "taxesexcludingincomeandexcisetaxes": 48800000,
        "utilitiesoperatingexpense": 1741400000,
        "operatingincomeloss": 93000000,
        "incomelossfromequitymethodinvestments": 32800000,
        "othernonoperatingincomeexpense": 7500000,
        "interestexpense": 16100000,
        "nonoperatingincomeexpense": -66400000,
        "incomelossfromcontinuingoperationsbeforeincometaxesextraordinaryitemsnoncontrollinginterest": 478700000,
        "incometaxexpensebenefit": 88300000,
        "incomelossfromcontinuingoperations": 390400000,
        "dividendspreferredstockcash": 300000,
        "netincomelossavailabletocommonstockholdersbasic": 390100000,
        "incomelossfromcontinuingoperationsperbasicshare": 1.24,
        "incomelossfromcontinuingoperationsperdilutedshare": 1.23,
        "weightedaveragenumberofsharesoutstandingbasic": 315500000,
        "weightedaveragenumberofdilutedsharesoutstanding": 316900000,
        "commonstockdividendspersharedeclared": 0.5525,
        "othercomprehensiveincomelossreclassificationadjustmentfromaocionderivativesnetoftax": 200000,
        "othercomprehensiveincomelossamortizationadjustmentfromaocipensionandotherpostretirementbenefitplansfornetpriorservicecostcreditnetoftax": 1900000,
        "othercomprehensiveincomelossnetoftax": 1700000,
        "comprehensiveincomenetoftaxincludingportionattributabletononcontrollinginterest": 392100000,
        "comprehensiveincomenetoftax": 391800000
    },
    {
        "date": "2017-09-29",
        "symbol": "WEC",
        "period": "Q3",
        "revenues": 111600000,
        "costofgoodsandservicessold": 542700000,
        "othercostandexpenseoperating": 1500000,
        "depreciationdepletionandamortization": 18200000,
        "taxesexcludingincomeandexcisetaxes": 48300000,
        "utilitiesoperatingexpense": 1263900000,
        "operatingincomeloss": 103400000,
        "incomelossfromequitymethodinvestments": 39200000,
        "othernonoperatingincomeexpense": 16400000,
        "interestexpense": 16200000,
        "nonoperatingincomeexpense": -48200000,
        "incomelossfromcontinuingoperationsbeforeincometaxesextraordinaryitemsnoncontrollinginterest": 345400000,
        "incometaxexpensebenefit": 129700000,
        "incomelossfromcontinuingoperations": 215700000,
        "dividendspreferredstockcash": 300000,
        "netincomelossavailabletocommonstockholdersbasic": 215400000,
        "incomelossfromcontinuingoperationsperbasicshare": 0.68,
        "incomelossfromcontinuingoperationsperdilutedshare": 0.68,
        "weightedaveragenumberofsharesoutstandingbasic": 315600000,
        "weightedaveragenumberofdilutedsharesoutstanding": 317500000,
        "commonstockdividendspersharedeclared": 0.52,
        "othercomprehensiveincomelossreclassificationadjustmentfromaocionderivativesnetoftax": 400000,
        "othercomprehensiveincomelossamortizationadjustmentfromaocipensionandotherpostretirementbenefitplansfornetpriorservicecostcreditnetoftax": 300000,
        "othercomprehensiveincomelossnetoftax": -100000,
        "comprehensiveincomenetoftaxincludingportionattributabletononcontrollinginterest": 215600000,
        "comprehensiveincomenetoftax": 215300000
    },
    {
        "date": "2017-06-29",
        "symbol": "WEC",
        "period": "Q2",
        "revenues": 112600000,
        "costofgoodsandservicessold": 541800000,
        "othercostandexpenseoperating": 2700000,
        "depreciationdepletionandamortization": 17400000,
        "taxesother": 50000000,
        "utilitiesoperatingexpense": 1269300000,
        "operatingincomeloss": 98700000,
        "incomelossfromequitymethodinvestments": 41800000,
        "othernonoperatingincomeexpense": 13100000,
        "interestexpense": 15200000,
        "nonoperatingincomeexpense": -47000000,
        "incomelossfromcontinuingoperationsbeforeincometaxesextraordinaryitemsnoncontrollinginterest": 315200000,
        "incometaxexpensebenefit": 115800000,
        "incomelossfromcontinuingoperations": 199400000,
        "dividendspreferredstockcash": 300000,
        "netincomelossavailabletocommonstockholdersbasic": 199100000,
        "incomelossfromcontinuingoperationsperbasicshare": 0.63,
        "incomelossfromcontinuingoperationsperdilutedshare": 0.63,
        "weightedaveragenumberofsharesoutstandingbasic": 315600000,
        "weightedaveragenumberofdilutedsharesoutstanding": 317400000,
        "commonstockdividendspersharedeclared": 0.52,
        "othercomprehensiveincomelossreclassificationadjustmentfromaocionderivativesnetoftax": 300000,
        "othercomprehensiveincomelossamortizationadjustmentfromaocipensionandotherpostretirementbenefitplansfornetpriorservicecostcreditnetoftax": 100000,
        "othercomprehensiveincomelossnetoftax": -200000,
        "comprehensiveincomenetoftaxincludingportionattributabletononcontrollinginterest": 199200000,
        "comprehensiveincomenetoftax": 198900000
    },
    {
        "date": "2017-03-30",
        "symbol": "WEC",
        "period": "Q1",
        "revenues": 2304500000,
        "costofgoodsandservicessold": 941100000,
        "othercostandexpenseoperating": 501900000,
        "depreciationdepletionandamortization": 194600000,
        "taxesother": 49600000,
        "utilitiesoperatingexpense": 1687200000,
        "operatingincomeloss": 617300000,
        "incomelossfromequitymethodinvestments": 41900000,
        "othernonoperatingincomeexpense": 15700000,
        "interestexpense": 104700000,
        "nonoperatingincomeexpense": -47100000,
        "incomelossfromcontinuingoperationsbeforeincometaxesextraordinaryitemsnoncontrollinginterest": 570200000,
        "incometaxexpensebenefit": 213300000,
        "incomelossfromcontinuingoperations": 356900000,
        "dividendspreferredstockcash": 300000,
        "netincomelossavailabletocommonstockholdersbasic": 356600000,
        "incomelossfromcontinuingoperationsperbasicshare": 1.13,
        "incomelossfromcontinuingoperationsperdilutedshare": 1.12,
        "weightedaveragenumberofsharesoutstandingbasic": 315600000,
        "weightedaveragenumberofdilutedsharesoutstanding": 317200000,
        "commonstockdividendspersharedeclared": 0.52,
        "othercomprehensiveincomelossreclassificationadjustmentfromaocionderivativesnetoftax": 300000,
        "othercomprehensiveincomelossamortizationadjustmentfromaocipensionandotherpostretirementbenefitplansfornetpriorservicecostcreditnetoftax": 100000,
        "othercomprehensiveincomelossnetoftax": -200000,
        "comprehensiveincomenetoftaxincludingportionattributabletononcontrollinginterest": 356700000,
        "comprehensiveincomenetoftax": 356400000
    },
    {
        "date": "2016-09-29",
        "symbol": "WEC",
        "period": "Q3",
        "revenues": 105000000,
        "costofgoodsandservicessold": 554700000,
        "othercostandexpenseoperating": 400000,
        "depreciationdepletionandamortization": 17100000,
        "taxesother": 49700000,
        "utilitiesoperatingexpense": 1313500000,
        "operatingincomeloss": 93700000,
        "incomelossfromequitymethodinvestments": 38300000,
        "othernonoperatingincomeexpense": 7500000,
        "interestexpense": 15600000,
        "nonoperatingincomeexpense": -53300000,
        "incomelossfromcontinuingoperationsbeforeincometaxesextraordinaryitemsnoncontrollinginterest": 345700000,
        "incometaxexpensebenefit": 128400000,
        "incomelossfromcontinuingoperations": 217300000,
        "dividendspreferredstockcash": 300000,
        "netincomelossavailabletocommonstockholdersbasic": 217000000,
        "incomelossfromcontinuingoperationsperbasicshare": 0.69,
        "incomelossfromcontinuingoperationsperdilutedshare": 0.68,
        "weightedaveragenumberofsharesoutstandingbasic": 315600000,
        "weightedaveragenumberofdilutedsharesoutstanding": 316900000,
        "commonstockdividendspersharedeclared": 0.495,
        "othercomprehensiveincomelossreclassificationadjustmentfromaocionderivativesnetoftax": 300000,
        "othercomprehensiveincomelossderivativesqualifyingashedgesnetoftax": -300000,
        "othercomprehensiveincomelossamortizationadjustmentfromaocipensionandotherpostretirementbenefitplansfornetpriorservicecostcreditnetoftax": -400000,
        "othercomprehensiveincomelossnetoftax": -700000,
        "comprehensiveincomenetoftaxincludingportionattributabletononcontrollinginterest": 216600000,
        "comprehensiveincomenetoftax": 216300000
    },
    {
        "date": "2016-06-29",
        "symbol": "WEC",
        "period": "Q2",
        "revenues": 107600000,
        "costofgoodsandservicessold": 508300000,
        "othercostandexpenseoperating": 522000000,
        "depreciationdepletionandamortization": 17000000,
        "taxesother": 49600000,
        "utilitiesoperatingexpense": 1269900000,
        "operatingincomeloss": 94100000,
        "incomelossfromequitymethodinvestments": 30900000,
        "othernonoperatingincomeexpense": 32400000,
        "interestexpense": 15600000,
        "nonoperatingincomeexpense": -36800000,
        "incomelossfromcontinuingoperationsbeforeincometaxesextraordinaryitemsnoncontrollinginterest": 295300000,
        "incometaxexpensebenefit": 113600000,
        "incomelossfromcontinuingoperations": 181700000,
        "dividendspreferredstockcash": 300000,
        "netincomelossavailabletocommonstockholdersbasic": 181400000,
        "incomelossfromcontinuingoperationsperbasicshare": 0.57,
        "incomelossfromcontinuingoperationsperdilutedshare": 0.57,
        "weightedaveragenumberofsharesoutstandingbasic": 315600000,
        "weightedaveragenumberofdilutedsharesoutstanding": 317000000,
        "commonstockdividendspersharedeclared": 0.495,
        "othercomprehensiveincomelossreclassificationadjustmentfromaocionderivativesnetoftax": 300000,
        "othercomprehensiveincomelossderivativesqualifyingashedgesnetoftax": -300000,
        "othercomprehensiveincomelossamortizationadjustmentfromaocipensionandotherpostretirementbenefitplansfornetpriorservicecostcreditnetoftax": 400000,
        "othercomprehensiveincomelossnetoftax": 100000,
        "comprehensiveincomenetoftaxincludingportionattributabletononcontrollinginterest": 181800000,
        "comprehensiveincomenetoftax": 181500000
    },
    {
        "date": "2016-03-30",
        "symbol": "WEC",
        "period": "Q1",
        "revenues": 2194800000,
        "costofgoodsandservicessold": 838900000,
        "othercostandexpenseoperating": 531500000,
        "depreciationdepletionandamortization": 187900000,
        "taxesother": 47200000,
        "utilitiesoperatingexpense": 1605500000,
        "operatingincomeloss": 589300000,
        "incomelossfromequitymethodinvestments": 38500000,
        "othernonoperatingincomeexpense": 32700000,
        "interestexpense": 100900000,
        "nonoperatingincomeexpense": -29700000,
        "incomelossfromcontinuingoperationsbeforeincometaxesextraordinaryitemsnoncontrollinginterest": 559600000,
        "incometaxexpensebenefit": 213100000,
        "incomelossfromcontinuingoperations": 346500000,
        "dividendspreferredstockcash": 300000,
        "netincomelossavailabletocommonstockholdersbasic": 346200000,
        "incomelossfromcontinuingoperationsperbasicshare": 1.1,
        "incomelossfromcontinuingoperationsperdilutedshare": 1.09,
        "weightedaveragenumberofsharesoutstandingbasic": 315700000,
        "weightedaveragenumberofdilutedsharesoutstanding": 317100000,
        "commonstockdividendspersharedeclared": 0.495,
        "othercomprehensiveincomelossreclassificationadjustmentfromaocionderivativesnetoftax": 300000,
        "othercomprehensiveincomelossderivativesqualifyingashedgesnetoftax": -300000,
        "othercomprehensiveincomelossnetoftax": -300000,
        "comprehensiveincomenetoftaxincludingportionattributabletononcontrollinginterest": 346200000,
        "comprehensiveincomenetoftax": 345900000
    },
    {
        "date": "2015-12-30",
        "symbol": "WEC",
        "period": "Q4",
        "utilitiesoperatingexpense": 1468100000,
        "operatingincomeloss": 94500000,
        "incomelossfromequitymethodinvestments": 25700000,
        "othernonoperatingincomeexpense": -17000000,
        "interestexpense": 65800000,
        "incomelossfromcontinuingoperationsbeforeincometaxesextraordinaryitemsnoncontrollinginterest": -149800000,
        "incometaxexpensebenefit": -329100000,
        "weightedaveragenumberofsharesoutstandingbasic": 14900000,
        "weightedaveragenumberofdilutedsharesoutstanding": 14900000
    },
    {
        "date": "2015-09-29",
        "symbol": "WEC",
        "period": "Q3",
        "depreciationdepletionandamortization": -193700000,
        "utilitiesoperatingexpense": 1348300000,
        "operatingincomeloss": -220300000,
        "incomelossfromequitymethodinvestments": 40000000,
        "othernonoperatingincomeexpense": 11100000,
        "interestexpense": -94500000,
        "incomelossfromcontinuingoperationsbeforeincometaxesextraordinaryitemsnoncontrollinginterest": 293000000,
        "incometaxexpensebenefit": 129700000,
        "netincomeloss": 182500000,
        "incomelossfromcontinuingoperationsperbasicshare": 0.5600000000000002,
        "incomelossfromcontinuingoperationsperdilutedshare": 0.5700000000000002,
        "weightedaveragenumberofsharesoutstandingbasic": -196800000,
        "weightedaveragenumberofdilutedsharesoutstanding": -198600000,
        "commonstockdividendspersharedeclared": 0.0046000000000000485
    },
    {
        "date": "2015-06-29",
        "symbol": "WEC",
        "period": "Q2",
        "salesrevenueenergyservices": 991200000,
        "costofpurchasedpower": 273700000,
        "costofdomesticregulatedgasrevenue": 79300000,
        "utilitiesoperatingexpensemaintenanceandoperations": 368300000,
        "depreciationdepletionandamortization": 88500000,
        "taxesexcludingincomeandexcisetaxes": 31900000,
        "utilitiesoperatingexpense": 827600000,
        "revenuefromgrants": 2200000,
        "operatingincomeloss": 140400000,
        "incomelossfromequitymethodinvestments": 14300000,
        "othernonoperatingincomeexpense": 26100000,
        "interestexpense": 32400000,
        "incomelossfromcontinuingoperationsbeforeincometaxesextraordinaryitemsnoncontrollinginterest": 144100000,
        "incometaxexpensebenefit": 44000000,
        "netincomeloss": 80900000,
        "incomelossfromcontinuingoperationsperbasicshare": 0.36,
        "incomelossfromcontinuingoperationsperdilutedshare": 0.35,
        "weightedaveragenumberofsharesoutstandingbasic": 227500000,
        "weightedaveragenumberofdilutedsharesoutstanding": 229100000,
        "commonstockdividendspersharedeclared": 0.8629,
        "othercomprehensiveincomelossderivativesqualifyingashedgesnetoftax": 11400000,
        "othercomprehensiveincomelossreclassificationadjustmentfromaocionderivativesnetoftax": 100000,
        "othercomprehensiveincomelossnetoftax": 11300000,
        "comprehensiveincomenetoftax": 92200000,
        "othercomprehensiveincomelossderivativesqualifyingashedgestax": 7.6
    },
    {
        "date": "2015-03-30",
        "symbol": "WEC",
        "period": "Q1",
        "salesrevenueenergyservices": 1387900000,
        "costofpurchasedpower": 297700000,
        "costofdomesticregulatedgasrevenue": 316200000,
        "utilitiesoperatingexpensemaintenanceandoperations": 280700000,
        "depreciationdepletionandamortization": 105100000,
        "taxesexcludingincomeandexcisetaxes": 31900000,
        "utilitiesoperatingexpense": 1031600000,
        "revenuefromgrants": 2500000,
        "operatingincomeloss": 358800000,
        "incomelossfromequitymethodinvestments": 16100000,
        "othernonoperatingincomeexpense": 3000000,
        "interestexpense": 59700000,
        "incomelossfromcontinuingoperationsbeforeincometaxesextraordinaryitemsnoncontrollinginterest": 318200000,
        "incometaxexpensebenefit": 122400000,
        "netincomeloss": 195800000,
        "incomelossfromcontinuingoperationsperbasicshare": 0.87,
        "incomelossfromcontinuingoperationsperdilutedshare": 0.86,
        "weightedaveragenumberofsharesoutstandingbasic": 225500000,
        "weightedaveragenumberofdilutedsharesoutstanding": 227300000,
        "commonstockdividendspersharedeclared": 0.4225
    },
    {
        "date": "2014-09-29",
        "symbol": "WEC",
        "period": "Q3",
        "salesrevenueenergyservices": 1033300000,
        "costofpurchasedpower": 336800000,
        "costofdomesticregulatedgasrevenue": 70600000,
        "utilitiesoperatingexpensemaintenanceandoperations": 3500000,
        "depreciationdepletionandamortization": 86300000,
        "taxesexcludingincomeandexcisetaxes": 30600000,
        "utilitiesoperatingexpense": 790700000,
        "revenuefromgrants": 3500000,
        "operatingincomeloss": 158400000,
        "incomelossfromequitymethodinvestments": 18000000,
        "othernonoperatingincomeexpense": 2900000,
        "interestexpense": 32100000,
        "incomelossfromcontinuingoperationsbeforeincometaxesextraordinaryitemsnoncontrollinginterest": 206600000,
        "incometaxexpensebenefit": -5100000,
        "netincomeloss": 126300000,
        "incomelossfromcontinuingoperationsperbasicshare": 0.56,
        "incomelossfromcontinuingoperationsperdilutedshare": 0.56,
        "weightedaveragenumberofsharesoutstandingbasic": 225500000,
        "weightedaveragenumberofdilutedsharesoutstanding": 227400000,
        "commonstockdividendspersharedeclared": 0.39
    },
    {
        "date": "2014-06-29",
        "symbol": "WEC",
        "period": "Q2",
        "salesrevenueenergyservices": 1043700000,
        "costofpurchasedpower": 292500000,
        "costofdomesticregulatedgasrevenue": 125900000,
        "utilitiesoperatingexpensemaintenanceandoperations": 5000000,
        "depreciationdepletionandamortization": 400000,
        "taxesexcludingincomeandexcisetaxes": 30300000,
        "utilitiesoperatingexpense": 806100000,
        "revenuefromgrants": 3100000,
        "operatingincomeloss": 155200000,
        "incomelossfromequitymethodinvestments": 17500000,
        "othernonoperatingincomeexpense": 8100000,
        "interestexpense": 30700000,
        "incomelossfromcontinuingoperationsbeforeincometaxesextraordinaryitemsnoncontrollinginterest": 207300000,
        "incometaxexpensebenefit": -7300000,
        "netincomeloss": 133000000,
        "incomelossfromcontinuingoperationsperbasicshare": 0.59,
        "incomelossfromcontinuingoperationsperdilutedshare": 0.58,
        "weightedaveragenumberofsharesoutstandingbasic": 225500000,
        "weightedaveragenumberofdilutedsharesoutstanding": 227600000,
        "commonstockdividendspersharedeclared": 0.39
    },
    {
        "date": "2014-03-30",
        "symbol": "WEC",
        "period": "Q1",
        "salesrevenueenergyservices": 1695000000,
        "costofpurchasedpower": 318600000,
        "costofdomesticregulatedgasrevenue": 591500000,
        "utilitiesoperatingexpensemaintenanceandoperations": 1200000,
        "depreciationdepletionandamortization": 100000,
        "taxesexcludingincomeandexcisetaxes": 30600000,
        "utilitiesoperatingexpense": 1316700000,
        "revenuefromgrants": 3500000,
        "operatingincomeloss": 292700000,
        "incomelossfromequitymethodinvestments": 17300000,
        "othernonoperatingincomeexpense": 1100000,
        "interestexpense": 34000000,
        "incomelossfromcontinuingoperationsbeforeincometaxesextraordinaryitemsnoncontrollinginterest": 337900000,
        "incometaxexpensebenefit": -7100000,
        "netincomeloss": 207600000,
        "incomelossfromcontinuingoperationsperbasicshare": 0.92,
        "incomelossfromcontinuingoperationsperdilutedshare": 0.91,
        "weightedaveragenumberofsharesoutstandingbasic": 225800000,
        "weightedaveragenumberofdilutedsharesoutstanding": 227700000,
        "commonstockdividendspersharedeclared": 0.39
    },
    {
        "date": "2013-12-30",
        "symbol": "WEC",
        "period": "Q4",
        "salesrevenueenergyservices": 1178300000,
        "costofdomesticregulatedgasrevenue": 227200000,
        "utilitiesoperatingexpensemaintenanceandoperations": 1144900000,
        "taxesexcludingincomeandexcisetaxes": 28300000,
        "utilitiesoperatingexpense": 954700000,
        "operatingincomeloss": 415100000,
        "incomelossfromequitymethodinvestments": -51200000,
        "othernonoperatingincomeexpense": -12200000,
        "interestexpense": -25600000,
        "incometaxexpensebenefit": -92700000,
        "netincomeloss": 144300000,
        "incomelossfromcontinuingoperationsperbasicshare": 0.6400000000000001,
        "incomelossfromcontinuingoperationsperdilutedshare": 0.6299999999999997,
        "weightedaveragenumberofsharesoutstandingbasic": -456500000,
        "weightedaveragenumberofdilutedsharesoutstanding": -460800000
    },
    {
        "date": "2013-09-29",
        "symbol": "WEC",
        "period": "Q3",
        "salesrevenueenergyservices": 1053200000,
        "costofpurchasedpower": 339100000,
        "costofdomesticregulatedgasrevenue": 61600000,
        "utilitiesoperatingexpensemaintenanceandoperations": 4200000,
        "depreciationdepletionandamortization": 200000,
        "taxesexcludingincomeandexcisetaxes": 29500000,
        "utilitiesoperatingexpense": 795200000,
        "operatingincomeloss": 166600000,
        "incomelossfromequitymethodinvestments": 17100000,
        "othernonoperatingincomeexpense": 5100000,
        "interestexpense": 33000000,
        "incomelossfromcontinuingoperationsbeforeincometaxesextraordinaryitemsnoncontrollinginterest": 218200000,
        "incometaxexpensebenefit": -4900000,
        "netincomeloss": 137500000,
        "incomelossfromcontinuingoperationsperbasicshare": 0.61,
        "incomelossfromcontinuingoperationsperdilutedshare": 0.6,
        "weightedaveragenumberofsharesoutstandingbasic": 226800000,
        "weightedaveragenumberofdilutedsharesoutstanding": 228800000,
        "commonstockdividendspersharedeclared": 0.3825
    },
    {
        "date": "2013-06-29",
        "symbol": "WEC",
        "period": "Q2",
        "salesrevenueenergyservices": 1012300000,
        "costofpurchasedpower": 276100000,
        "costofdomesticregulatedgasrevenue": 115200000,
        "utilitiesoperatingexpensemaintenanceandoperations": 4900000,
        "depreciationdepletionandamortization": 200000,
        "taxesexcludingincomeandexcisetaxes": 29400000,
        "utilitiesoperatingexpense": 782800000,
        "operatingincomeloss": 138900000,
        "incomelossfromequitymethodinvestments": 17300000,
        "othernonoperatingincomeexpense": 5800000,
        "interestexpense": 34200000,
        "incomelossfromcontinuingoperationsbeforeincometaxesextraordinaryitemsnoncontrollinginterest": 189300000,
        "incometaxexpensebenefit": -6200000,
        "netincomeloss": 119000000,
        "incomelossfromcontinuingoperationsperbasicshare": 0.52,
        "incomelossfromcontinuingoperationsperdilutedshare": 0.52,
        "weightedaveragenumberofsharesoutstandingbasic": 228400000,
        "weightedaveragenumberofdilutedsharesoutstanding": 230500000,
        "commonstockdividendspersharedeclared": 0.34
    },
    {
        "date": "2013-03-30",
        "symbol": "WEC",
        "period": "Q1",
        "salesrevenueenergyservices": 1275200000,
        "fuelandpurchasedpower": 271000000,
        "costofdomesticregulatedgasrevenue": 270100000,
        "utilitiesoperatingexpensemaintenanceandoperations": 1000000,
        "depreciationdepletionandamortization": 16700000,
        "taxesexcludingincomeandexcisetaxes": 29500000,
        "utilitiesoperatingexpense": 954200000,
        "operatingincomeloss": -1200000,
        "incomelossfromequitymethodinvestments": 16700000,
        "othernonoperatingincomeexpense": 4400000,
        "interestexpense": 12800000,
        "incomelossfromcontinuingoperationsbeforeincometaxesextraordinaryitemsnoncontrollinginterest": 277000000,
        "incometaxexpensebenefit": 77400000,
        "netincomeloss": 176600000,
        "incomelossfromcontinuingoperationsperbasicshare": 0.77,
        "incomelossfromcontinuingoperationsperdilutedshare": 0.76,
        "weightedaveragenumberofsharesoutstandingbasic": 228900000,
        "weightedaveragenumberofdilutedsharesoutstanding": 231200000,
        "commonstockdividendspersharedeclared": 0.34
    },
    {
        "date": "2012-12-30",
        "symbol": "WEC",
        "period": "Q4",
        "salesrevenueenergyservices": 1071200000,
        "fuelandpurchasedpower": 249700000,
        "utilitiesoperatingexpensemaintenanceandoperations": 1200000000,
        "utilitiesoperatingexpense": 869800000,
        "operatingincomeloss": 273600000,
        "othernonoperatingincomeexpense": -30400000,
        "interestexpense": 22400000,
        "incometaxexpensebenefit": -128100000,
        "netincomeloss": 98800000,
        "incomelossfromcontinuingoperationsperbasicshare": 0.41999999999999993,
        "incomelossfromcontinuingoperationsperdilutedshare": 0.43000000000000016,
        "weightedaveragenumberofsharesoutstandingbasic": -461100000,
        "weightedaveragenumberofdilutedsharesoutstanding": -466400000
    },
    {
        "date": "2012-09-29",
        "symbol": "WEC",
        "period": "Q3",
        "salesrevenueenergyservices": 1039300000,
        "fuelandpurchasedpower": 336400000,
        "costofdomesticregulatedgasrevenue": 55500000,
        "utilitiesoperatingexpensemaintenanceandoperations": 4300000,
        "depreciationdepletionandamortization": 16800000,
        "taxesexcludingincomeandexcisetaxes": 30400000,
        "utilitiesoperatingexpense": 758700000,
        "operatingincomeloss": -1900000,
        "incomelossfromequitymethodinvestments": 17100000,
        "othernonoperatingincomeexpense": 9000000,
        "interestexpense": 16600000,
        "incomelossfromcontinuingoperationsbeforeincometaxesextraordinaryitemsnoncontrollinginterest": 245800000,
        "incometaxexpensebenefit": 65600000,
        "incomelossfromcontinuingoperations": 156100000,
        "netincomeloss": 156100000,
        "incomelossfromcontinuingoperationsperbasicshare": 0.68,
        "earningspersharebasic": 0.68,
        "incomelossfromcontinuingoperationsperdilutedshare": 0.67,
        "earningspersharediluted": 0.67,
        "weightedaveragenumberofsharesoutstandingbasic": 230400000,
        "weightedaveragenumberofdilutedsharesoutstanding": 232900000,
        "commonstockdividendspersharedeclared": 0.3
    },
    {
        "date": "2012-06-29",
        "symbol": "WEC",
        "period": "Q2",
        "salesrevenueenergyservices": 944700000,
        "fuelandpurchasedpower": 258700000,
        "costofdomesticregulatedgasrevenue": 75000000,
        "utilitiesoperatingexpensemaintenanceandoperations": 5300000,
        "depreciationdepletionandamortization": 16700000,
        "taxesexcludingincomeandexcisetaxes": 30200000,
        "utilitiesoperatingexpense": 722100000,
        "operatingincomeloss": -1300000,
        "incomelossfromequitymethodinvestments": 16200000,
        "othernonoperatingincomeexpense": 8600000,
        "interestexpense": -100000,
        "incomelossfromcontinuingoperationsbeforeincometaxesextraordinaryitemsnoncontrollinginterest": 185900000,
        "incometaxexpensebenefit": 43000000,
        "incomelossfromcontinuingoperations": 119300000,
        "netincomeloss": 119300000,
        "incomelossfromcontinuingoperationsperbasicshare": 0.52,
        "earningspersharebasic": 0.52,
        "incomelossfromcontinuingoperationsperdilutedshare": 0.51,
        "earningspersharediluted": 0.51,
        "weightedaveragenumberofsharesoutstandingbasic": 230400000,
        "weightedaveragenumberofdilutedsharesoutstanding": 233100000,
        "commonstockdividendspersharedeclared": 0.3
    },
    {
        "date": "2012-03-30",
        "symbol": "WEC",
        "period": "Q1",
        "salesrevenueenergyservices": 1191200000,
        "fuelandpurchasedpower": 253800000,
        "costofgassold": 237500000,
        "utilitiesoperatingexpensemaintenanceandoperations": -93500000,
        "depreciationdepletionandamortization": 70700000,
        "propertyandrevenuetaxes": 30300000,
        "utilitiesoperatingexpense": 895500000,
        "operatingincomeloss": 88400000,
        "incomelossfromequitymethodinvestmentsnetofdividendsordistributions": 15600000,
        "othernonoperatingincomeexpense": 16000000,
        "interestexpense": 16800000,
        "incomelossfromcontinuingoperationsbeforeincometaxesminorityinterestandincomelossfromequitymethodinvestments": 268400000,
        "incometaxexpensebenefit": -6500000,
        "netincomeloss": 172100000,
        "incomelossfromcontinuingoperationsperbasicshare": 0.75,
        "incomelossfromcontinuingoperationsperdilutedshare": 0.74,
        "weightedaveragenumberofsharesoutstandingbasic": 230500000,
        "weightedaveragenumberofdilutedsharesoutstanding": 233200000,
        "commonstockdividendspersharedeclared": 0.3
    },
    {
        "date": "2011-12-30",
        "symbol": "WEC",
        "period": "Q4",
        "salesrevenueenergyservices": 1113200000,
        "fuelandpurchasedpower": 265200000,
        "costofgassold": 195300000,
        "utilitiesoperatingexpensemaintenanceandoperations": 347500000,
        "depreciationandamortization": 84000000,
        "propertyandrevenuetaxes": 28200000,
        "utilitiesoperatingexpense": 920200000,
        "operatingincomeloss": 87200000,
        "incomelossfromequitymethodinvestmentsnetofdividendsordistributions": 499500000,
        "othernonoperatingincomeexpense": -40400000,
        "interestexpense": 12000000,
        "incomelossfromcontinuingoperationsbeforeincometaxesminorityinterestandincomelossfromequitymethodinvestments": -670100000,
        "incometaxexpensebenefit": -115000000,
        "incomelossfromcontinuingoperations": -431800000,
        "netincomeloss": 116000000,
        "incomelossfromcontinuingoperationsperbasicshare": 0.4900000000000002,
        "earningspersharebasic": 0.4999999999999998,
        "incomelossfromcontinuingoperationsperdilutedshare": 0.4900000000000002,
        "earningspersharediluted": 0.5000000000000002,
        "weightedaveragenumberofsharesoutstandingbasic": -600000,
        "weightedaveragenumberofdilutedsharesoutstanding": -600000
    },
    {
        "date": "2011-09-29",
        "symbol": "WEC",
        "period": "Q3",
        "salesrevenueenergyservices": 1052800000,
        "fuelandpurchasedpower": 350900000,
        "costofgassold": 69200000,
        "utilitiesoperatingexpensemaintenanceandoperations": 296900000,
        "depreciationandamortization": 82600000,
        "propertyandrevenuetaxes": 28900000,
        "utilitiesoperatingexpense": 828500000,
        "operatingincomeloss": -121800000,
        "incomelossfromequitymethodinvestmentsnetofdividendsordistributions": 15700000,
        "othernonoperatingincomeexpense": 16200000,
        "interestexpense": -30600000,
        "incomelossfromcontinuingoperationsbeforeincometaxesminorityinterestandincomelossfromequitymethodinvestments": 199400000,
        "incometaxexpensebenefit": -34200000,
        "incomelossfromcontinuingoperations": 129800000,
        "netincomeloss": 129800000,
        "incomelossfromcontinuingoperationsperbasicshare": 0.56,
        "earningspersharebasic": 0.56,
        "incomelossfromcontinuingoperationsperdilutedshare": 0.56,
        "earningspersharediluted": 0.56,
        "weightedaveragenumberofsharesoutstandingbasic": -234200000,
        "weightedaveragenumberofdilutedsharesoutstanding": -237200000,
        "commonstockdividendspersharedeclared": 0.26
    },
    {
        "date": "2011-06-29",
        "symbol": "WEC",
        "period": "Q2",
        "salesrevenueenergyservices": 991700000,
        "fuelandpurchasedpower": 286000000,
        "costofgassold": 121800000,
        "utilitiesoperatingexpensemaintenanceandoperations": 298900000,
        "depreciationandamortization": 82300000,
        "propertyandrevenuetaxes": 28300000,
        "utilitiesoperatingexpense": 817300000,
        "operatingincomeloss": 87900000,
        "incomelossfromequitymethodinvestmentsnetofdividendsordistributions": 15200000,
        "othernonoperatingincomeexpense": 14400000,
        "interestexpense": 17000000,
        "incomelossfromcontinuingoperationsbeforeincometaxesminorityinterestandincomelossfromequitymethodinvestments": 146600000,
        "incometaxexpensebenefit": 29100000,
        "incomelossfromcontinuingoperations": 98000000,
        "incomelossfromdiscontinuedoperationsnetoftaxattributabletoreportingentity": 11500000,
        "netincomeloss": 109500000,
        "incomelossfromcontinuingoperationsperbasicshare": 0.42,
        "incomelossfromdiscontinuedoperationsnetoftaxperbasicshare": 0.05,
        "earningspersharebasic": 0.47,
        "incomelossfromcontinuingoperationsperdilutedshare": 0.41,
        "incomelossfromdiscontinuedoperationsnetoftaxperdilutedshare": 0.05,
        "earningspersharediluted": 0.46,
        "weightedaveragenumberofsharesoutstandingbasic": 233700000,
        "weightedaveragenumberofdilutedsharesoutstanding": 236600000,
        "commonstockdividendspersharedeclared": 0.26
    },
    {
        "date": "2011-03-30",
        "symbol": "WEC",
        "period": "Q1",
        "salesrevenueenergyservices": 1328700000,
        "fuelandpurchasedpower": 267600000,
        "costofgassold": 342400000,
        "utilitiesoperatingexpensemaintenanceandoperations": 313500000,
        "depreciationandamortization": 81300000,
        "propertyandrevenuetaxes": 28300000,
        "utilitiesoperatingexpense": 1033100000,
        "operatingincomeloss": 295600000,
        "incomelossfromequitymethodinvestmentsnetofdividendsordistributions": 15500000,
        "othernonoperatingincomeexpense": 12500000,
        "interestexpense": 63400000,
        "incomelossfromcontinuingoperationsbeforeincometaxesminorityinterestandincomelossfromequitymethodinvestments": 260200000,
        "incometaxexpensebenefit": 89300000,
        "incomelossfromcontinuingoperations": 170900000,
        "netincomeloss": 170900000,
        "incomelossfromcontinuingoperationsperbasicshare": 0.73,
        "earningspersharebasic": 0.73,
        "incomelossfromcontinuingoperationsperdilutedshare": 0.72,
        "earningspersharediluted": 0.72,
        "weightedaveragenumberofsharesoutstandingbasic": 233700000,
        "weightedaveragenumberofdilutedsharesoutstanding": 236600000,
        "commonstockdividendspersharedeclared": 0.26
    },
    {
        "date": "2010-09-29",
        "symbol": "WEC",
        "period": "Q3",
        "salesrevenueenergyservices": 965900000,
        "fuelandpurchasedpower": 335100000,
        "costofgassold": 67400000,
        "utilitiesoperatingexpensemaintenanceandoperations": 313800000,
        "depreciationandamortization": 76600000,
        "propertyandrevenuetaxes": 26500000,
        "utilitiesoperatingexpense": 819400000,
        "otheramortizationofdeferredcharges": -55200000,
        "operatingincomeloss": 201700000,
        "incomelossfromequitymethodinvestments": 15200000,
        "othernonoperatingincome": 9600000,
        "interestexpense": 52500000,
        "incomelossfromcontinuingoperationsbeforeincometaxesminorityinterestandincomelossfromequitymethodinvestments": 174000000,
        "incometaxexpensebenefit": 62500000,
        "incomelossfromcontinuingoperations": 111500000,
        "incomelossfromcontinuingoperationsperbasicshare": 0.95,
        "earningspersharebasic": 0.9600000000000002,
        "incomelossfromcontinuingoperationsperdilutedshare": 0.94,
        "earningspersharediluted": 0.94,
        "weightedaveragenumberofsharesoutstandingbasic": -116900000,
        "weightedaveragenumberofdilutedsharesoutstanding": -118300000,
        "commonstockdividendspersharedeclared": 0.3999999999999999
    },
    {
        "date": "2010-06-29",
        "symbol": "WEC",
        "period": "Q2",
        "salesrevenueenergyservices": 890900000,
        "fuelandpurchasedpower": 258400000,
        "costofgassold": 95800000,
        "utilitiesoperatingexpensemaintenanceandoperations": 317500000,
        "depreciationandamortization": 76800000,
        "propertyandrevenuetaxes": 26300000,
        "utilitiesoperatingexpense": 774800000,
        "otheramortizationofdeferredcharges": -47200000,
        "operatingincomeloss": 163300000,
        "incomelossfromequitymethodinvestments": 15100000,
        "othernonoperatingincome": 9700000,
        "interestexpense": 53000000,
        "incomelossfromcontinuingoperationsbeforeincometaxesminorityinterestandincomelossfromequitymethodinvestments": 135100000,
        "incometaxexpensebenefit": 47600000,
        "incomelossfromcontinuingoperations": 87500000,
        "incomelossfromdiscontinuedoperationsnetoftax": 1300000,
        "profitloss": 88700000,
        "incomelossfromcontinuingoperationsperbasicshare": 0.75,
        "incomelossfromdiscontinuedoperationsnetoftaxperbasicshare": 0.01,
        "earningspersharebasic": 0.76,
        "incomelossfromcontinuingoperationsperdilutedshare": 0.74,
        "incomelossfromdiscontinuedoperationsnetoftaxperdilutedshare": 0.01,
        "earningspersharediluted": 0.75,
        "weightedaveragenumberofsharesoutstandingbasic": 116900000,
        "weightedaveragenumberofdilutedsharesoutstanding": 118300000,
        "commonstockdividendspersharedeclared": 0.4
    },
    {
        "date": "2010-03-30",
        "symbol": "WEC",
        "period": "Q1",
        "salesrevenueenergyservices": 1255900000,
        "fuelandpurchasedpower": 277900000,
        "costofgassold": 355800000,
        "utilitiesoperatingexpensemaintenanceandoperations": 339700000,
        "depreciationandamortization": 75200000,
        "propertyandrevenuetaxes": 27000000,
        "utilitiesoperatingexpense": 1075600000,
        "otheramortizationofdeferredcharges": -49400000,
        "operatingincomeloss": 229700000,
        "incomelossfromequitymethodinvestments": 15200000,
        "othernonoperatingincome": 6200000,
        "interestexpense": 49400000,
        "incomelossfromcontinuingoperationsbeforeincometaxesminorityinterestandincomelossfromequitymethodinvestments": 201700000,
        "incometaxexpensebenefit": 71900000,
        "incomelossfromcontinuingoperations": 129800000,
        "incomelossfromdiscontinuedoperationsnetoftax": -100000,
        "profitloss": 129700000,
        "incomelossfromcontinuingoperationsperbasicshare": 1.11,
        "earningspersharebasic": 1.11,
        "incomelossfromcontinuingoperationsperdilutedshare": 1.1,
        "earningspersharediluted": 1.1,
        "weightedaveragenumberofsharesoutstandingbasic": 116900000,
        "weightedaveragenumberofdilutedsharesoutstanding": 118400000,
        "commonstockdividendspersharedeclared": 0.4
    },
    {
        "date": "2009-09-29",
        "symbol": "WEC",
        "period": "Q3",
        "salesrevenueenergyservices": 821900000,
        "fuelandpurchasedpower": 292600000,
        "costofgassold": 63200000,
        "utilitiesoperatingexpensemaintenanceandoperations": 303800000,
        "depreciationandamortization": 87300000,
        "propertyandrevenuetaxes": 28000000,
        "utilitiesoperatingexpense": 774900000,
        "otheramortizationofdeferredcharges": -57900000,
        "operatingincomeloss": 104900000,
        "incomelossfromequitymethodinvestments": 14900000,
        "othernonoperatingincome": 10400000,
        "interestexpense": 38400000,
        "incomelossfromcontinuingoperationsbeforeincometaxesminorityinterestandincomelossfromequitymethodinvestments": 91800000,
        "incometaxexpensebenefit": 33100000,
        "incomelossfromcontinuingoperations": 58700000,
        "incomelossfromdiscontinuedoperationsnetoftax": -200000,
        "profitloss": 58500000,
        "incomelossfromcontinuingoperationsperbasicshare": 0.5,
        "earningspersharebasic": 0.5,
        "incomelossfromcontinuingoperationsperdilutedshare": 0.5,
        "earningspersharediluted": 0.5,
        "weightedaveragenumberofsharesoutstandingbasic": 116900000,
        "weightedaveragenumberofdilutedsharesoutstanding": 118000000,
        "commonstockdividendspersharedeclared": 0.3375
    },
    {
        "date": "2009-06-29",
        "symbol": "WEC",
        "period": "Q2",
        "salesrevenueenergyservices": 842500000,
        "fuelandpurchasedpower": 253600000,
        "costofgassold": 102000000,
        "utilitiesoperatingexpensemaintenanceandoperations": 308300000,
        "depreciationandamortization": 86300000,
        "propertyandrevenuetaxes": 28200000,
        "utilitiesoperatingexpense": 778400000,
        "otheramortizationofdeferredcharges": -55100000,
        "operatingincomeloss": 119200000,
        "incomelossfromequitymethodinvestments": 14400000,
        "othernonoperatingincome": 7300000,
        "interestexpense": 39800000,
        "incomelossfromcontinuingoperationsbeforeincometaxesminorityinterestandincomelossfromequitymethodinvestments": 101100000,
        "incometaxexpensebenefit": 37700000,
        "incomelossfromcontinuingoperations": 63400000,
        "incomelossfromdiscontinuedoperationsnetoftax": 300000,
        "profitloss": 63700000,
        "incomelossfromcontinuingoperationsperbasicshare": 0.54,
        "earningspersharebasic": 0.54,
        "incomelossfromcontinuingoperationsperdilutedshare": 0.54,
        "earningspersharediluted": 0.54,
        "weightedaveragenumberofsharesoutstandingbasic": 116900000,
        "weightedaveragenumberofdilutedsharesoutstanding": 117800000,
        "commonstockdividendspersharedeclared": 0.3375
    }
]