[
    {
        "date": "2024-03-30",
        "symbol": "EMR",
        "period": "Q2",
        "revenuefromcontractwithcustomerexcludingassessedtax": 4376000000,
        "costofgoodsandservicessold": 2092000000,
        "sellinggeneralandadministrativeexpense": 1296000000,
        "gainfromperiodicdistributionfromretainedsubordinatedinterestinvertivvrt": 79000000,
        "otherdeductionsnet": 389000000,
        "interestincomeexpensenonoperatingnet": -57000000,
        "interestincomeoperating": 31000000,
        "incomelossfromcontinuingoperationsbeforeincometaxesextraordinaryitemsnoncontrollinginterest": 652000000,
        "incometaxexpensebenefit": 149000000,
        "incomelossfromcontinuingoperationsincludingportionattributabletononcontrollinginterest": 503000000,
        "profitloss": 503000000,
        "netincomelossattributabletononcontrollinginterest": 2000000,
        "netincomeloss": 501000000,
        "incomelossfromcontinuingoperations": 501000000,
        "incomelossfromcontinuingoperationsperbasicshare": 0.87,
        "earningspersharebasic": 0.87,
        "incomelossfromcontinuingoperationsperdilutedshare": 0.87,
        "earningspersharediluted": 0.87,
        "weightedaveragenumberofsharesoutstandingbasic": 571400000,
        "weightedaveragenumberofdilutedsharesoutstanding": 574100000,
        "investmentincomeinterest": 33000000,
        "othercomprehensiveincomelossforeigncurrencytransactionandtranslationadjustmentnetoftax": 6000000,
        "othercomprehensiveincomelosspensionandotherpostretirementbenefitplansadjustmentnetoftax": 12000000,
        "othercomprehensiveincomelosscashflowhedgegainlossafterreclassificationandtax": -1000000,
        "othercomprehensiveincomelossnetoftax": -7000000,
        "comprehensiveincomenetoftaxincludingportionattributabletononcontrollinginterest": 496000000,
        "comprehensiveincomenetoftaxattributabletononcontrollinginterest": 2000000,
        "comprehensiveincomenetoftax": 494000000
    },
    {
        "date": "2023-12-30",
        "symbol": "EMR",
        "period": "Q1",
        "revenuefromcontractwithcustomerexcludingassessedtax": 4117000000,
        "costofgoodsandservicessold": 2201000000,
        "sellinggeneralandadministrativeexpense": 1277000000,
        "otherdeductionsnet": 487000000,
        "interestincomeexpensenonoperatingnet": -44000000,
        "interestincomeoperating": 31000000,
        "incomelossfromcontinuingoperationsbeforeincometaxesextraordinaryitemsnoncontrollinginterest": 139000000,
        "incometaxexpensebenefit": 7000000,
        "incomelossfromcontinuingoperationsincludingportionattributabletononcontrollinginterest": 132000000,
        "profitloss": 132000000,
        "netincomelossattributabletononcontrollinginterest": -10000000,
        "netincomeloss": 142000000,
        "incomelossfromcontinuingoperations": 142000000,
        "incomelossfromcontinuingoperationsperbasicshare": 0.25,
        "earningspersharebasic": 0.25,
        "incomelossfromcontinuingoperationsperdilutedshare": 0.25,
        "earningspersharediluted": 0.25,
        "weightedaveragenumberofsharesoutstandingbasic": 570800000,
        "weightedaveragenumberofdilutedsharesoutstanding": 573300000,
        "investmentincomeinterest": 40000000,
        "othercomprehensiveincomelossforeigncurrencytransactionandtranslationadjustmentnetoftax": 174000000,
        "othercomprehensiveincomelosspensionandotherpostretirementbenefitplansadjustmentnetoftax": 12000000,
        "othercomprehensiveincomelosscashflowhedgegainlossafterreclassificationandtax": 3000000,
        "othercomprehensiveincomelossnetoftax": 165000000,
        "comprehensiveincomenetoftaxincludingportionattributabletononcontrollinginterest": 297000000,
        "comprehensiveincomenetoftaxattributabletononcontrollinginterest": -8000000,
        "comprehensiveincomenetoftax": 305000000
    },
    {
        "date": "2023-09-29",
        "symbol": "EMR",
        "period": "Q4",
        "revenuefromcontractwithcustomerexcludingassessedtax": 4054000000,
        "costofgoodsandservicessold": 2078000000,
        "sellinggeneralandadministrativeexpense": 1114000000,
        "otherdeductionsnet": 263000000,
        "interestincomeexpensenonoperatingnet": 77000000,
        "incomelossfromcontinuingoperationsbeforeincometaxesextraordinaryitemsnoncontrollinginterest": 2076000000,
        "incometaxexpensebenefit": 209000000,
        "incomelossfromcontinuingoperationsincludingportionattributabletononcontrollinginterest": 695000000,
        "discontinuedoperationincomelossfromdiscontinuedoperationduringphaseoutperiodnetoftax": 180000000,
        "profitloss": 738000000,
        "netincomelossattributabletononcontrollinginterest": -6000000,
        "netincomeloss": 744000000,
        "incomelossfromcontinuingoperations": 701000000,
        "incomelossfromdiscontinuedoperationsnetoftaxattributabletoreportingentity": 43000000,
        "incomelossfromcontinuingoperationsperbasicshare": 1.21,
        "incomelossfromdiscontinuedoperationsnetoftaxperbasicshare": 0.050000000000001155,
        "earningspersharebasic": 1.2600000000000007,
        "incomelossfromcontinuingoperationsperdilutedshare": 1.2100000000000004,
        "incomelossfromdiscontinuedoperationsnetoftaxperdilutedshare": 0.040000000000000036,
        "earningspersharediluted": 1.2499999999999978,
        "weightedaveragenumberofsharesoutstandingbasic": 574200000,
        "weightedaveragenumberofdilutedsharesoutstanding": 577300000,
        "investmentincomeinterest": 131000000,
        "discontinuedoperationtaxeffectofincomelossfromdiscontinuedoperationduringphaseoutperiod": 306000000,
        "othercomprehensiveincomelossforeigncurrencytransactionandtranslationadjustmentnetoftax": -179000000,
        "othercomprehensiveincomelosspensionandotherpostretirementbenefitplansadjustmentnetoftax": 68000000,
        "othercomprehensiveincomelosscashflowhedgegainlossafterreclassificationandtax": 0,
        "othercomprehensiveincomelossnetoftax": 152000000,
        "comprehensiveincomenetoftaxincludingportionattributabletononcontrollinginterest": 553000000,
        "comprehensiveincomenetoftax": 563000000
    },
    {
        "date": "2023-06-29",
        "symbol": "EMR",
        "period": "Q3",
        "revenuefromcontractwithcustomerexcludingassessedtax": 3946000000,
        "costofgoodsandservicessold": 1952000000,
        "sellinggeneralandadministrativeexpense": 1042000000,
        "otherdeductionsnet": 191000000,
        "interestincomeexpensenonoperatingnet": -10000000,
        "relatedpartyinterestincome": 10000000,
        "incomelossfromcontinuingoperationsbeforeincometaxesextraordinaryitemsnoncontrollinginterest": 761000000,
        "incometaxexpensebenefit": 158000000,
        "incomelossfromcontinuingoperationsincludingportionattributabletononcontrollinginterest": 603000000,
        "discontinuedoperationincomelossfromdiscontinuedoperationduringphaseoutperiodnetoftax": 8763000000,
        "profitloss": 9366000000,
        "netincomelossattributabletononcontrollinginterest": 14000000,
        "netincomeloss": 9352000000,
        "incomelossfromcontinuingoperations": 592000000,
        "incomelossfromdiscontinuedoperationsnetoftaxattributabletoreportingentity": 8760000000,
        "incomelossfromcontinuingoperationsperbasicshare": 1.04,
        "incomelossfromdiscontinuedoperationsnetoftaxperbasicshare": 15.32,
        "earningspersharebasic": 16.36,
        "incomelossfromcontinuingoperationsperdilutedshare": 1.03,
        "incomelossfromdiscontinuedoperationsnetoftaxperdilutedshare": 15.25,
        "earningspersharediluted": 16.28,
        "weightedaveragenumberofsharesoutstandingbasic": 570900000,
        "weightedaveragenumberofdilutedsharesoutstanding": 574000000,
        "investmentincomeinterest": 58000000,
        "discontinuedoperationtaxeffectofincomelossfromdiscontinuedoperationduringphaseoutperiod": 2014000000,
        "othercomprehensiveincomelossforeigncurrencytransactionandtranslationadjustmentnetoftax": 86000000,
        "othercomprehensiveincomelosspensionandotherpostretirementbenefitplansadjustmentnetoftax": -10000000,
        "othercomprehensiveincomelosscashflowhedgegainlossafterreclassificationandtax": -19000000,
        "othercomprehensiveincomelossnetoftax": 77000000,
        "comprehensiveincomenetoftaxincludingportionattributabletononcontrollinginterest": 9443000000,
        "comprehensiveincomenetoftaxattributabletononcontrollinginterest": 15000000,
        "comprehensiveincomenetoftax": 9428000000
    },
    {
        "date": "2023-03-30",
        "symbol": "EMR",
        "period": "Q2",
        "revenuefromcontractwithcustomerexcludingassessedtax": 3777000000,
        "costofgoodsandservicessold": 1955000000,
        "sellinggeneralandadministrativeexpense": 1000000000,
        "otherdeductionsnet": 109000000,
        "interestincomeexpensenonoperatingnet": -53000000,
        "incomelossfromcontinuingoperationsbeforeincometaxesextraordinaryitemsnoncontrollinginterest": -47000000,
        "incometaxexpensebenefit": 134000000,
        "incomelossfromcontinuingoperationsincludingportionattributabletononcontrollinginterest": 505000000,
        "discontinuedoperationincomelossfromdiscontinuedoperationduringphaseoutperiodnetoftax": 3000000,
        "profitloss": 770000000,
        "netincomelossattributabletononcontrollinginterest": -22000000,
        "netincomeloss": 792000000,
        "incomelossfromcontinuingoperations": 530000000,
        "incomelossfromdiscontinuedoperationsnetoftaxattributabletoreportingentity": 262000000,
        "incomelossfromcontinuingoperationsperbasicshare": 0.93,
        "incomelossfromdiscontinuedoperationsnetoftaxperbasicshare": 0.46,
        "earningspersharebasic": 1.39,
        "incomelossfromcontinuingoperationsperdilutedshare": 0.92,
        "incomelossfromdiscontinuedoperationsnetoftaxperdilutedshare": 0.46,
        "earningspersharediluted": 1.38,
        "weightedaveragenumberofsharesoutstandingbasic": 570900000,
        "weightedaveragenumberofdilutedsharesoutstanding": 573600000,
        "investmentincomeinterest": 18000000,
        "discontinuedoperationtaxeffectofincomelossfromdiscontinuedoperationduringphaseoutperiod": 39000000,
        "othercomprehensiveincomelossforeigncurrencytransactionandtranslationadjustmentnetoftax": 111000000,
        "othercomprehensiveincomelosspensionandotherpostretirementbenefitplansadjustmentnetoftax": -17000000,
        "othercomprehensiveincomelosscashflowhedgegainlossafterreclassificationandtax": 13000000,
        "othercomprehensiveincomelossnetoftax": -1000000,
        "comprehensiveincomenetoftaxincludingportionattributabletononcontrollinginterest": 876000000,
        "comprehensiveincomenetoftaxattributabletononcontrollinginterest": -23000000,
        "comprehensiveincomenetoftax": 899000000
    },
    {
        "date": "2022-12-30",
        "symbol": "EMR",
        "period": "Q1",
        "revenuefromcontractwithcustomerexcludingassessedtax": 3388000000,
        "costofgoodsandservicessold": 1753000000,
        "sellinggeneralandadministrativeexpense": 1030000000,
        "otherdeductionsnet": 120000000,
        "interestincomeexpensenonoperatingnet": -48000000,
        "incomelossfromcontinuingoperationsbeforeincometaxesextraordinaryitemsnoncontrollinginterest": -64000000,
        "incometaxexpensebenefit": 98000000,
        "incomelossfromcontinuingoperationsincludingportionattributabletononcontrollinginterest": 324000000,
        "discontinuedoperationincomelossfromdiscontinuedoperationduringphaseoutperiodnetoftax": 2127000000,
        "profitloss": 2326000000,
        "netincomelossattributabletononcontrollinginterest": -5000000,
        "netincomeloss": 2331000000,
        "incomelossfromcontinuingoperations": 329000000,
        "incomelossfromdiscontinuedoperationsnetoftaxattributabletoreportingentity": 2002000000,
        "incomelossfromcontinuingoperationsperbasicshare": 0.56,
        "incomelossfromdiscontinuedoperationsnetoftaxperbasicshare": 3.43,
        "earningspersharebasic": 3.99,
        "incomelossfromcontinuingoperationsperdilutedshare": 0.56,
        "incomelossfromdiscontinuedoperationsnetoftaxperdilutedshare": 3.41,
        "earningspersharediluted": 3.97,
        "weightedaveragenumberofsharesoutstandingbasic": 583600000,
        "weightedaveragenumberofdilutedsharesoutstanding": 586700000,
        "investmentincomeinterest": 20000000,
        "discontinuedoperationtaxeffectofincomelossfromdiscontinuedoperationduringphaseoutperiod": 653000000,
        "othercomprehensiveincomelossforeigncurrencytransactionandtranslationadjustmentnetoftax": 236000000,
        "othercomprehensiveincomelosspensionandotherpostretirementbenefitplansadjustmentnetoftax": -16000000,
        "othercomprehensiveincomelosscashflowhedgegainlossafterreclassificationandtax": 10000000,
        "othercomprehensiveincomelossnetoftax": 5000000,
        "comprehensiveincomenetoftaxincludingportionattributabletononcontrollinginterest": 2561000000,
        "comprehensiveincomenetoftax": 2561000000
    },
    {
        "date": "2022-09-29",
        "symbol": "EMR",
        "period": "Q4",
        "revenuefromcontractwithcustomerexcludingassessedtax": -11955000000,
        "costofgoodsandservicessold": 3043000000,
        "sellinggeneralandadministrativeexpense": 1136000000,
        "otherdeductionsnet": 227000000,
        "interestincomeexpensenonoperatingnet": -53000000,
        "incomelossfromcontinuingoperationsbeforeincometaxesextraordinaryitemsnoncontrollinginterest": -100000000,
        "incometaxexpensebenefit": 196000000,
        "profitloss": 708000000,
        "netincomeloss": 740000000,
        "earningspersharebasic": 1.2499999999999998,
        "earningspersharediluted": 1.2400000000000002,
        "weightedaveragenumberofsharesoutstandingbasic": -700000,
        "weightedaveragenumberofdilutedsharesoutstanding": -600000,
        "investmentincomeinterest": 17000000,
        "othercomprehensiveincomelossforeigncurrencytransactionandtranslationadjustmentnetoftax": -319000000,
        "othercomprehensiveincomelosspensionandotherpostretirementbenefitplansadjustmentnetoftax": -91000000,
        "othercomprehensiveincomelosscashflowhedgegainlossafterreclassificationandtax": 3000000,
        "othercomprehensiveincomelossnetoftax": -6000000,
        "comprehensiveincomenetoftaxincludingportionattributabletononcontrollinginterest": 369000000,
        "comprehensiveincomenetoftax": 407000000
    },
    {
        "date": "2022-06-29",
        "symbol": "EMR",
        "period": "Q3",
        "revenuefromcontractwithcustomerexcludingassessedtax": 5016000000,
        "costofgoodsandservicessold": 2908000000,
        "sellinggeneralandadministrativeexpense": 1052000000,
        "otherdeductionsnet": 283000000,
        "interestincomeexpensenonoperatingnet": -50000000,
        "incomelossfromcontinuingoperationsbeforeincometaxesextraordinaryitemsnoncontrollinginterest": -241000000,
        "incometaxexpensebenefit": 243000000,
        "profitloss": 952000000,
        "netincomeloss": 921000000,
        "earningspersharebasic": 1.5500000000000005,
        "earningspersharediluted": 1.54,
        "weightedaveragenumberofsharesoutstandingbasic": -300000,
        "weightedaveragenumberofdilutedsharesoutstanding": -400000,
        "investmentincomeinterest": 11000000,
        "othercomprehensiveincomelossforeigncurrencytransactionandtranslationadjustmentnetoftax": -186000000,
        "othercomprehensiveincomelosspensionandotherpostretirementbenefitplansadjustmentnetoftax": 18000000,
        "othercomprehensiveincomelosscashflowhedgegainlossafterreclassificationandtax": -27000000,
        "othercomprehensiveincomelossnetoftax": -1000000,
        "comprehensiveincomenetoftaxincludingportionattributabletononcontrollinginterest": 756000000,
        "comprehensiveincomenetoftax": 726000000
    },
    {
        "date": "2022-03-30",
        "symbol": "EMR",
        "period": "Q2",
        "revenuefromcontractwithcustomerexcludingassessedtax": 4794000000,
        "costofgoodsandservicessold": 2839000000,
        "sellinggeneralandadministrativeexpense": 1049000000,
        "gainfromperiodicdistributionfromretainedsubordinatedinterestinvertivvrt": 0,
        "otherdeductionsnet": 40000000,
        "interestincomeexpensenonoperatingnet": -52000000,
        "incomelossfromcontinuingoperationsbeforeincometaxesextraordinaryitemsnoncontrollinginterest": -33000000,
        "incometaxexpensebenefit": 136000000,
        "profitloss": 675000000,
        "netincomeloss": 674000000,
        "earningspersharebasic": 1.1300000000000001,
        "earningspersharediluted": 1.13,
        "weightedaveragenumberofsharesoutstandingbasic": -700000,
        "weightedaveragenumberofdilutedsharesoutstanding": -800000,
        "investmentincomeinterest": 4000000,
        "othercomprehensiveincomelossforeigncurrencytransactionandtranslationadjustmentnetoftax": -59000000,
        "othercomprehensiveincomelosspensionandotherpostretirementbenefitplansadjustmentnetoftax": 18000000,
        "othercomprehensiveincomelosscashflowhedgegainlossafterreclassificationandtax": 6000000,
        "othercomprehensiveincomelossnetoftax": 49000000,
        "comprehensiveincomenetoftaxincludingportionattributabletononcontrollinginterest": 639000000,
        "comprehensiveincomenetoftaxattributabletononcontrollinginterest": 0,
        "comprehensiveincomenetoftax": 639000000
    },
    {
        "date": "2021-12-30",
        "symbol": "EMR",
        "period": "Q1",
        "revenuefromcontractwithcustomerexcludingassessedtax": 4476000000,
        "costofgoodsandservicessold": 2651000000,
        "sellinggeneralandadministrativeexpense": 1011000000,
        "gainfromperiodicdistributionfromretainedsubordinatedinterestinvertivvrt": 453000000,
        "otherdeductionsnet": 51000000,
        "interestincomeexpensenonoperatingnet": -38000000,
        "incomelossfromcontinuingoperationsbeforeincometaxesextraordinaryitemsnoncontrollinginterest": -50000000,
        "incometaxexpensebenefit": 280000000,
        "profitloss": 895000000,
        "netincomelossattributabletononcontrollinginterest": -1000000,
        "netincomeloss": 896000000,
        "earningspersharebasic": 1.51,
        "earningspersharediluted": 1.5,
        "weightedaveragenumberofsharesoutstandingbasic": 594600000,
        "weightedaveragenumberofdilutedsharesoutstanding": 598100000,
        "investmentincomeinterest": 3000000,
        "othercomprehensiveincomelossforeigncurrencytransactionandtranslationadjustmentnetoftax": -72000000,
        "othercomprehensiveincomelosspensionandotherpostretirementbenefitplansadjustmentnetoftax": 18000000,
        "othercomprehensiveincomelosscashflowhedgegainlossafterreclassificationandtax": 4000000,
        "othercomprehensiveincomelossnetoftax": -50000000,
        "comprehensiveincomenetoftaxincludingportionattributabletononcontrollinginterest": 845000000,
        "comprehensiveincomenetoftaxattributabletononcontrollinginterest": -1000000,
        "comprehensiveincomenetoftax": 846000000
    },
    {
        "date": "2021-09-29",
        "symbol": "EMR",
        "period": "Q4",
        "revenuefromcontractwithcustomerexcludingassessedtax": -11058000000,
        "costofgoodsandservicessold": 2951000000,
        "sellinggeneralandadministrativeexpense": 1054000000,
        "otherdeductionsnet": 75000000,
        "interestincomeexpensenonoperatingnet": -39000000,
        "incomelossfromcontinuingoperationsbeforeincometaxesextraordinaryitemsnoncontrollinginterest": -40000000,
        "incometaxexpensebenefit": 154000000,
        "profitloss": 674000000,
        "netincomelossattributabletononcontrollinginterest": 4000000,
        "netincomeloss": 670000000,
        "earningspersharebasic": 1.1199999999999999,
        "earningspersharediluted": 1.1099999999999997,
        "investmentincomeinterest": 3000000,
        "othercomprehensiveincomelossforeigncurrencytransactionandtranslationadjustmentnetoftax": -81000000,
        "othercomprehensiveincomelossnetoftax": -248000000,
        "comprehensiveincomenetoftaxincludingportionattributabletononcontrollinginterest": 1108000000,
        "comprehensiveincomenetoftaxattributabletononcontrollinginterest": 3000000,
        "comprehensiveincomenetoftax": 1105000000
    },
    {
        "date": "2021-06-29",
        "symbol": "EMR",
        "period": "Q3",
        "revenuefromcontractwithcustomerexcludingassessedtax": 4704000000,
        "costofgoodsandservicessold": 2715000000,
        "sellinggeneralandadministrativeexpense": 1073000000,
        "otherdeductionsnet": 88000000,
        "interestincomeexpensenonoperatingnet": -37000000,
        "incomelossfromcontinuingoperationsbeforeincometaxesextraordinaryitemsnoncontrollinginterest": -33000000,
        "incometaxexpensebenefit": 151000000,
        "profitloss": 633000000,
        "netincomelossattributabletononcontrollinginterest": 6000000,
        "netincomeloss": 627000000,
        "earningspersharebasic": 1.05,
        "earningspersharediluted": 1.04,
        "investmentincomeinterest": 3000000,
        "othercomprehensiveincomelossforeigncurrencytransactionandtranslationadjustmentnetoftax": -6000000,
        "othercomprehensiveincomelosspensionandotherpostretirementbenefitplansadjustmentincludingdivestituresnetoftax": -27000000,
        "othercomprehensiveincomelossderivativesqualifyingashedgesnetoftax": -6000000,
        "othercomprehensiveincomelossnetoftax": 1000000,
        "comprehensiveincomenetoftaxincludingportionattributabletononcontrollinginterest": 649000000,
        "comprehensiveincomenetoftaxattributabletononcontrollinginterest": 7000000,
        "comprehensiveincomenetoftax": 642000000
    },
    {
        "date": "2021-03-30",
        "symbol": "EMR",
        "period": "Q2",
        "revenuefromcontractwithcustomerexcludingassessedtax": 4438000000,
        "costofgoodsandservicessold": 2569000000,
        "sellinggeneralandadministrativeexpense": 1054000000,
        "otherdeductionsnet": 33000000,
        "interestincomeexpensenonoperatingnet": -38000000,
        "incomelossfromcontinuingoperationsbeforeincometaxesextraordinaryitemsnoncontrollinginterest": -15000000,
        "incometaxexpensebenefit": 169000000,
        "profitloss": 568000000,
        "netincomelossattributabletononcontrollinginterest": 7000000,
        "netincomeloss": 561000000,
        "earningspersharebasic": 0.94,
        "earningspersharediluted": 0.93,
        "investmentincomeinterest": 4000000,
        "othercomprehensiveincomelossforeigncurrencytransactionandtranslationadjustmentnetoftax": -20000000,
        "othercomprehensiveincomelosspensionandotherpostretirementbenefitplansadjustmentincludingdivestituresnetoftax": -27000000,
        "othercomprehensiveincomelossderivativesqualifyingashedgesnetoftax": 1000000,
        "othercomprehensiveincomelossnetoftax": -1000000,
        "comprehensiveincomenetoftaxincludingportionattributabletononcontrollinginterest": 575000000,
        "comprehensiveincomenetoftaxattributabletononcontrollinginterest": 6000000,
        "comprehensiveincomenetoftax": 569000000
    },
    {
        "date": "2020-12-30",
        "symbol": "EMR",
        "period": "Q1",
        "revenuefromcontractwithcustomerexcludingassessedtax": 4168000000,
        "costofgoodsandservicessold": 2438000000,
        "sellinggeneralandadministrativeexpense": 998000000,
        "otherdeductionsnet": 122000000,
        "interestincomeexpensenonoperatingnet": -40000000,
        "incomelossfromcontinuingoperationsbeforeincometaxesextraordinaryitemsnoncontrollinginterest": -28000000,
        "incometaxexpensebenefit": 111000000,
        "profitloss": 452000000,
        "netincomelossattributabletononcontrollinginterest": 7000000,
        "netincomeloss": 445000000,
        "earningspersharebasic": 0.74,
        "earningspersharediluted": 0.74,
        "investmentincomeinterest": 2000000,
        "othercomprehensiveincomelossforeigncurrencytransactionandtranslationadjustmentnetoftax": 189000000,
        "othercomprehensiveincomelosspensionandotherpostretirementbenefitplansadjustmentincludingdivestituresnetoftax": -27000000,
        "othercomprehensiveincomelossderivativesqualifyingashedgesnetoftax": 31000000,
        "othercomprehensiveincomelossnetoftax": 247000000,
        "comprehensiveincomenetoftaxincludingportionattributabletononcontrollinginterest": 699000000,
        "comprehensiveincomenetoftaxattributabletononcontrollinginterest": 7000000,
        "comprehensiveincomenetoftax": 692000000
    },
    {
        "date": "2020-09-29",
        "symbol": "EMR",
        "period": "Q4",
        "revenuefromcontractwithcustomerexcludingassessedtax": -10393000000,
        "costofgoodsandservicessold": 2676000000,
        "sellinggeneralandadministrativeexpense": 946000000,
        "otherdeductionsnet": 131000000,
        "interestincomeexpensenonoperatingnet": -40000000,
        "incomelossfromcontinuingoperationsbeforeincometaxesextraordinaryitemsnoncontrollinginterest": -3000000,
        "incometaxexpensebenefit": 35000000,
        "profitloss": 730000000,
        "netincomelossattributabletononcontrollinginterest": 7000000,
        "netincomeloss": 723000000,
        "earningspersharebasic": 1.2099999999999997,
        "earningspersharediluted": 1.2000000000000004,
        "investmentincomeinterest": 3000000,
        "othercomprehensiveincomelossforeigncurrencytransactionandtranslationadjustmentnetoftax": 131000000,
        "othercomprehensiveincomelossderivativesqualifyingashedgesnetoftax": 14000000,
        "othercomprehensiveincomelossnetoftax": -144000000,
        "comprehensiveincomenetoftaxincludingportionattributabletononcontrollinginterest": 854000000,
        "comprehensiveincomenetoftaxattributabletononcontrollinginterest": 9000000,
        "comprehensiveincomenetoftax": 845000000
    },
    {
        "date": "2020-06-29",
        "symbol": "EMR",
        "period": "Q3",
        "revenuefromcontractwithcustomerexcludingassessedtax": 3916000000,
        "costofgoodsandservicessold": 2296000000,
        "sellinggeneralandadministrativeexpense": 934000000,
        "otherdeductionsnet": 181000000,
        "interestincomeexpensenonoperatingnet": -45000000,
        "incomelossfromcontinuingoperationsbeforeincometaxesextraordinaryitemsnoncontrollinginterest": -22000000,
        "incometaxexpensebenefit": 51000000,
        "profitloss": 407000000,
        "netincomelossattributabletononcontrollinginterest": 8000000,
        "netincomeloss": 399000000,
        "earningspersharebasic": 0.67,
        "earningspersharediluted": 0.67,
        "investmentincomeinterest": 4000000,
        "othercomprehensiveincomelossforeigncurrencytransactionandtranslationadjustmentnetoftax": 135000000,
        "othercomprehensiveincomelosspensionandotherpostretirementbenefitplansadjustmentincludingdivestituresnetoftax": -29000000,
        "othercomprehensiveincomelossderivativesqualifyingashedgesnetoftax": 40000000,
        "othercomprehensiveincomelossnetoftax": -1000000,
        "comprehensiveincomenetoftaxincludingportionattributabletononcontrollinginterest": 610000000,
        "comprehensiveincomenetoftaxattributabletononcontrollinginterest": 7000000,
        "comprehensiveincomenetoftax": 603000000
    },
    {
        "date": "2020-03-30",
        "symbol": "EMR",
        "period": "Q2",
        "revenuefromcontractwithcustomerexcludingassessedtax": 4162000000,
        "costofgoodsandservicessold": 2412000000,
        "sellinggeneralandadministrativeexpense": 983000000,
        "otherdeductionsnet": 42000000,
        "interestincomeexpensenonoperatingnet": -36000000,
        "incomelossfromcontinuingoperationsbeforeincometaxesextraordinaryitemsnoncontrollinginterest": 689000000,
        "incometaxexpensebenefit": 165000000,
        "profitloss": 524000000,
        "netincomelossattributabletononcontrollinginterest": 7000000,
        "netincomeloss": 517000000,
        "earningspersharebasic": 0.85,
        "earningspersharediluted": 0.84,
        "commonstockdividendspersharecashpaid": 0.5,
        "investmentincomeinterest": 6000000,
        "othercomprehensiveincomelossforeigncurrencytransactionandtranslationadjustmentnetoftax": -281000000,
        "othercomprehensiveincomelosspensionandotherpostretirementbenefitplansadjustmentincludingdivestituresnetoftax": -30000000,
        "othercomprehensiveincomelossderivativesqualifyingashedgesnetoftax": -75000000,
        "othercomprehensiveincomelossnetoftax": -326000000,
        "comprehensiveincomenetoftaxincludingportionattributabletononcontrollinginterest": 198000000,
        "comprehensiveincomenetoftaxattributabletononcontrollinginterest": 8000000,
        "comprehensiveincomenetoftax": 190000000
    },
    {
        "date": "2019-12-30",
        "symbol": "EMR",
        "period": "Q1",
        "profitloss": 329000000,
        "othercomprehensiveincomelossforeigncurrencytransactionandtranslationadjustmentnetoftax": 99000000,
        "othercomprehensiveincomelosspensionandotherpostretirementbenefitplansadjustmentincludingdivestituresnetoftax": -28000000,
        "othercomprehensiveincomelossderivativesqualifyingashedgesnetoftax": 19000000,
        "othercomprehensiveincomelossnetoftax": 146000000,
        "comprehensiveincomenetoftaxincludingportionattributabletononcontrollinginterest": 475000000,
        "comprehensiveincomenetoftaxattributabletononcontrollinginterest": 3000000,
        "comprehensiveincomenetoftax": 472000000,
        "revenuefromcontractwithcustomerexcludingassessedtax": 4155000000,
        "costofgoodsandservicessold": 2392000000,
        "sellinggeneralandadministrativeexpense": 1123000000,
        "otherdeductionsnet": 178000000,
        "interestincomeexpensenonoperatingnet": -35000000,
        "incomelossfromcontinuingoperationsbeforeincometaxesextraordinaryitemsnoncontrollinginterest": -46000000,
        "incometaxexpensebenefit": 94000000,
        "netincomelossattributabletononcontrollinginterest": 3000000,
        "netincomeloss": 326000000,
        "earningspersharebasic": 0.53,
        "earningspersharediluted": 0.53,
        "commonstockdividendspersharecashpaid": 0.5,
        "investmentincomeinterest": 6000000
    },
    {
        "date": "2019-09-29",
        "symbol": "EMR",
        "period": "Q4",
        "profitloss": 724000000,
        "othercomprehensiveincomelossforeigncurrencytransactionandtranslationadjustmentnetoftax": -153000000,
        "othercomprehensiveincomelossderivativesqualifyingashedgesnetoftax": -7000000,
        "othercomprehensiveincomelossnetoftax": -583000000,
        "comprehensiveincomenetoftaxincludingportionattributabletononcontrollinginterest": 17000000,
        "comprehensiveincomenetoftaxattributabletononcontrollinginterest": 6000000,
        "comprehensiveincomenetoftax": 11000000,
        "revenuefromcontractwithcustomerexcludingassessedtax": -7809000000,
        "costofgoodsandservicessold": 2843000000,
        "sellinggeneralandadministrativeexpense": 1109000000,
        "otherdeductionsnet": 153000000,
        "interestincomeexpensenonoperatingnet": -40000000,
        "incomelossfromcontinuingoperationsbeforeincometaxesextraordinaryitemsnoncontrollinginterest": -824000000,
        "incometaxexpensebenefit": 102000000,
        "netincomelossattributabletononcontrollinginterest": 7000000,
        "netincomeloss": 717000000,
        "earningspersharebasic": 1.1700000000000002,
        "earningspersharediluted": 1.1600000000000004,
        "investmentincomeinterest": 8000000
    },
    {
        "date": "2019-06-29",
        "symbol": "EMR",
        "period": "Q3",
        "profitloss": 612000000,
        "othercomprehensiveincomelossforeigncurrencytransactionandtranslationadjustmentnetoftax": -93000000,
        "othercomprehensiveincomelosspensionandotherpostretirementbenefitplansadjustmentincludingdivestituresnetoftax": -13000000,
        "othercomprehensiveincomelossderivativesqualifyingashedgesnetoftax": -8000000,
        "othercomprehensiveincomelossnetoftax": -88000000,
        "comprehensiveincomenetoftaxincludingportionattributabletononcontrollinginterest": 524000000,
        "comprehensiveincomenetoftaxattributabletononcontrollinginterest": 8000000,
        "comprehensiveincomenetoftax": 516000000,
        "revenuefromcontractwithcustomerexcludingassessedtax": 4687000000,
        "costofgoodsandservicessold": 2683000000,
        "sellinggeneralandadministrativeexpense": 1126000000,
        "otherdeductionsnet": 65000000,
        "interestincomeexpensenonoperatingnet": -43000000,
        "incomelossfromcontinuingoperationsbeforeincometaxesextraordinaryitemsnoncontrollinginterest": -43000000,
        "incometaxexpensebenefit": 155000000,
        "netincomelossattributabletononcontrollinginterest": 8000000,
        "netincomeloss": 604000000,
        "earningspersharebasic": 0.98,
        "earningspersharediluted": 0.97,
        "commonstockdividendspersharecashpaid": 0.49,
        "investmentincomeinterest": 7000000
    },
    {
        "date": "2019-03-30",
        "symbol": "EMR",
        "period": "Q2",
        "profitloss": 525000000,
        "othercomprehensiveincomelossforeigncurrencytransactionandtranslationadjustmentnetoftax": 87000000,
        "othercomprehensiveincomelosspensionandotherpostretirementbenefitplansadjustmentincludingdivestituresnetoftax": -12000000,
        "othercomprehensiveincomelossderivativesqualifyingashedgesnetoftax": 25000000,
        "othercomprehensiveincomelossnetoftax": 1000000,
        "comprehensiveincomenetoftaxincludingportionattributabletononcontrollinginterest": 650000000,
        "comprehensiveincomenetoftaxattributabletononcontrollinginterest": 6000000,
        "comprehensiveincomenetoftax": 644000000,
        "revenuefromcontractwithcustomerexcludingassessedtax": 937000000,
        "costofgoodsandservicessold": 2645000000,
        "sellinggeneralandadministrativeexpense": 1145000000,
        "otherdeductionsnet": 57000000,
        "interestincomeexpensenonoperatingnet": -48000000,
        "incomelossfromcontinuingoperationsbeforeincometaxesextraordinaryitemsnoncontrollinginterest": 102000000,
        "incometaxexpensebenefit": 150000000,
        "netincomelossattributabletononcontrollinginterest": 5000000,
        "netincomeloss": 520000000,
        "earningspersharebasic": 0.85,
        "earningspersharediluted": 0.84,
        "commonstockdividendspersharecashpaid": 0.49,
        "investmentincomeinterest": 7000000
    },
    {
        "date": "2018-12-30",
        "symbol": "EMR",
        "period": "Q1",
        "profitloss": 467000000,
        "othercomprehensiveincomelossforeigncurrencytransactionandtranslationadjustmentnetoftax": -35000000,
        "othercomprehensiveincomelosspensionandotherpostretirementbenefitplansadjustmentincludingdivestituresnetoftax": -13000000,
        "othercomprehensiveincomelossderivativesqualifyingashedgesnetoftax": -15000000,
        "othercomprehensiveincomelossnetoftax": -37000000,
        "comprehensiveincomenetoftaxincludingportionattributabletononcontrollinginterest": 430000000,
        "comprehensiveincomenetoftaxattributabletononcontrollinginterest": 2000000,
        "comprehensiveincomenetoftax": 428000000,
        "revenuefromcontractwithcustomerexcludingassessedtax": 4147000000,
        "costofgoodsandservicessold": 2386000000,
        "sellinggeneralandadministrativeexpense": 1077000000,
        "otherdeductionsnet": 50000000,
        "interestincomeexpensenonoperatingnet": -43000000,
        "incomelossfromcontinuingoperationsbeforeincometaxesextraordinaryitemsnoncontrollinginterest": 591000000,
        "incometaxexpensebenefit": 124000000,
        "netincomelossattributabletononcontrollinginterest": 2000000,
        "netincomeloss": 465000000,
        "earningspersharebasic": 0.74,
        "earningspersharediluted": 0.74,
        "commonstockdividendspersharecashpaid": 0.49,
        "investmentincomeinterest": 5000000
    },
    {
        "date": "2018-09-29",
        "symbol": "EMR",
        "period": "Q4",
        "profitloss": -1605000000,
        "othercomprehensiveincomelossforeigncurrencytransactionandtranslationadjustmentnetoftax": -113000000,
        "othercomprehensiveincomelossderivativesqualifyingashedgesnetoftax": 15000000,
        "othercomprehensiveincomelossnetoftax": 77000000,
        "comprehensiveincomenetoftaxincludingportionattributabletononcontrollinginterest": 699000000,
        "comprehensiveincomenetoftaxattributabletononcontrollinginterest": 5000000,
        "comprehensiveincomenetoftax": 694000000,
        "salesrevenuenet": -1926000000,
        "costofgoodsandservicessold": 2823000000,
        "sellinggeneralandadministrativeexpense": 1180000000,
        "otherdeductionsnet": 101000000,
        "interestincomeexpensenonoperatingnet": -46000000,
        "incomelossfromcontinuingoperationsbeforeincometaxesextraordinaryitemsnoncontrollinginterest": 216000000,
        "incometaxexpensebenefit": 116000000,
        "incomelossfromcontinuingoperationsincludingportionattributabletononcontrollinginterest": -1247000000,
        "netincomelossattributabletononcontrollinginterest": 5000000,
        "netincomeloss": 617000000,
        "incomelossfromcontinuingoperations": 617000000,
        "incomelossfromcontinuingoperationsperbasicshare": 0.9800000000000001,
        "earningspersharebasic": 0.9800000000000001,
        "incomelossfromcontinuingoperationsperdilutedshare": 0.9699999999999999,
        "earningspersharediluted": -1.9400000000000002,
        "investmentincomeinterest": 8000000
    },
    {
        "date": "2018-06-29",
        "symbol": "EMR",
        "period": "Q3",
        "profitloss": 719000000,
        "othercomprehensiveincomelossforeigncurrencytransactionandtranslationadjustmentnetoftax": -273000000,
        "othercomprehensiveincomelosspensionandotherpostretirementbenefitplansadjustmentincludingdivestituresnetoftax": -22000000,
        "othercomprehensiveincomelossderivativesqualifyingashedgesnetoftax": -14000000,
        "othercomprehensiveincomelossnetoftax": -265000000,
        "comprehensiveincomenetoftaxincludingportionattributabletononcontrollinginterest": 454000000,
        "comprehensiveincomenetoftaxattributabletononcontrollinginterest": 7000000,
        "comprehensiveincomenetoftax": 447000000,
        "salesrevenuenet": 953000000,
        "costofgoodsandservicessold": 2507000000,
        "sellinggeneralandadministrativeexpense": 1054000000,
        "otherdeductionsnet": 88000000,
        "interestincomeexpensenonoperatingnet": -39000000,
        "incomelossfromcontinuingoperationsbeforeincometaxesextraordinaryitemsnoncontrollinginterest": 93000000,
        "incometaxexpensebenefit": 49000000,
        "incomelossfromcontinuingoperationsincludingportionattributabletononcontrollinginterest": 719000000,
        "netincomelossattributabletononcontrollinginterest": 7000000,
        "netincomeloss": 712000000,
        "incomelossfromcontinuingoperations": 712000000,
        "incomelossfromcontinuingoperationsperbasicshare": 1.13,
        "earningspersharebasic": 1.13,
        "incomelossfromcontinuingoperationsperdilutedshare": 1.12,
        "earningspersharediluted": 1.12,
        "commonstockdividendspersharecashpaid": 0.485,
        "investmentincomeinterest": 10000000
    },
    {
        "date": "2018-03-30",
        "symbol": "EMR",
        "period": "Q2",
        "profitloss": 489000000,
        "othercomprehensiveincomelossforeigncurrencytransactionandtranslationadjustmentnetoftax": 148000000,
        "othercomprehensiveincomelosspensionandotherpostretirementbenefitplansadjustmentincludingdivestituresnetoftax": -22000000,
        "othercomprehensiveincomelossderivativesqualifyingashedgesnetoftax": -5000000,
        "othercomprehensiveincomelossnetoftax": 165000000,
        "comprehensiveincomenetoftaxincludingportionattributabletononcontrollinginterest": 654000000,
        "comprehensiveincomenetoftaxattributabletononcontrollinginterest": 7000000,
        "comprehensiveincomenetoftax": 647000000,
        "salesrevenuenet": 926000000,
        "costofgoodsandservicessold": 2423000000,
        "sellinggeneralandadministrativeexpense": 1032000000,
        "otherdeductionsnet": 99000000,
        "interestincomeexpensenonoperatingnet": -36000000,
        "incomelossfromcontinuingoperationsbeforeincometaxesextraordinaryitemsnoncontrollinginterest": 96000000,
        "incometaxexpensebenefit": 169000000,
        "incomelossfromcontinuingoperationsincludingportionattributabletononcontrollinginterest": 489000000,
        "netincomelossattributabletononcontrollinginterest": 7000000,
        "netincomeloss": 482000000,
        "incomelossfromcontinuingoperations": 482000000,
        "incomelossfromcontinuingoperationsperbasicshare": 0.76,
        "earningspersharebasic": 0.76,
        "incomelossfromcontinuingoperationsperdilutedshare": 0.76,
        "earningspersharediluted": 0.76,
        "commonstockdividendspersharecashpaid": 0.485,
        "investmentincomeinterest": 14000000
    },
    {
        "date": "2017-12-30",
        "symbol": "EMR",
        "period": "Q1",
        "profitloss": 394000000,
        "othercomprehensiveincomelossforeigncurrencytransactionandtranslationadjustmentnetoftax": 7000000,
        "othercomprehensiveincomelosspensionandotherpostretirementbenefitplansadjustmentincludingdivestituresnetoftax": -23000000,
        "othercomprehensiveincomelossderivativesqualifyingashedgesnetoftax": -3000000,
        "othercomprehensiveincomelossnetoftax": 27000000,
        "comprehensiveincomenetoftaxincludingportionattributabletononcontrollinginterest": 421000000,
        "comprehensiveincomenetoftaxattributabletononcontrollinginterest": 2000000,
        "comprehensiveincomenetoftax": 419000000,
        "salesrevenuenet": 3816000000,
        "costofgoodsandservicessold": 2195000000,
        "sellinggeneralandadministrativeexpense": 992000000,
        "otherdeductionsnet": 88000000,
        "interestincomeexpensenonoperatingnet": -38000000,
        "incomelossfromcontinuingoperationsbeforeincometaxesextraordinaryitemsnoncontrollinginterest": -25000000,
        "incometaxexpensebenefit": 109000000,
        "incomelossfromcontinuingoperationsincludingportionattributabletononcontrollinginterest": -19000000,
        "netincomelossattributabletononcontrollinginterest": 2000000,
        "netincomeloss": 392000000,
        "incomelossfromcontinuingoperations": 392000000,
        "incomelossfromcontinuingoperationsperbasicshare": 0.61,
        "earningspersharebasic": 0.61,
        "incomelossfromcontinuingoperationsperdilutedshare": 0.61,
        "earningspersharediluted": -0.03,
        "commonstockdividendspersharecashpaid": 0.485,
        "investmentincomeinterest": 11000000
    },
    {
        "date": "2017-09-29",
        "symbol": "EMR",
        "period": "Q4",
        "profitloss": -677000000,
        "othercomprehensiveincomelossforeigncurrencytransactionandtranslationadjustmentnetoftax": 213000000,
        "othercomprehensiveincomelossderivativesqualifyingashedgesnetoftax": 0,
        "othercomprehensiveincomelossnetoftax": -455000000,
        "comprehensiveincomenetoftaxincludingportionattributabletononcontrollinginterest": 1066000000,
        "comprehensiveincomenetoftaxattributabletononcontrollinginterest": 6000000,
        "comprehensiveincomenetoftax": 1060000000,
        "salesrevenuenet": 950000000,
        "costofgoodsandservicessold": 2631000000,
        "sellinggeneralandadministrativeexpense": 997000000,
        "otherdeductionsnet": 83000000,
        "interestincomeexpensenonoperatingnet": -39000000,
        "incomelossfromcontinuingoperationsbeforeincometaxesextraordinaryitemsnoncontrollinginterest": -642000000,
        "incometaxexpensebenefit": 183000000,
        "incomelossfromcontinuingoperationsincludingportionattributabletononcontrollinginterest": 502000000,
        "incomelossfromdiscontinuedoperationsnetoftax": 28000000,
        "netincomelossattributabletononcontrollinginterest": 6000000,
        "netincomeloss": 504000000,
        "incomelossfromcontinuingoperations": 496000000,
        "incomelossfromcontinuingoperationsperbasicshare": 0.77,
        "incomelossfromdiscontinuedoperationsnetoftaxperbasicshare": 0.009999999999999995,
        "earningspersharebasic": 0.78,
        "incomelossfromcontinuingoperationsperdilutedshare": 0.77,
        "incomelossfromdiscontinuedoperationsnetoftaxperdilutedshare": 0.009999999999999995,
        "earningspersharediluted": 0.78,
        "investmentincomeinterest": 11000000
    },
    {
        "date": "2017-06-29",
        "symbol": "EMR",
        "period": "Q3",
        "profitloss": -35000000,
        "othercomprehensiveincomelossforeigncurrencytransactionandtranslationadjustmentnetoftax": 74000000,
        "othercomprehensiveincomelosspensionandotherpostretirementbenefitplansadjustmentincludingdivestituresnetoftax": -35000000,
        "othercomprehensiveincomelossderivativesqualifyingashedgesnetoftax": 5000000,
        "othercomprehensiveincomelossnetoftax": 114000000,
        "comprehensiveincomenetoftaxincludingportionattributabletononcontrollinginterest": 539000000,
        "comprehensiveincomenetoftaxattributabletononcontrollinginterest": 11000000,
        "comprehensiveincomenetoftax": 528000000,
        "salesrevenuenet": 772000000,
        "costofgoodsandservicessold": 2361000000,
        "sellinggeneralandadministrativeexpense": 931000000,
        "otherdeductionsnet": 87000000,
        "interestincomeexpensenonoperatingnet": -39000000,
        "incomelossfromcontinuingoperationsbeforeincometaxesextraordinaryitemsnoncontrollinginterest": 97000000,
        "incometaxexpensebenefit": 202000000,
        "incomelossfromcontinuingoperationsincludingportionattributabletononcontrollinginterest": 419000000,
        "incomelossfromdiscontinuedoperationsnetoftax": 6000000,
        "netincomelossattributabletononcontrollinginterest": 12000000,
        "netincomeloss": 413000000,
        "incomelossfromcontinuingoperations": 407000000,
        "incomelossfromcontinuingoperationsperbasicshare": 0.63,
        "incomelossfromdiscontinuedoperationsnetoftaxperbasicshare": 0.01,
        "earningspersharebasic": 0.64,
        "incomelossfromcontinuingoperationsperdilutedshare": 0.63,
        "incomelossfromdiscontinuedoperationsnetoftaxperdilutedshare": 0.01,
        "earningspersharediluted": 0.64,
        "commonstockdividendspersharecashpaid": 0.48,
        "investmentincomeinterest": 10000000
    },
    {
        "date": "2017-03-30",
        "symbol": "EMR",
        "period": "Q2",
        "profitloss": 300000000,
        "othercomprehensiveincomelossforeigncurrencytransactionandtranslationadjustmentnetoftax": 259000000,
        "othercomprehensiveincomelosspensionandotherpostretirementbenefitplansadjustmentincludingdivestituresnetoftax": -65000000,
        "othercomprehensiveincomelossderivativesqualifyingashedgesnetoftax": 17000000,
        "othercomprehensiveincomelossnetoftax": 341000000,
        "comprehensiveincomenetoftaxincludingportionattributabletononcontrollinginterest": 641000000,
        "comprehensiveincomenetoftaxattributabletononcontrollinginterest": 9000000,
        "comprehensiveincomenetoftax": 632000000,
        "salesrevenuenet": 497000000,
        "costofgoodsandservicessold": 2017000000,
        "sellinggeneralandadministrativeexpense": 868000000,
        "otherdeductionsnet": 83000000,
        "interestincomeexpensenonoperatingnet": -41000000,
        "incomelossfromcontinuingoperationsbeforeincometaxesextraordinaryitemsnoncontrollinginterest": 96000000,
        "incometaxexpensebenefit": 181000000,
        "incomelossfromcontinuingoperationsincludingportionattributabletononcontrollinginterest": 384000000,
        "incomelossfromdiscontinuedoperationsnetoftaxattributabletoreportingentity": -84000000,
        "incomelossfromdiscontinuedoperationsnetoftax": -98000000,
        "netincomelossattributabletononcontrollinginterest": 8000000,
        "netincomeloss": 292000000,
        "incomelossfromcontinuingoperations": 376000000,
        "incomelossfromcontinuingoperationsperbasicshare": 0.58,
        "incomelossfromdiscontinuedoperationsnetoftaxperbasicshare": -0.13,
        "earningspersharebasic": 0.45,
        "incomelossfromcontinuingoperationsperdilutedshare": 0.58,
        "incomelossfromdiscontinuedoperationsnetoftaxperdilutedshare": -0.13,
        "earningspersharediluted": 0.45,
        "commonstockdividendspersharecashpaid": 0.48,
        "investmentincomeinterest": 9000000
    },
    {
        "date": "2016-12-30",
        "symbol": "EMR",
        "period": "Q1",
        "profitloss": 315000000,
        "othercomprehensiveincomelossforeigncurrencytransactionandtranslationadjustmentnetoftax": -103000000,
        "othercomprehensiveincomelosspensionandotherpostretirementbenefitplansadjustmentincludingdivestituresnetoftax": -55000000,
        "othercomprehensiveincomelossderivativesqualifyingashedgesnetoftax": 15000000,
        "othercomprehensiveincomelossnetoftax": -2000000,
        "comprehensiveincomenetoftaxincludingportionattributabletononcontrollinginterest": 282000000,
        "comprehensiveincomenetoftaxattributabletononcontrollinginterest": 4000000,
        "comprehensiveincomenetoftax": 278000000,
        "salesrevenuenet": 449000000,
        "costofgoodsandservicessold": 1851000000,
        "sellinggeneralandadministrativeexpense": 822000000,
        "otherdeductionsnet": 33000000,
        "interestincomeexpensenonoperatingnet": -46000000,
        "incomelossfromcontinuingoperationsbeforeincometaxesextraordinaryitemsnoncontrollinginterest": 464000000,
        "incometaxexpensebenefit": 94000000,
        "incomelossfromcontinuingoperationsincludingportionattributabletononcontrollinginterest": 370000000,
        "incomelossfromdiscontinuedoperationsnetoftax": -55000000,
        "netincomelossattributabletononcontrollinginterest": 6000000,
        "netincomeloss": 309000000,
        "incomelossfromcontinuingoperations": 364000000,
        "incomelossfromdiscontinuedoperationsnetoftaxattributabletoreportingentity": -55000000,
        "incomelossfromcontinuingoperationsperbasicshare": 0.56,
        "incomelossfromdiscontinuedoperationsnetoftaxperbasicshare": -0.08,
        "earningspersharebasic": 0.48,
        "incomelossfromcontinuingoperationsperdilutedshare": 0.56,
        "incomelossfromdiscontinuedoperationsnetoftaxperdilutedshare": -0.08,
        "earningspersharediluted": 0.48,
        "commonstockdividendspersharecashpaid": 0.48,
        "investmentincomeinterest": 6000000
    },
    {
        "date": "2016-09-29",
        "symbol": "EMR",
        "period": "Q4",
        "profitloss": 445000000,
        "othercomprehensiveincomelossforeigncurrencytransactionandtranslationadjustmentnetoftax": -153000000,
        "othercomprehensiveincomelossderivativesqualifyingashedgesnetoftax": 4000000,
        "othercomprehensiveincomelossnetoftax": -53000000,
        "comprehensiveincomenetoftaxincludingportionattributabletononcontrollinginterest": 10000000,
        "comprehensiveincomenetoftaxattributabletononcontrollinginterest": 7000000,
        "comprehensiveincomenetoftax": 3000000,
        "salesrevenuenet": -861000000,
        "costofgoodsandservicessold": -530000000,
        "sellinggeneralandadministrativeexpense": -183000000,
        "otherdeductionsnet": -44000000,
        "interestincomeexpensenonoperatingnet": -51000000,
        "incomelossfromcontinuingoperationsbeforeincometaxesextraordinaryitemsnoncontrollinginterest": 92000000,
        "incometaxexpensebenefit": 61000000,
        "netincomelossattributabletononcontrollinginterest": 7000000,
        "netincomeloss": 438000000,
        "earningspersharebasic": 0.6799999999999997,
        "earningspersharediluted": 0.6799999999999999,
        "investmentincomeinterest": 3000000
    },
    {
        "date": "2016-06-29",
        "symbol": "EMR",
        "period": "Q3",
        "profitloss": 490000000,
        "othercomprehensiveincomelossforeigncurrencytransactionandtranslationadjustmentnetoftax": -9000000,
        "othercomprehensiveincomelosspensionandotherpostretirementbenefitplansadjustmentincludingdivestituresnetoftax": -25000000,
        "othercomprehensiveincomelossderivativesqualifyingashedgesnetoftax": 3000000,
        "othercomprehensiveincomelossnetoftax": 19000000,
        "comprehensiveincomenetoftaxincludingportionattributabletononcontrollinginterest": 509000000,
        "comprehensiveincomenetoftaxattributabletononcontrollinginterest": 12000000,
        "comprehensiveincomenetoftax": 497000000,
        "salesrevenuenet": 1804000000,
        "costofgoodsandservicessold": 3032000000,
        "sellinggeneralandadministrativeexpense": 1203000000,
        "otherdeductionsnet": 102000000,
        "interestincomeexpensenonoperatingnet": -45000000,
        "incomelossfromcontinuingoperationsbeforeincometaxesextraordinaryitemsnoncontrollinginterest": 271000000,
        "incometaxexpensebenefit": 254000000,
        "netincomelossattributabletononcontrollinginterest": 11000000,
        "netincomeloss": 479000000,
        "earningspersharebasic": 0.74,
        "earningspersharediluted": 0.74,
        "commonstockdividendspersharecashpaid": 0.475,
        "investmentincomeinterest": 8000000
    },
    {
        "date": "2016-03-30",
        "symbol": "EMR",
        "period": "Q2",
        "profitloss": 377000000,
        "othercomprehensiveincomelossforeigncurrencytransactionandtranslationadjustmentnetoftax": 125000000,
        "othercomprehensiveincomelosspensionandotherpostretirementbenefitplansadjustmentincludingdivestituresnetoftax": -27000000,
        "othercomprehensiveincomelossderivativesqualifyingashedgesnetoftax": 5000000,
        "othercomprehensiveincomelossnetoftax": 157000000,
        "comprehensiveincomenetoftaxincludingportionattributabletononcontrollinginterest": 534000000,
        "comprehensiveincomenetoftaxattributabletononcontrollinginterest": 9000000,
        "comprehensiveincomenetoftax": 525000000,
        "salesrevenuenet": 1828000000,
        "costofgoodsandservicessold": 2934000000,
        "sellinggeneralandadministrativeexpense": 1218000000,
        "otherdeductionsnet": 122000000,
        "interestincomeexpensenonoperatingnet": -46000000,
        "incomelossfromcontinuingoperationsbeforeincometaxesextraordinaryitemsnoncontrollinginterest": 265000000,
        "incometaxexpensebenefit": 231000000,
        "netincomelossattributabletononcontrollinginterest": 8000000,
        "netincomeloss": 369000000,
        "earningspersharebasic": 0.57,
        "earningspersharediluted": 0.57,
        "commonstockdividendspersharecashpaid": 0.475,
        "investmentincomeinterest": 8000000
    },
    {
        "date": "2015-12-30",
        "symbol": "EMR",
        "period": "Q1",
        "profitloss": 352000000,
        "othercomprehensiveincomelossforeigncurrencytransactionandtranslationadjustmentnetoftax": -153000000,
        "othercomprehensiveincomelosspensionandotherpostretirementbenefitplansadjustmentincludingdivestituresnetoftax": -26000000,
        "othercomprehensiveincomelossderivativesqualifyingashedgesnetoftax": 6000000,
        "othercomprehensiveincomelossnetoftax": -121000000,
        "comprehensiveincomenetoftaxincludingportionattributabletononcontrollinginterest": 231000000,
        "comprehensiveincomenetoftaxattributabletononcontrollinginterest": 3000000,
        "comprehensiveincomenetoftax": 228000000,
        "salesrevenuenet": 4713000000,
        "costofgoodsandservicessold": 2824000000,
        "sellinggeneralandadministrativeexpense": 1226000000,
        "otherdeductionsnet": 114000000,
        "interestincomeexpensenonoperatingnet": -46000000,
        "incomelossfromcontinuingoperationsbeforeincometaxesextraordinaryitemsnoncontrollinginterest": 503000000,
        "incometaxexpensebenefit": 151000000,
        "netincomelossattributabletononcontrollinginterest": 3000000,
        "netincomeloss": 349000000,
        "earningspersharebasic": 0.54,
        "earningspersharediluted": 0.53,
        "commonstockdividendspersharecashpaid": 0.475,
        "investmentincomeinterest": 8000000
    },
    {
        "date": "2015-09-29",
        "symbol": "EMR",
        "period": "Q4",
        "profitloss": 651000000,
        "othercomprehensiveincomelossforeigncurrencytransactionandtranslationadjustmentnetoftax": -250000000,
        "othercomprehensiveincomelossnetoftax": 480000000,
        "comprehensiveincomenetoftaxincludingportionattributabletononcontrollinginterest": 91000000,
        "comprehensiveincomenetoftaxattributabletononcontrollinginterest": 4000000,
        "comprehensiveincomenetoftax": 87000000,
        "salesrevenuenet": 16788000000,
        "costofgoodsandservicessold": 3446000000,
        "sellinggeneralandadministrativeexpense": 1185000000,
        "otherdeductionsnet": 249000000,
        "interestincomeexpensenonoperatingnet": -45000000,
        "incometaxexpensebenefit": 345000000,
        "netincomelossattributabletononcontrollinginterest": 3000000,
        "netincomeloss": 648000000,
        "earningspersharebasic": 0.99,
        "earningspersharediluted": 0.9800000000000004,
        "investmentincomeinterest": 4000000
    },
    {
        "date": "2015-06-29",
        "symbol": "EMR",
        "period": "Q3",
        "profitloss": 578000000,
        "othercomprehensiveincomelossforeigncurrencytransactionandtranslationadjustmentnetoftax": 189000000,
        "othercomprehensiveincomelossderivativesqualifyingashedgesnetoftax": 0,
        "othercomprehensiveincomelossnetoftax": 217000000,
        "comprehensiveincomenetoftaxincludingportionattributabletononcontrollinginterest": 790000000,
        "comprehensiveincomenetoftaxattributabletononcontrollinginterest": 9000000,
        "comprehensiveincomenetoftax": 781000000,
        "salesrevenuenet": -1404000000,
        "costofgoodsandservicessold": 3269000000,
        "sellinggeneralandadministrativeexpense": 1276000000,
        "otherdeductionsnet": 122000000,
        "interestincomeexpensenonoperatingnet": -40000000,
        "incomelossfromcontinuingoperationsbeforeincometaxesextraordinaryitemsnoncontrollinginterest": 0,
        "incometaxexpensebenefit": 222000000,
        "netincomelossattributabletononcontrollinginterest": 10000000,
        "netincomeloss": 564000000,
        "earningspersharebasic": 0.8400000000000001,
        "earningspersharediluted": 0.8399999999999999,
        "commonstockdividendspersharecashpaid": 0.47,
        "investmentincomeinterest": 9000000
    },
    {
        "date": "2015-03-30",
        "symbol": "EMR",
        "period": "Q2",
        "profitloss": 979000000,
        "othercomprehensiveincomelossforeigncurrencytransactionandtranslationadjustmentnetoftax": -427000000,
        "othercomprehensiveincomelosspensionandotherpostretirementbenefitplansadjustmentincludingdivestituresnetoftax": -28000000,
        "othercomprehensiveincomelossderivativesqualifyingashedgesnetoftax": 1000000,
        "othercomprehensiveincomelossnetoftax": -398000000,
        "comprehensiveincomenetoftaxincludingportionattributabletononcontrollinginterest": 581000000,
        "comprehensiveincomenetoftaxattributabletononcontrollinginterest": 6000000,
        "comprehensiveincomenetoftax": 575000000,
        "salesrevenuenet": 2042000000,
        "costofgoodsandservicessold": 3234000000,
        "sellinggeneralandadministrativeexpense": 1318000000,
        "gainlossonsaleofbusiness": 932000000,
        "otherdeductionsnet": 136000000,
        "interestincomeexpensenonoperatingnet": -40000000,
        "incomelossfromcontinuingoperationsbeforeincometaxesextraordinaryitemsnoncontrollinginterest": 299000000,
        "incometaxexpensebenefit": 625000000,
        "netincomelossattributabletononcontrollinginterest": 6000000,
        "netincomeloss": 973000000,
        "earningspersharebasic": 1.42,
        "earningspersharediluted": 1.42,
        "commonstockdividendspersharecashpaid": 0.47,
        "investmentincomeinterest": 9000000
    },
    {
        "date": "2014-12-30",
        "symbol": "EMR",
        "period": "Q1",
        "profitloss": 525000000,
        "othercomprehensiveincomelossforeigncurrencytransactionandtranslationadjustmentnetoftax": -305000000,
        "othercomprehensiveincomelosspensionandotherpostretirementbenefitplansadjustmentnetoftax": -28000000,
        "othercomprehensiveincomelossderivativesqualifyingashedgesnetoftax": -24000000,
        "othercomprehensiveincomelossnetoftax": -300000000,
        "comprehensiveincomenetoftaxincludingportionattributabletononcontrollinginterest": 228000000,
        "comprehensiveincomenetoftaxattributabletononcontrollinginterest": 3000000,
        "comprehensiveincomenetoftax": 225000000,
        "salesrevenuenet": 5587000000,
        "costofgoodsandservicessold": 3307000000,
        "sellinggeneralandadministrativeexpense": 1405000000,
        "otherdeductionsnet": 64000000,
        "interestincomeexpensenonoperatingnet": -46000000,
        "incomelossfromcontinuingoperationsbeforeincometaxesextraordinaryitemsnoncontrollinginterest": 765000000,
        "incometaxexpensebenefit": 236000000,
        "netincomelossattributabletononcontrollinginterest": 4000000,
        "netincomeloss": 525000000,
        "earningspersharebasic": 0.76,
        "earningspersharediluted": 0.75,
        "commonstockdividendspersharecashpaid": 0.47,
        "investmentincomeinterest": 7000000
    },
    {
        "date": "2014-09-29",
        "symbol": "EMR",
        "period": "Q4",
        "profitloss": -1316000000,
        "othercomprehensiveincomelossforeigncurrencytransactionandtranslationadjustmentnetoftax": -381000000,
        "othercomprehensiveincomelosspensionandotherpostretirementbenefitplansadjustmentnetoftax": 125000000,
        "othercomprehensiveincomelossderivativesqualifyingashedgesnetoftax": -7000000,
        "othercomprehensiveincomelossnetoftax": -87000000,
        "comprehensiveincomenetoftaxincludingportionattributabletononcontrollinginterest": -109000000,
        "comprehensiveincomenetoftaxattributabletononcontrollinginterest": 4000000,
        "comprehensiveincomenetoftax": -113000000,
        "salesrevenuenet": 2049000000,
        "costofgoodsandservicessold": 3918000000,
        "sellinggeneralandadministrativeexpense": 1453000000,
        "otherdeductionsnet": 65000000,
        "interestincomeexpensenonoperatingnet": -47000000,
        "incomelossfromcontinuingoperationsbeforeincometaxesextraordinaryitemsnoncontrollinginterest": 1541000000,
        "incometaxexpensebenefit": 401000000,
        "netincomelossattributabletononcontrollinginterest": -69000000,
        "netincomeloss": 410000000,
        "earningspersharebasic": 0.5899999999999995,
        "earningspersharediluted": 0.5799999999999997,
        "investmentincomeinterest": 6000000
    },
    {
        "date": "2014-06-29",
        "symbol": "EMR",
        "period": "Q3",
        "profitloss": 738000000,
        "othercomprehensiveincomelossforeigncurrencytransactionandtranslationadjustmentnetoftax": 37000000,
        "othercomprehensiveincomelosspensionandotherpostretirementbenefitplansadjustmentnetoftax": -24000000,
        "othercomprehensiveincomelossderivativesqualifyingashedgesnetoftax": 15000000,
        "othercomprehensiveincomelossnetoftax": 76000000,
        "comprehensiveincomenetoftaxincludingportionattributabletononcontrollinginterest": 814000000,
        "comprehensiveincomenetoftaxattributabletononcontrollinginterest": 10000000,
        "comprehensiveincomenetoftax": 804000000,
        "salesrevenuenet": -194000000,
        "costofgoodsandservicessold": 3674000000,
        "sellinggeneralandadministrativeexpense": 1424000000,
        "otherdeductionsnet": 96000000,
        "interestincomeexpensenonoperatingnet": -46000000,
        "incomelossfromcontinuingoperationsbeforeincometaxesextraordinaryitemsnoncontrollinginterest": 107000000,
        "incometaxexpensebenefit": 334000000,
        "netincomelossattributabletononcontrollinginterest": 10000000,
        "netincomeloss": 728000000,
        "earningspersharebasic": 1.03,
        "earningspersharediluted": 1.03,
        "commonstockdividendspersharecashpaid": 0.43,
        "investmentincomeinterest": 7000000
    },
    {
        "date": "2014-03-30",
        "symbol": "EMR",
        "period": "Q2",
        "profitloss": 554000000,
        "othercomprehensiveincomelossforeigncurrencytransactionandtranslationadjustmentnetoftax": -4000000,
        "othercomprehensiveincomelosspensionandotherpostretirementbenefitplansadjustmentnetoftax": -24000000,
        "othercomprehensiveincomelossderivativesqualifyingashedgesnetoftax": -10000000,
        "othercomprehensiveincomelossnetoftax": 10000000,
        "comprehensiveincomenetoftaxincludingportionattributabletononcontrollinginterest": 564000000,
        "comprehensiveincomenetoftaxattributabletononcontrollinginterest": 7000000,
        "comprehensiveincomenetoftax": 557000000,
        "salesrevenuenet": 2108000000,
        "costofgoodsandservicessold": 3417000000,
        "sellinggeneralandadministrativeexpense": 1394000000,
        "otherdeductionsnet": 137000000,
        "interestincomeexpensenonoperatingnet": -47000000,
        "incomelossfromcontinuingoperationsbeforeincometaxesextraordinaryitemsnoncontrollinginterest": 187000000,
        "incometaxexpensebenefit": 263000000,
        "netincomelossattributabletononcontrollinginterest": 7000000,
        "netincomeloss": 547000000,
        "earningspersharebasic": 0.78,
        "earningspersharediluted": 0.77,
        "commonstockdividendspersharecashpaid": 0.43,
        "investmentincomeinterest": 4000000
    },
    {
        "date": "2013-12-30",
        "symbol": "EMR",
        "period": "Q1",
        "profitloss": 15000000,
        "othercomprehensiveincomelossforeigncurrencytransactionandtranslationadjustmentnetoftax": 15000000,
        "othercomprehensiveincomelosspensionandotherpostretirementbenefitplansadjustmentnetoftax": -23000000,
        "othercomprehensiveincomelossderivativesqualifyingashedgesnetoftax": 3000000,
        "othercomprehensiveincomelossnetoftax": -2000000,
        "comprehensiveincomenetoftaxincludingportionattributabletononcontrollinginterest": 518000000,
        "comprehensiveincomenetoftaxattributabletononcontrollinginterest": 13000000,
        "comprehensiveincomenetoftax": 505000000,
        "salesrevenuenet": 146000000,
        "costofgoodsandservicessold": 3370000000,
        "sellinggeneralandadministrativeexpense": 1444000000,
        "otherdeductionsnet": 95000000,
        "interestincomeexpensenonoperatingnet": -54000000,
        "incomelossfromcontinuingoperationsbeforeincometaxesextraordinaryitemsnoncontrollinginterest": 83000000,
        "incometaxexpensebenefit": 166000000,
        "netincomelossattributabletononcontrollinginterest": 15000000,
        "netincomeloss": 462000000,
        "earningspersharebasic": 0.65,
        "earningspersharediluted": 0.65,
        "commonstockdividendspersharecashpaid": 0.43,
        "investmentincomeinterest": 7000000
    },
    {
        "date": "2013-09-29",
        "symbol": "EMR",
        "period": "Q4",
        "profitloss": 820000000,
        "othercomprehensiveincomelossforeigncurrencytransactionandtranslationadjustmentnetoftax": 137000000,
        "othercomprehensiveincomelossderivativesqualifyingashedgesnetoftax": 15000000,
        "othercomprehensiveincomelosspensionandotherpostretirementbenefitplansadjustmentnetoftax": -410000000,
        "othercomprehensiveincomelossnetoftax": 13000000,
        "comprehensiveincomenetoftaxincludingportionattributabletononcontrollinginterest": 1364000000,
        "comprehensiveincomenetoftaxattributabletononcontrollinginterest": 13000000,
        "comprehensiveincomenetoftax": 1351000000,
        "salesrevenuenet": -12825000000,
        "costofgoodsandservicessold": 4008000000,
        "sellinggeneralandadministrativeexpense": 1432000000,
        "interestincomeexpensenonoperatingnet": -56000000,
        "incomelossfromcontinuingoperationsbeforeincometaxesextraordinaryitemsnoncontrollinginterest": -1324000000,
        "incometaxexpensebenefit": 373000000,
        "netincomelossattributabletononcontrollinginterest": -111000000,
        "netincomeloss": 795000000,
        "earningspersharebasic": 1.1099999999999999,
        "earningspersharediluted": 1.0999999999999996,
        "investmentincomeinterest": 4000000
    },
    {
        "date": "2013-06-29",
        "symbol": "EMR",
        "period": "Q3",
        "profitloss": 214000000,
        "othercomprehensiveincomelossforeigncurrencytransactionandtranslationadjustmentnetoftax": -47000000,
        "othercomprehensiveincomelossderivativesqualifyingashedgesnetoftax": -27000000,
        "othercomprehensiveincomelosspensionandotherpostretirementbenefitplansadjustmentnetoftax": -37000000,
        "othercomprehensiveincomelossnetoftax": -37000000,
        "comprehensiveincomenetoftaxincludingportionattributabletononcontrollinginterest": 177000000,
        "comprehensiveincomenetoftaxattributabletononcontrollinginterest": 20000000,
        "comprehensiveincomenetoftax": 157000000,
        "salesrevenuenet": 1119000000,
        "costofgoodsandservicessold": 3776000000,
        "sellinggeneralandadministrativeexpense": 1396000000,
        "goodwillimpairmentloss": 503000000,
        "otherdeductionsnet": 107000000,
        "interestincomeexpensenonoperatingnet": -51000000,
        "incomelossfromcontinuingoperationsbeforeincometaxesextraordinaryitemsnoncontrollinginterest": 1129000000,
        "incometaxexpensebenefit": 297000000,
        "netincomelossattributabletononcontrollinginterest": 20000000,
        "netincomeloss": 194000000,
        "earningspersharebasic": 0.27,
        "earningspersharediluted": 0.27,
        "commonstockdividendspersharecashpaid": 0.41,
        "investmentincomeinterest": 5000000
    },
    {
        "date": "2013-03-30",
        "symbol": "EMR",
        "period": "Q2",
        "profitloss": 578000000,
        "othercomprehensiveincomelossforeigncurrencytransactionandtranslationadjustmentnetoftax": -131000000,
        "othercomprehensiveincomelossderivativesqualifyingashedgesnetoftax": -2000000,
        "othercomprehensiveincomelosspensionandotherpostretirementbenefitplansadjustmentnetoftax": -37000000,
        "othercomprehensiveincomelossnetoftax": -96000000,
        "comprehensiveincomenetoftaxincludingportionattributabletononcontrollinginterest": 482000000,
        "comprehensiveincomenetoftaxattributabletononcontrollinginterest": 12000000,
        "comprehensiveincomenetoftax": 470000000,
        "salesrevenuenet": 6159000000,
        "costofgoodsandservicessold": 3587000000,
        "sellinggeneralandadministrativeexpense": 1426000000,
        "otherdeductionsnet": 59000000,
        "interestincomeexpensenonoperatingnet": -57000000,
        "incomelossfromcontinuingoperationsbeforeincometaxesextraordinaryitemsnoncontrollinginterest": 111000000,
        "incometaxexpensebenefit": 253000000,
        "netincomelossattributabletononcontrollinginterest": 17000000,
        "netincomeloss": 561000000,
        "earningspersharebasic": 0.77,
        "earningspersharediluted": 0.77,
        "commonstockdividendspersharecashpaid": 0.41,
        "investmentincomeinterest": 3000000
    },
    {
        "date": "2012-12-30",
        "symbol": "EMR",
        "period": "Q1",
        "profitloss": 454000000,
        "othercomprehensiveincomelossforeigncurrencytransactionandtranslationadjustmentnetoftax": 79000000,
        "othercomprehensiveincomelossderivativesqualifyingashedgesnetoftax": -3000000,
        "othercomprehensiveincomelosspensionandotherpostretirementbenefitplansadjustmentnetoftax": -37000000,
        "othercomprehensiveincomelossnetoftax": 114000000,
        "comprehensiveincomenetoftaxincludingportionattributabletononcontrollinginterest": 579000000,
        "comprehensiveincomenetoftaxattributabletononcontrollinginterest": 11000000,
        "comprehensiveincomenetoftax": 568000000,
        "salesrevenuenet": 5553000000,
        "costofgoodsandservicessold": 3346000000,
        "sellinggeneralandadministrativeexpense": 1394000000,
        "nonoperatingincomeexpense": -86000000,
        "interestincomeexpensenonoperatingnet": -54000000,
        "incomelossfromcontinuingoperationsbeforeincometaxesextraordinaryitemsnoncontrollinginterest": 800000000,
        "incometaxexpensebenefit": 207000000,
        "netincomelossattributabletononcontrollinginterest": 12000000,
        "netincomeloss": 454000000,
        "earningspersharebasic": 0.63,
        "earningspersharediluted": 0.62,
        "commonstockdividendspersharecashpaid": 0.41,
        "investmentincomeinterest": 4000000
    },
    {
        "date": "2012-06-29",
        "symbol": "EMR",
        "period": "Q3",
        "investmentincomeinterest": 5000000,
        "salesrevenuenet": 6484000000,
        "costofgoodsandservicessold": 3856000000,
        "sellinggeneralandadministrativeexpense": 1338000000,
        "nonoperatingincomeexpense": -84000000,
        "interestincomeexpensenonoperatingnet": -51000000,
        "incomelossfromcontinuingoperationsbeforeincometaxesminorityinterestandincomelossfromequitymethodinvestments": 1155000000,
        "incometaxexpensebenefit": 368000000,
        "profitloss": 787000000,
        "netincomelossattributabletononcontrollinginterest": 17000000,
        "netincomeloss": 770000000,
        "earningspersharebasic": 1.05,
        "earningspersharediluted": 1.04,
        "commonstockdividendspersharecashpaid": 0.4
    },
    {
        "date": "2012-03-30",
        "symbol": "EMR",
        "period": "Q2",
        "salesrevenuenet": 5919000000,
        "costofgoodsandservicessold": 3583000000,
        "sellinggeneralandadministrativeexpense": 1359000000,
        "nonoperatingincomeexpense": -105000000,
        "interestincomeexpensenonoperatingnet": -58000000,
        "incomelossfromcontinuingoperationsbeforeincometaxesminorityinterestandincomelossfromequitymethodinvestments": 814000000,
        "incometaxexpensebenefit": 258000000,
        "profitloss": 556000000,
        "netincomelossattributabletononcontrollinginterest": 11000000,
        "netincomeloss": 545000000,
        "earningspersharebasic": 0.74,
        "earningspersharediluted": 0.74,
        "commonstockdividendspersharecashpaid": 0.4,
        "investmentincomeinterest": 5000000
    },
    {
        "date": "2011-12-30",
        "symbol": "EMR",
        "period": "Q1",
        "salesrevenuenet": 5309000000,
        "costofgoodsandservicessold": 3254000000,
        "sellinggeneralandadministrativeexpense": 1354000000,
        "nonoperatingincomeexpense": -90000000,
        "interestincomeexpensenonoperatingnet": 58000000,
        "incomelossfromcontinuingoperationsbeforeincometaxesminorityinterestandincomelossfromequitymethodinvestments": 553000000,
        "incometaxexpensebenefit": 172000000,
        "profitloss": 371000000,
        "netincomelossattributabletononcontrollinginterest": 10000000,
        "netincomeloss": 371000000,
        "earningspersharebasic": 0.5,
        "earningspersharediluted": 0.5,
        "commonstockdividendspersharecashpaid": 0.4,
        "investmentincomeinterest": 4000000
    },
    {
        "date": "2011-06-29",
        "symbol": "EMR",
        "period": "Q3",
        "salesrevenuenet": 6288000000,
        "costofgoodsandservicessold": 3790000000,
        "sellinggeneralandadministrativeexpense": 1363000000,
        "nonoperatingincomeexpense": -87000000,
        "interestincomeexpensenonoperatingnet": 56000000,
        "incomelossfromcontinuingoperationsbeforeincometaxesminorityinterestandincomelossfromequitymethodinvestments": 992000000,
        "incometaxexpensebenefit": 294000000,
        "incomelossfromcontinuingoperationsincludingportionattributabletononcontrollinginterest": 698000000,
        "profitloss": 698000000,
        "netincomelossattributabletononcontrollinginterest": 15000000,
        "netincomeloss": 683000000,
        "incomelossfromcontinuingoperations": 683000000,
        "incomelossfromcontinuingoperationsperbasicshare": 0.91,
        "earningspersharebasic": 0.91,
        "incomelossfromcontinuingoperationsperdilutedshare": 0.9,
        "earningspersharediluted": 0.9,
        "commonstockdividendspersharecashpaid": 0.345,
        "investmentincomeinterest": 6000000
    },
    {
        "date": "2011-03-30",
        "symbol": "EMR",
        "period": "Q2",
        "salesrevenuenet": 5854000000,
        "costofgoodsandservicessold": 3548000000,
        "sellinggeneralandadministrativeexpense": 1315000000,
        "nonoperatingincomeexpense": -101000000,
        "interestincomeexpensenonoperatingnet": 57000000,
        "incomelossfromcontinuingoperationsbeforeincometaxesminorityinterestandincomelossfromequitymethodinvestments": 833000000,
        "incometaxexpensebenefit": 266000000,
        "incomelossfromcontinuingoperationsincludingportionattributabletononcontrollinginterest": 567000000,
        "profitloss": 567000000,
        "netincomelossattributabletononcontrollinginterest": 11000000,
        "netincomeloss": 556000000,
        "incomelossfromcontinuingoperations": 556000000,
        "incomelossfromcontinuingoperationsperbasicshare": 0.74,
        "earningspersharebasic": 0.74,
        "incomelossfromcontinuingoperationsperdilutedshare": 0.73,
        "earningspersharediluted": 0.73,
        "commonstockdividendspersharecashpaid": 0.345,
        "investmentincomeinterest": 6000000
    },
    {
        "date": "2010-12-30",
        "symbol": "EMR",
        "period": "Q1",
        "salesrevenuenet": 5535000000,
        "costofgoodsandservicessold": 3372000000,
        "sellinggeneralandadministrativeexpense": 1311000000,
        "nonoperatingincomeexpense": -78000000,
        "interestexpensenetofinterestincome": 61000000,
        "incomelossfromcontinuingoperationsbeforeincometaxesminorityinterestandincomelossfromequitymethodinvestments": 713000000,
        "incometaxexpensebenefit": 222000000,
        "incomelossfromcontinuingoperationsincludingportionattributabletononcontrollinginterest": 491000000,
        "profitloss": 480000000,
        "netincomelossattributabletononcontrollinginterest": 11000000,
        "netincomeloss": 480000000,
        "incomelossfromcontinuingoperations": 480000000,
        "incomelossfromcontinuingoperationsperbasicshare": 0.63,
        "earningspersharebasic": 0.63,
        "incomelossfromcontinuingoperationsperdilutedshare": 0.63,
        "earningspersharediluted": 0.63,
        "commonstockdividendspersharecashpaid": 0.345,
        "investmentincomeinterest": 5000000
    },
    {
        "date": "2010-06-29",
        "symbol": "EMR",
        "period": "Q3",
        "salesrevenuenet": 5641000000,
        "costofgoodsandservicessold": 3430000000,
        "sellinggeneralandadministrativeexpense": 1194000000,
        "nonoperatingincomeexpense": -70000000,
        "interestexpensenetofinterestincome": -64000000,
        "incomelossfromcontinuingoperationsbeforeincometaxesminorityinterestandincomelossfromequitymethodinvestments": 883000000,
        "incometaxexpensebenefit": 273000000,
        "incomelossfromcontinuingoperationsincludingportionattributabletononcontrollinginterest": 610000000,
        "incomelossfromdiscontinuedoperationsnetoftax": -9000000,
        "profitloss": 601000000,
        "netincomelossattributabletononcontrollinginterest": 16000000,
        "netincomeloss": 585000000,
        "incomelossfromcontinuingoperationsperbasicshare": 0.79,
        "incomelossfromdiscontinuedoperationsnetoftaxperbasicshare": -0.01,
        "earningspersharebasic": 0.78,
        "incomelossfromcontinuingoperationsperdilutedshare": 0.78,
        "incomelossfromdiscontinuedoperationsnetoftaxperdilutedshare": -0.01,
        "earningspersharediluted": 0.77,
        "incomelossfromcontinuingoperations": 594000000,
        "incomelossfromdiscontinuedoperationsnetoftaxattributabletoreportingentity": -9000000,
        "commonstockdividendspersharecashpaid": 0.335,
        "investmentincomeinterest": 5000000
    },
    {
        "date": "2010-03-30",
        "symbol": "EMR",
        "period": "Q2",
        "salesrevenuenet": 5144000000,
        "costofgoodsandservicessold": 3144000000,
        "sellinggeneralandadministrativeexpense": 1230000000,
        "nonoperatingincomeexpense": -92000000,
        "interestexpensenetofinterestincome": 67000000,
        "incomelossfromcontinuingoperationsbeforeincometaxesminorityinterestandincomelossfromequitymethodinvestments": 611000000,
        "incometaxexpensebenefit": 184000000,
        "incomelossfromcontinuingoperationsincludingportionattributabletononcontrollinginterest": 427000000,
        "incomelossfromdiscontinuedoperationsnetoftax": -9000000,
        "profitloss": 418000000,
        "netincomelossattributabletononcontrollinginterest": 13000000,
        "netincomeloss": 405000000,
        "incomelossfromcontinuingoperationsperbasicshare": 0.55,
        "incomelossfromdiscontinuedoperationsnetoftaxperbasicshare": -0.01,
        "earningspersharebasic": 0.54,
        "incomelossfromcontinuingoperationsperdilutedshare": 0.54,
        "incomelossfromdiscontinuedoperationsnetoftaxperdilutedshare": -0.01,
        "earningspersharediluted": 0.53,
        "incomelossfromcontinuingoperations": 414000000,
        "incomelossfromdiscontinuedoperationsnetoftaxattributabletoreportingentity": -9000000,
        "commonstockdividendspersharecashpaid": 0.335,
        "investmentincomeinterest": 6000000
    },
    {
        "date": "2009-12-30",
        "symbol": "EMR",
        "period": "Q1",
        "salesrevenuenet": 5011000000,
        "costofgoodsandservicessold": 3108000000,
        "sellinggeneralandadministrativeexpense": 1161000000,
        "nonoperatingincomeexpense": -93000000,
        "interestexpensenetofinterestincome": -65000000,
        "incomelossfromcontinuingoperationsbeforeincometaxesminorityinterestandincomelossfromequitymethodinvestments": 584000000,
        "incometaxexpensebenefit": 150000000,
        "incomelossfromcontinuingoperationsincludingportionattributabletononcontrollinginterest": 434000000,
        "incomelossfromdiscontinuedoperationsnetoftax": 3000000,
        "profitloss": 437000000,
        "netincomelossattributabletononcontrollinginterest": 12000000,
        "netincomeloss": 425000000,
        "incomelossfromcontinuingoperationsperbasicshare": 0.56,
        "earningspersharebasic": 0.56,
        "incomelossfromcontinuingoperationsperdilutedshare": 0.56,
        "earningspersharediluted": 0.56,
        "incomelossfromcontinuingoperations": 422000000,
        "incomelossfromdiscontinuedoperationsnetoftaxattributabletoreportingentity": 3000000,
        "commonstockdividendspersharecashpaid": 0.335,
        "investmentincomeinterest": 3000000
    },
    {
        "date": "2009-06-29",
        "symbol": "EMR",
        "period": "Q3",
        "salesrevenuenet": 5091000000,
        "costofgoodsandservicessold": 3253000000,
        "sellinggeneralandadministrativeexpense": 1089000000,
        "nonoperatingincomeexpense": -141000000,
        "interestexpensenetofinterestincome": -64000000,
        "earningsfromcontinuingoperationsbeforeincometaxes": 544000000,
        "incometaxexpensebenefit": 157000000,
        "incomelossfromcontinuingoperations": 387000000,
        "netincomeloss": 387000000,
        "incomelossfromcontinuingoperationsperbasicshare": 0.52,
        "earningspersharebasic": 0.52,
        "incomelossfromcontinuingoperationsperdilutedshare": 0.51,
        "earningspersharediluted": 0.51,
        "commonstockdividendspersharecashpaid": 0.33,
        "investmentincomeinterest": 3000000
    }
]