[
    {
        "date": "2024-03-30",
        "symbol": "PRU",
        "period": "Q1",
        "premiumsearnednet": 15537000000,
        "insurancecommissionsandfees": 1056000000,
        "netinvestmentincome": 4764000000,
        "insuranceagencymanagementfee": 999000000,
        "otherincome": 1338000000,
        "realizedinvestmentgainslosses": -308000000,
        "marketriskbenefitchangeinfairvaluegainloss": 123000000,
        "revenues": 23509000000,
        "policyholderbenefitsandclaimsincurrednet": 16594000000,
        "liabilityforfuturepolicybenefitexpectedfuturepolicybenefitincreasedecreaseforotherchange": 17000000,
        "interestcreditedtopolicyholdersaccountbalances": 1283000000,
        "policyholderdividends": 290000000,
        "deferredpolicyacquisitioncostamortizationexpense": 375000000,
        "generalandadministrativeexpense": 3594000000,
        "benefitslossesandexpenses": 22119000000,
        "incomelossfromcontinuingoperationsbeforeincometaxesminorityinterestandincomelossfromequitymethodinvestments": 1390000000,
        "incometaxexpensebenefit": 289000000,
        "incomelossfromcontinuingoperationsbeforeequitymethodinvestmentsnoncontrollinginterest": 1101000000,
        "incomelossfromequitymethodinvestments": 50000000,
        "profitloss": 1151000000,
        "netincomelossattributabletononcontrollinginterest": 13000000,
        "netincomeloss": 1138000000,
        "earningspersharebasic": 3.13,
        "earningspersharediluted": 3.12,
        "othercomprehensiveincomelossforeigncurrencytransactionandtranslationadjustmentbeforetax": -494000000,
        "othercomprehensiveincomelossavailableforsalesecuritiesadjustmentbeforetax": -4774000000,
        "ociliabilityforfuturepolicybenefitgainlossbeforereclassificationadjustmentandtax": 4213000000,
        "ocimarketriskbenefitinstrumentspecificcreditriskgainlossbeforeadjustmentsandtax": -252000000,
        "othercomprehensiveincomelosspensionandotherpostretirementbenefitplansadjustmentbeforetax": -13000000,
        "othercomprehensiveincomelossbeforetax": -1294000000,
        "othercomprehensiveincomelosstax": -137000000,
        "othercomprehensiveincomelossnetoftax": -1157000000,
        "comprehensiveincomenetoftaxincludingportionattributabletononcontrollinginterest": -6000000,
        "comprehensiveincomenetoftaxattributabletononcontrollinginterest": 13000000,
        "comprehensiveincomenetoftax": -19000000,
        "deferredpolicyacquisitioncostsandpresentvalueoffutureinsuranceprofitsamortizationexpenserealizedgainloss": 5000000
    },
    {
        "date": "2023-06-29",
        "symbol": "PRU",
        "period": "Q2",
        "premiumsearnednet": 6909000000,
        "insurancecommissionsandfees": 1073000000,
        "netinvestmentincome": 4476000000,
        "insuranceagencymanagementfee": 918000000,
        "otherincome": 1044000000,
        "realizedinvestmentgainslosses": -938000000,
        "marketriskbenefitchangeinfairvaluegainloss": 16000000,
        "revenues": 13498000000,
        "policyholderbenefitsandclaimsincurrednet": 7661000000,
        "liabilityforfuturepolicybenefitexpectedfuturepolicybenefitderecognition": 255000000,
        "interestcreditedtopolicyholdersaccountbalances": 1149000000,
        "policyholderdividends": 303000000,
        "deferredpolicyacquisitioncostamortizationexpense": 366000000,
        "generalandadministrativeexpense": 3143000000,
        "benefitslossesandexpenses": 12877000000,
        "incomelossfromcontinuingoperationsbeforeincometaxesminorityinterestandincomelossfromequitymethodinvestments": 621000000,
        "incometaxexpensebenefit": 123000000,
        "incomelossfromcontinuingoperationsbeforeequitymethodinvestmentsnoncontrollinginterest": 498000000,
        "incomelossfromequitymethodinvestments": -2000000,
        "profitloss": 496000000,
        "netincomelossattributabletononcontrollinginterest": -15000000,
        "netincomeloss": 511000000,
        "earningspersharebasic": 1.38,
        "earningspersharediluted": 1.38,
        "othercomprehensiveincomelossforeigncurrencytransactionandtranslationadjustmentbeforetax": -371000000,
        "othercomprehensiveincomelossavailableforsalesecuritiesadjustmentbeforetax": -2814000000,
        "ociliabilityforfuturepolicybenefitgainlossbeforereclassificationadjustmentandtax": -196000000,
        "ocimarketriskbenefitinstrumentspecificcreditriskgainlossbeforeadjustmentsandtax": -263000000,
        "othercomprehensiveincomelosspensionandotherpostretirementbenefitplansadjustmentbeforetax": -26000000,
        "othercomprehensiveincomelossbeforetax": -3618000000,
        "othercomprehensiveincomelosstax": -793000000,
        "othercomprehensiveincomelossnetoftax": -2825000000,
        "comprehensiveincomenetoftaxincludingportionattributabletononcontrollinginterest": -2329000000,
        "comprehensiveincomenetoftaxattributabletononcontrollinginterest": -16000000,
        "comprehensiveincomenetoftax": -2313000000
    },
    {
        "date": "2023-03-30",
        "symbol": "PRU",
        "period": "Q1",
        "premiumsearnednet": 9363000000,
        "insurancecommissionsandfees": 1134000000,
        "netinvestmentincome": 4320000000,
        "insuranceagencymanagementfee": 917000000,
        "otherincome": 1019000000,
        "realizedinvestmentgainslosses": 217000000,
        "marketriskbenefitchangeinfairvaluegainloss": 75000000,
        "revenues": 17045000000,
        "policyholderbenefitsandclaimsincurrednet": 10304000000,
        "liabilityforfuturepolicybenefitexpectedfuturepolicybenefitderecognition": 25000000,
        "interestcreditedtopolicyholdersaccountbalances": 981000000,
        "policyholderdividends": 319000000,
        "deferredpolicyacquisitioncostamortizationexpense": 365000000,
        "generalandadministrativeexpense": 3204000000,
        "benefitslossesandexpenses": 15198000000,
        "incomelossfromcontinuingoperationsbeforeincometaxesminorityinterestandincomelossfromequitymethodinvestments": 1847000000,
        "incometaxexpensebenefit": 382000000,
        "incomelossfromcontinuingoperationsbeforeequitymethodinvestmentsnoncontrollinginterest": 1465000000,
        "incomelossfromequitymethodinvestments": 12000000,
        "profitloss": 1477000000,
        "netincomelossattributabletononcontrollinginterest": 15000000,
        "netincomeloss": 1462000000,
        "earningspersharebasic": 3.94,
        "earningspersharediluted": 3.93,
        "othercomprehensiveincomelossforeigncurrencytransactionandtranslationadjustmentbeforetax": 13000000,
        "othercomprehensiveincomelossavailableforsalesecuritiesadjustmentbeforetax": 8379000000,
        "ociliabilityforfuturepolicybenefitgainlossbeforereclassificationadjustmentandtax": -8705000000,
        "ocimarketriskbenefitinstrumentspecificcreditriskgainlossbeforeadjustmentsandtax": 186000000,
        "othercomprehensiveincomelosspensionandotherpostretirementbenefitplansadjustmentbeforetax": -19000000,
        "othercomprehensiveincomelossbeforetax": -108000000,
        "othercomprehensiveincomelosstax": -90000000,
        "othercomprehensiveincomelossnetoftax": -18000000,
        "comprehensiveincomenetoftaxincludingportionattributabletononcontrollinginterest": 1459000000,
        "comprehensiveincomenetoftaxattributabletononcontrollinginterest": 16000000,
        "comprehensiveincomenetoftax": 1443000000,
        "deferredpolicyacquisitioncostsandpresentvalueoffutureinsuranceprofitsamortizationexpenserealizedgainloss": 16000000
    },
    {
        "date": "2022-12-30",
        "symbol": "PRU",
        "period": "Q4",
        "premiumsearnednet": -28572000000,
        "insurancecommissionsandfees": 1331000000,
        "netinvestmentincome": -11750000000,
        "insuranceagencymanagementfee": 125000000,
        "otherincome": 1591000000,
        "realizedinvestmentgainslosses": 149000000,
        "revenues": 87000000,
        "policyholderbenefitsandclaimsincurrednet": -34164000000,
        "interestcreditedtopolicyholdersaccountbalances": -1971000000,
        "policyholderdividends": -116000000,
        "deferredpolicyacquisitioncostamortizationexpense": -1908000000,
        "generalandadministrativeexpense": -6269000000,
        "benefitslossesandexpenses": -46840000000,
        "incomelossfromcontinuingoperationsbeforeincometaxesminorityinterestandincomelossfromequitymethodinvestments": -507000000,
        "incometaxexpensebenefit": 72000000,
        "incomelossfromequitymethodinvestments": -1010000000,
        "profitloss": -1412000000,
        "netincomelossattributabletononcontrollinginterest": 2000000,
        "netincomeloss": -558000000,
        "earningspersharebasic": -1.5200000000000002,
        "earningspersharediluted": -1.5200000000000002,
        "othercomprehensiveincomelossforeigncurrencytransactionandtranslationadjustmentbeforetax": 743000000,
        "othercomprehensiveincomelossavailableforsalesecuritiesadjustmentbeforetax": 25000000,
        "othercomprehensiveincomelosspensionandotherpostretirementbenefitplansadjustmentbeforetax": -131000000,
        "othercomprehensiveincomelossbeforetax": 899000000,
        "othercomprehensiveincomelosstax": -148000000,
        "othercomprehensiveincomelossnetoftax": 14383000000,
        "comprehensiveincomenetoftaxincludingportionattributabletononcontrollinginterest": 2000000,
        "comprehensiveincomenetoftaxattributabletononcontrollinginterest": 2000000,
        "comprehensiveincomenetoftax": 489000000
    },
    {
        "date": "2022-09-29",
        "symbol": "PRU",
        "period": "Q3",
        "premiumsearnednet": 16247000000,
        "insurancecommissionsandfees": 1233000000,
        "netinvestmentincome": 3631000000,
        "insuranceagencymanagementfee": 966000000,
        "otherincome": -1083000000,
        "realizedinvestmentgainslosses": -514000000,
        "revenues": 20480000000,
        "policyholderbenefitsandclaimsincurrednet": 16581000000,
        "interestcreditedtopolicyholdersaccountbalances": 703000000,
        "policyholderdividends": 90000000,
        "deferredpolicyacquisitioncostamortizationexpense": 485000000,
        "generalandadministrativeexpense": 3058000000,
        "benefitslossesandexpenses": 20917000000,
        "incomelossfromcontinuingoperationsbeforeincometaxesminorityinterestandincomelossfromequitymethodinvestments": -437000000,
        "incometaxexpensebenefit": -148000000,
        "incomelossfromcontinuingoperationsincludingportionattributabletononcontrollinginterest": -289000000,
        "incomelossfromequitymethodinvestments": -1000000,
        "profitloss": -290000000,
        "netincomelossattributabletononcontrollinginterest": -6000000,
        "netincomeloss": -284000000,
        "earningspersharebasic": -0.78,
        "earningspersharediluted": -0.78,
        "othercomprehensiveincomelossforeigncurrencytransactionandtranslationadjustmentbeforetax": -592000000,
        "othercomprehensiveincomelossavailableforsalesecuritiesadjustmentbeforetax": -13182000000,
        "othercomprehensiveincomelosspensionandotherpostretirementbenefitplansadjustmentbeforetax": -52000000,
        "othercomprehensiveincomelossbeforetax": -13722000000,
        "othercomprehensiveincomelosstax": -3025000000,
        "othercomprehensiveincomelossnetoftax": -10697000000,
        "comprehensiveincomenetoftaxincludingportionattributabletononcontrollinginterest": -10987000000,
        "comprehensiveincomenetoftaxattributabletononcontrollinginterest": -7000000,
        "comprehensiveincomenetoftax": -10980000000
    },
    {
        "date": "2022-06-29",
        "symbol": "PRU",
        "period": "Q2",
        "premiumsearnednet": 7112000000,
        "insurancecommissionsandfees": 1551000000,
        "netinvestmentincome": 3938000000,
        "insuranceagencymanagementfee": 987000000,
        "otherincome": 580000000,
        "realizedinvestmentgainslosses": -1147000000,
        "revenues": 13021000000,
        "policyholderbenefitsandclaimsincurrednet": 9612000000,
        "interestcreditedtopolicyholdersaccountbalances": 665000000,
        "policyholderdividends": -207000000,
        "deferredpolicyacquisitioncostamortizationexpense": 581000000,
        "generalandadministrativeexpense": 2881000000,
        "benefitslossesandexpenses": 13532000000,
        "incomelossfromcontinuingoperationsbeforeincometaxesminorityinterestandincomelossfromequitymethodinvestments": -511000000,
        "incometaxexpensebenefit": 11000000,
        "incomelossfromcontinuingoperationsincludingportionattributabletononcontrollinginterest": -522000000,
        "incomelossfromequitymethodinvestments": -50000000,
        "profitloss": -572000000,
        "netincomelossattributabletononcontrollinginterest": -7000000,
        "netincomeloss": -565000000,
        "earningspersharebasic": -1.53,
        "earningspersharediluted": -1.53,
        "othercomprehensiveincomelossforeigncurrencytransactionandtranslationadjustmentbeforetax": -984000000,
        "othercomprehensiveincomelossavailableforsalesecuritiesadjustmentbeforetax": -17740000000,
        "othercomprehensiveincomelosspensionandotherpostretirementbenefitplansadjustmentbeforetax": -388000000,
        "othercomprehensiveincomelossbeforetax": -18336000000,
        "othercomprehensiveincomelosstax": -3953000000,
        "othercomprehensiveincomelossnetoftax": -14383000000,
        "comprehensiveincomenetoftaxincludingportionattributabletononcontrollinginterest": -14955000000,
        "comprehensiveincomenetoftaxattributabletononcontrollinginterest": -7000000,
        "comprehensiveincomenetoftax": -14948000000
    },
    {
        "date": "2022-03-30",
        "symbol": "PRU",
        "period": "Q1",
        "premiumsearnednet": 7952000000,
        "insurancecommissionsandfees": 1459000000,
        "netinvestmentincome": 4358000000,
        "insuranceagencymanagementfee": 1133000000,
        "otherincome": -1371000000,
        "realizedinvestmentgainslosses": -316000000,
        "revenues": 13215000000,
        "policyholderbenefitsandclaimsincurrednet": 8868000000,
        "interestcreditedtopolicyholdersaccountbalances": 169000000,
        "policyholderdividends": 235000000,
        "deferredpolicyacquisitioncostamortizationexpense": 847000000,
        "generalandadministrativeexpense": 3211000000,
        "benefitslossesandexpenses": 13330000000,
        "incomelossfromcontinuingoperationsbeforeincometaxesminorityinterestandincomelossfromequitymethodinvestments": -115000000,
        "incometaxexpensebenefit": -69000000,
        "incomelossfromcontinuingoperationsincludingportionattributabletononcontrollinginterest": -46000000,
        "incomelossfromequitymethodinvestments": 2000000,
        "profitloss": -44000000,
        "netincomelossattributabletononcontrollinginterest": -13000000,
        "netincomeloss": -31000000,
        "earningspersharebasic": -0.1,
        "earningspersharediluted": -0.1,
        "othercomprehensiveincomelossforeigncurrencytransactionandtranslationadjustmentbeforetax": -352000000,
        "othercomprehensiveincomelossavailableforsalesecuritiesadjustmentbeforetax": -21770000000,
        "othercomprehensiveincomelosspensionandotherpostretirementbenefitplansadjustmentbeforetax": -65000000,
        "othercomprehensiveincomelossbeforetax": -22057000000,
        "othercomprehensiveincomelosstax": -4937000000,
        "othercomprehensiveincomelossnetoftax": -17120000000,
        "comprehensiveincomenetoftaxincludingportionattributabletononcontrollinginterest": -17164000000,
        "comprehensiveincomenetoftaxattributabletononcontrollinginterest": -14000000,
        "comprehensiveincomenetoftax": -17150000000
    },
    {
        "date": "2021-12-30",
        "symbol": "PRU",
        "period": "Q4",
        "premiumsearnednet": -24617000000,
        "insurancecommissionsandfees": 1484000000,
        "netinvestmentincome": -13589000000,
        "insuranceagencymanagementfee": 167000000,
        "otherincome": -545000000,
        "realizedinvestmentgainslosses": 90000000,
        "revenues": -169000000,
        "policyholderbenefitsandclaimsincurrednet": -29147000000,
        "interestcreditedtopolicyholdersaccountbalances": -2489000000,
        "policyholderdividends": -2040000000,
        "deferredpolicyacquisitioncostamortizationexpense": -1656000000,
        "generalandadministrativeexpense": 3651000000,
        "benefitslossesandexpenses": -45405000000,
        "incomelossfromcontinuingoperationsbeforeincometaxesminorityinterestandincomelossfromequitymethodinvestments": -691000000,
        "incometaxexpensebenefit": -1634000000,
        "incomelossfromequitymethodinvestments": 8257000000,
        "profitloss": 7688000000,
        "netincomelossattributabletononcontrollinginterest": 34000000,
        "netincomeloss": 1208000000,
        "earningspersharebasic": 3.2699999999999996,
        "earningspersharediluted": 3.2300000000000004,
        "othercomprehensiveincomelossforeigncurrencytransactionandtranslationadjustmentbeforetax": -249000000,
        "othercomprehensiveincomelossavailableforsalesecuritiesadjustmentbeforetax": -1197000000,
        "othercomprehensiveincomelosspensionandotherpostretirementbenefitplansadjustmentbeforetax": -868000000,
        "othercomprehensiveincomelossbeforetax": -578000000,
        "othercomprehensiveincomelosstax": -60000000,
        "othercomprehensiveincomelossnetoftax": -6000000,
        "comprehensiveincomenetoftaxincludingportionattributabletononcontrollinginterest": 28000000,
        "comprehensiveincomenetoftaxattributabletononcontrollinginterest": 28000000,
        "comprehensiveincomenetoftax": 696000000
    },
    {
        "date": "2021-09-29",
        "symbol": "PRU",
        "period": "Q3",
        "premiumsearnednet": 13193000000,
        "insurancecommissionsandfees": 1570000000,
        "netinvestmentincome": 4717000000,
        "insuranceagencymanagementfee": 1229000000,
        "otherincome": 500000000,
        "realizedinvestmentgainslosses": 432000000,
        "revenues": 21641000000,
        "policyholderbenefitsandclaimsincurrednet": 14401000000,
        "interestcreditedtopolicyholdersaccountbalances": 917000000,
        "policyholderdividends": 602000000,
        "deferredpolicyacquisitioncostamortizationexpense": 529000000,
        "generalandadministrativeexpense": 3386000000,
        "benefitslossesandexpenses": 19835000000,
        "incomelossfromcontinuingoperationsbeforeincometaxesminorityinterestandincomelossfromequitymethodinvestments": 1806000000,
        "incometaxexpensebenefit": 259000000,
        "incomelossfromcontinuingoperationsincludingportionattributabletononcontrollinginterest": 1547000000,
        "incomelossfromequitymethodinvestments": 18000000,
        "profitloss": 1565000000,
        "netincomelossattributabletononcontrollinginterest": 35000000,
        "netincomeloss": 1530000000,
        "earningspersharebasic": 3.92,
        "earningspersharediluted": 3.9,
        "othercomprehensiveincomelossforeigncurrencytransactionandtranslationadjustmentbeforetax": -160000000,
        "othercomprehensiveincomelossavailableforsalesecuritiesadjustmentbeforetax": -1740000000,
        "othercomprehensiveincomelosspensionandotherpostretirementbenefitplansadjustmentbeforetax": -69000000,
        "othercomprehensiveincomelossbeforetax": -1831000000,
        "othercomprehensiveincomelosstax": -397000000,
        "othercomprehensiveincomelossnetoftax": -1434000000,
        "comprehensiveincomenetoftaxincludingportionattributabletononcontrollinginterest": 131000000,
        "comprehensiveincomenetoftaxattributabletononcontrollinginterest": 42000000,
        "comprehensiveincomenetoftax": 89000000
    },
    {
        "date": "2021-06-29",
        "symbol": "PRU",
        "period": "Q2",
        "premiumsearnednet": 6779000000,
        "insurancecommissionsandfees": 1400000000,
        "netinvestmentincome": 4552000000,
        "insuranceagencymanagementfee": 1198000000,
        "otherincome": 1353000000,
        "realizedinvestmentgainslosses": 635000000,
        "revenues": 15917000000,
        "policyholderbenefitsandclaimsincurrednet": 7615000000,
        "interestcreditedtopolicyholdersaccountbalances": 1074000000,
        "policyholderdividends": 833000000,
        "deferredpolicyacquisitioncostamortizationexpense": 392000000,
        "generalandadministrativeexpense": 3230000000,
        "benefitslossesandexpenses": 13144000000,
        "incomelossfromcontinuingoperationsbeforeincometaxesminorityinterestandincomelossfromequitymethodinvestments": 2773000000,
        "incometaxexpensebenefit": 609000000,
        "incomelossfromcontinuingoperationsincludingportionattributabletononcontrollinginterest": 2164000000,
        "incomelossfromequitymethodinvestments": 19000000,
        "profitloss": 2183000000,
        "netincomelossattributabletononcontrollinginterest": 25000000,
        "netincomeloss": 2158000000,
        "earningspersharebasic": 5.44,
        "earningspersharediluted": 5.4,
        "othercomprehensiveincomelossforeigncurrencytransactionandtranslationadjustmentbeforetax": -48000000,
        "othercomprehensiveincomelossavailableforsalesecuritiesadjustmentbeforetax": 5353000000,
        "othercomprehensiveincomelosspensionandotherpostretirementbenefitplansadjustmentbeforetax": -74000000,
        "othercomprehensiveincomelossbeforetax": 5379000000,
        "othercomprehensiveincomelosstax": 1319000000,
        "othercomprehensiveincomelossnetoftax": 4060000000,
        "comprehensiveincomenetoftaxincludingportionattributabletononcontrollinginterest": 6243000000,
        "comprehensiveincomenetoftaxattributabletononcontrollinginterest": 27000000,
        "comprehensiveincomenetoftax": 6216000000
    },
    {
        "date": "2021-03-30",
        "symbol": "PRU",
        "period": "Q1",
        "premiumsearnednet": 7543000000,
        "insurancecommissionsandfees": 1490000000,
        "netinvestmentincome": 4382000000,
        "insuranceagencymanagementfee": 1176000000,
        "otherincome": 282000000,
        "realizedinvestmentgainslosses": 2079000000,
        "revenues": 16952000000,
        "policyholderbenefitsandclaimsincurrednet": 8110000000,
        "interestcreditedtopolicyholdersaccountbalances": 768000000,
        "policyholderdividends": 604000000,
        "deferredpolicyacquisitioncostamortizationexpense": 741000000,
        "generalandadministrativeexpense": 3315000000,
        "benefitslossesandexpenses": 13538000000,
        "incomelossfromcontinuingoperationsbeforeincometaxesminorityinterestandincomelossfromequitymethodinvestments": 3414000000,
        "incometaxexpensebenefit": 636000000,
        "incomelossfromcontinuingoperationsincludingportionattributabletononcontrollinginterest": 2778000000,
        "incomelossfromequitymethodinvestments": 26000000,
        "profitloss": 2804000000,
        "netincomelossattributabletononcontrollinginterest": -24000000,
        "netincomeloss": 2828000000,
        "earningspersharebasic": 7.02,
        "earningspersharediluted": 6.98,
        "othercomprehensiveincomelossforeigncurrencytransactionandtranslationadjustmentbeforetax": -681000000,
        "othercomprehensiveincomelossavailableforsalesecuritiesadjustmentbeforetax": -14128000000,
        "othercomprehensiveincomelosspensionandotherpostretirementbenefitplansadjustmentbeforetax": -96000000,
        "othercomprehensiveincomelossbeforetax": -14713000000,
        "othercomprehensiveincomelosstax": -3176000000,
        "othercomprehensiveincomelossnetoftax": -11537000000,
        "comprehensiveincomenetoftaxincludingportionattributabletononcontrollinginterest": -8733000000,
        "comprehensiveincomenetoftaxattributabletononcontrollinginterest": -42000000,
        "comprehensiveincomenetoftax": -8691000000
    },
    {
        "date": "2020-12-30",
        "symbol": "PRU",
        "period": "Q4",
        "premiumsearnednet": 8301000000,
        "insurancecommissionsandfees": 1553000000,
        "netinvestmentincome": 4576000000,
        "insuranceagencymanagementfee": 1247000000,
        "otherincome": 2075000000,
        "realizedinvestmentgainslosses": -1723000000,
        "revenues": 16029000000,
        "policyholderbenefitsandclaimsincurrednet": 9291000000,
        "interestcreditedtopolicyholdersaccountbalances": 1163000000,
        "policyholderdividends": 617000000,
        "deferredpolicyacquisitioncostamortizationexpense": 339000000,
        "generalandadministrativeexpense": 3719000000,
        "benefitslossesandexpenses": 15129000000,
        "incomelossfromcontinuingoperationsbeforeincometaxesminorityinterestandincomelossfromequitymethodinvestments": 900000000,
        "incometaxexpensebenefit": -88000000,
        "incomelossfromequitymethodinvestments": 34000000,
        "profitloss": 1022000000,
        "netincomelossattributabletononcontrollinginterest": 203000000,
        "netincomeloss": 819000000,
        "earningspersharebasic": 2.0999999999999996,
        "earningspersharediluted": 2.12,
        "othercomprehensiveincomelossforeigncurrencytransactionandtranslationadjustmentbeforetax": 401000000,
        "othercomprehensiveincomelossavailableforsalesecuritiesadjustmentbeforetax": 335000000,
        "othercomprehensiveincomelosspensionandotherpostretirementbenefitplansadjustmentbeforetax": 8000000,
        "othercomprehensiveincomelossbeforetax": 728000000,
        "othercomprehensiveincomelosstax": -13000000,
        "othercomprehensiveincomelossnetoftax": 741000000,
        "comprehensiveincomenetoftaxincludingportionattributabletononcontrollinginterest": 1763000000,
        "comprehensiveincomenetoftaxattributabletononcontrollinginterest": 207000000,
        "comprehensiveincomenetoftax": 1556000000
    },
    {
        "date": "2020-09-29",
        "symbol": "PRU",
        "period": "Q3",
        "premiumsearnednet": 7482000000,
        "insurancecommissionsandfees": 1464000000,
        "netinvestmentincome": 4446000000,
        "insuranceagencymanagementfee": 1120000000,
        "otherincome": 992000000,
        "realizedinvestmentgainslosses": -79000000,
        "revenues": 15425000000,
        "policyholderbenefitsandclaimsincurrednet": 8312000000,
        "interestcreditedtopolicyholdersaccountbalances": 1151000000,
        "policyholderdividends": 554000000,
        "deferredpolicyacquisitioncostamortizationexpense": 638000000,
        "generalandadministrativeexpense": 3323000000,
        "benefitslossesandexpenses": 13978000000,
        "incomelossfromcontinuingoperationsbeforeincometaxesminorityinterestandincomelossfromequitymethodinvestments": 1447000000,
        "incometaxexpensebenefit": -50000000,
        "incomelossfromcontinuingoperationsincludingportionattributabletononcontrollinginterest": 1497000000,
        "incomelossfromequitymethodinvestments": 10000000,
        "profitloss": 1507000000,
        "netincomelossattributabletononcontrollinginterest": 20000000,
        "netincomeloss": 1487000000,
        "earningspersharebasic": 3.72,
        "earningspersharediluted": 3.7,
        "othercomprehensiveincomelossforeigncurrencytransactionandtranslationadjustmentbeforetax": 329000000,
        "othercomprehensiveincomelossavailableforsalesecuritiesadjustmentbeforetax": -1853000000,
        "othercomprehensiveincomelosspensionandotherpostretirementbenefitplansadjustmentbeforetax": -74000000,
        "othercomprehensiveincomelossbeforetax": -1450000000,
        "othercomprehensiveincomelosstax": -620000000,
        "othercomprehensiveincomelossnetoftax": -830000000,
        "comprehensiveincomenetoftaxincludingportionattributabletononcontrollinginterest": 677000000,
        "comprehensiveincomenetoftaxattributabletononcontrollinginterest": 26000000,
        "comprehensiveincomenetoftax": 651000000
    },
    {
        "date": "2020-06-29",
        "symbol": "PRU",
        "period": "Q2",
        "profitloss": -2405000000,
        "othercomprehensiveincomelossforeigncurrencytransactionandtranslationadjustmentbeforetax": 88000000,
        "othercomprehensiveincomelossavailableforsalesecuritiesadjustmentbeforetax": 10101000000,
        "othercomprehensiveincomelosspensionandotherpostretirementbenefitplansadjustmentbeforetax": -72000000,
        "othercomprehensiveincomelossbeforetax": 10261000000,
        "othercomprehensiveincomelosstax": 2023000000,
        "othercomprehensiveincomelossnetoftax": 8238000000,
        "comprehensiveincomenetoftaxincludingportionattributabletononcontrollinginterest": 5833000000,
        "comprehensiveincomenetoftaxattributabletononcontrollinginterest": 5000000,
        "comprehensiveincomenetoftax": 5828000000,
        "premiumsearnednet": 7693000000,
        "insurancecommissionsandfees": 1523000000,
        "netinvestmentincome": 4186000000,
        "insuranceagencymanagementfee": 991000000,
        "otherincome": 1474000000,
        "realizedinvestmentgainslosses": -3752000000,
        "revenues": 12115000000,
        "policyholderbenefitsandclaimsincurrednet": 8450000000,
        "interestcreditedtopolicyholdersaccountbalances": 1832000000,
        "policyholderdividends": 531000000,
        "deferredpolicyacquisitioncostamortizationexpense": 287000000,
        "generalandadministrativeexpense": 3347000000,
        "benefitslossesandexpenses": 14447000000,
        "incomelossfromcontinuingoperationsbeforeincometaxesminorityinterestandincomelossfromequitymethodinvestments": -2332000000,
        "incometaxexpensebenefit": 115000000,
        "incomelossfromcontinuingoperationsincludingportionattributabletononcontrollinginterest": -2447000000,
        "incomelossfromequitymethodinvestments": 42000000,
        "netincomelossattributabletononcontrollinginterest": 4000000,
        "netincomeloss": -2409000000,
        "earningspersharebasic": -6.12,
        "earningspersharediluted": -6.12
    },
    {
        "date": "2020-03-30",
        "symbol": "PRU",
        "period": "Q1",
        "profitloss": -270000000,
        "othercomprehensiveincomelossforeigncurrencytransactionandtranslationadjustmentbeforetax": -295000000,
        "othercomprehensiveincomelossavailableforsalesecuritiesadjustmentbeforetax": -1354000000,
        "othercomprehensiveincomelosspensionandotherpostretirementbenefitplansadjustmentbeforetax": -72000000,
        "othercomprehensiveincomelossbeforetax": -1577000000,
        "othercomprehensiveincomelosstax": -138000000,
        "othercomprehensiveincomelossnetoftax": -1439000000,
        "comprehensiveincomenetoftaxincludingportionattributabletononcontrollinginterest": -1709000000,
        "comprehensiveincomenetoftaxattributabletononcontrollinginterest": 1000000,
        "comprehensiveincomenetoftax": -1710000000,
        "premiumsearnednet": 7664000000,
        "insurancecommissionsandfees": 1489000000,
        "netinvestmentincome": 4202000000,
        "insuranceagencymanagementfee": 1033000000,
        "otherincome": -2591000000,
        "realizedinvestmentgainslosses": 1667000000,
        "revenues": 13464000000,
        "policyholderbenefitsandclaimsincurrednet": 9006000000,
        "interestcreditedtopolicyholdersaccountbalances": 392000000,
        "policyholderdividends": -77000000,
        "deferredpolicyacquisitioncostamortizationexpense": 957000000,
        "generalandadministrativeexpense": 3524000000,
        "benefitslossesandexpenses": 13802000000,
        "incomelossfromcontinuingoperationsbeforeincometaxesminorityinterestandincomelossfromequitymethodinvestments": -338000000,
        "incometaxexpensebenefit": -58000000,
        "incomelossfromcontinuingoperationsincludingportionattributabletononcontrollinginterest": -280000000,
        "incomelossfromequitymethodinvestments": 10000000,
        "netincomelossattributabletononcontrollinginterest": 1000000,
        "netincomeloss": -271000000,
        "earningspersharebasic": -0.7,
        "earningspersharediluted": -0.7
    },
    {
        "date": "2019-12-30",
        "symbol": "PRU",
        "period": "Q4",
        "profitloss": 1138000000,
        "othercomprehensiveincomelossforeigncurrencytransactionandtranslationadjustmentbeforetax": 133000000,
        "othercomprehensiveincomelossavailableforsalesecuritiesadjustmentbeforetax": -4376000000,
        "othercomprehensiveincomelosspensionandotherpostretirementbenefitplansadjustmentbeforetax": 426000000,
        "othercomprehensiveincomelossbeforetax": -4669000000,
        "othercomprehensiveincomelosstax": -1150000000,
        "othercomprehensiveincomelossnetoftax": -3519000000,
        "comprehensiveincomenetoftaxincludingportionattributabletononcontrollinginterest": -2381000000,
        "comprehensiveincomenetoftaxattributabletononcontrollinginterest": 10000000,
        "comprehensiveincomenetoftax": -2391000000,
        "premiumsearnednet": 11230000000,
        "insurancecommissionsandfees": 1515000000,
        "netinvestmentincome": 4541000000,
        "insuranceagencymanagementfee": 1102000000,
        "otherincome": 1045000000,
        "impairmentofinvestments": 53000000,
        "otherthantemporaryimpairmentlossesinvestmentsportioninothercomprehensiveincomelossbeforetaxincludingportionattributabletononcontrollinginterest": -20000000,
        "gainlossonsaleofotherinvestments": -137000000,
        "realizedinvestmentgainslosses": -210000000,
        "revenues": 19223000000,
        "policyholderbenefitsandclaimsincurrednet": 11783000000,
        "interestcreditedtopolicyholdersaccountbalances": 1151000000,
        "policyholderdividends": 593000000,
        "deferredpolicyacquisitioncostamortizationexpense": 524000000,
        "generalandadministrativeexpense": 3828000000,
        "benefitslossesandexpenses": 17879000000,
        "incomelossfromcontinuingoperationsbeforeincometaxesminorityinterestandincomelossfromequitymethodinvestments": 1344000000,
        "incometaxexpensebenefit": 221000000,
        "incomelossfromcontinuingoperations": 1123000000,
        "incomelossfromequitymethodinvestments": 15000000,
        "netincomelossattributabletononcontrollinginterest": 10000000,
        "netincomeloss": 1128000000,
        "earningspersharebasic": 2.7799999999999994,
        "earningspersharediluted": 2.7399999999999998
    },
    {
        "date": "2019-09-29",
        "symbol": "PRU",
        "period": "Q3",
        "profitloss": 1425000000,
        "othercomprehensiveincomelossforeigncurrencytransactionandtranslationadjustmentbeforetax": -174000000,
        "othercomprehensiveincomelossavailableforsalesecuritiesadjustmentbeforetax": 4776000000,
        "othercomprehensiveincomelosspensionandotherpostretirementbenefitplansadjustmentbeforetax": -23000000,
        "othercomprehensiveincomelossbeforetax": 4625000000,
        "othercomprehensiveincomelosstax": 1051000000,
        "othercomprehensiveincomelossnetoftax": 3574000000,
        "comprehensiveincomenetoftaxincludingportionattributabletononcontrollinginterest": 4999000000,
        "comprehensiveincomenetoftaxattributabletononcontrollinginterest": 5000000,
        "comprehensiveincomenetoftax": 4994000000,
        "premiumsearnednet": 6937000000,
        "insurancecommissionsandfees": 1519000000,
        "netinvestmentincome": 4438000000,
        "insuranceagencymanagementfee": 1038000000,
        "otherincome": 320000000,
        "impairmentofinvestments": 186000000,
        "otherthantemporaryimpairmentlossesinvestmentsportioninothercomprehensiveincomelossbeforetaxincludingportionattributabletononcontrollinginterest": 43000000,
        "gainlossonsaleofotherinvestments": 996000000,
        "realizedinvestmentgainslosses": 853000000,
        "revenues": 15105000000,
        "policyholderbenefitsandclaimsincurrednet": 7722000000,
        "interestcreditedtopolicyholdersaccountbalances": 1106000000,
        "policyholderdividends": 667000000,
        "deferredpolicyacquisitioncostamortizationexpense": 591000000,
        "generalandadministrativeexpense": 3294000000,
        "benefitslossesandexpenses": 13380000000,
        "incomelossfromcontinuingoperationsbeforeincometaxesminorityinterestandincomelossfromequitymethodinvestments": 1725000000,
        "incometaxexpensebenefit": 332000000,
        "incomelossfromcontinuingoperations": 1393000000,
        "incomelossfromequitymethodinvestments": 32000000,
        "netincomelossattributabletononcontrollinginterest": 7000000,
        "netincomeloss": 1418000000,
        "earningspersharebasic": 3.47,
        "earningspersharediluted": 3.44
    },
    {
        "date": "2019-06-29",
        "symbol": "PRU",
        "period": "Q2",
        "profitloss": 738000000,
        "othercomprehensiveincomelossforeigncurrencytransactionandtranslationadjustmentbeforetax": 213000000,
        "othercomprehensiveincomelossavailableforsalesecuritiesadjustmentbeforetax": 8506000000,
        "othercomprehensiveincomelosspensionandotherpostretirementbenefitplansadjustmentbeforetax": -17000000,
        "othercomprehensiveincomelossbeforetax": 8736000000,
        "othercomprehensiveincomelosstax": 1966000000,
        "othercomprehensiveincomelossnetoftax": 6770000000,
        "comprehensiveincomenetoftaxincludingportionattributabletononcontrollinginterest": 7508000000,
        "comprehensiveincomenetoftaxattributabletononcontrollinginterest": 36000000,
        "comprehensiveincomenetoftax": 7472000000,
        "premiumsearnednet": 8135000000,
        "insurancecommissionsandfees": 1473000000,
        "netinvestmentincome": 4390000000,
        "insuranceagencymanagementfee": 1083000000,
        "otherincome": 643000000,
        "impairmentofinvestments": 77000000,
        "otherthantemporaryimpairmentlossesinvestmentsportioninothercomprehensiveincomelossbeforetaxincludingportionattributabletononcontrollinginterest": 25000000,
        "gainlossonsaleofotherinvestments": -284000000,
        "realizedinvestmentgainslosses": -336000000,
        "revenues": 15388000000,
        "policyholderbenefitsandclaimsincurrednet": 8877000000,
        "interestcreditedtopolicyholdersaccountbalances": 1278000000,
        "policyholderdividends": 437000000,
        "deferredpolicyacquisitioncostamortizationexpense": 782000000,
        "generalandadministrativeexpense": 3138000000,
        "benefitslossesandexpenses": 14512000000,
        "incomelossfromcontinuingoperationsbeforeincometaxesminorityinterestandincomelossfromequitymethodinvestments": 876000000,
        "incometaxexpensebenefit": 162000000,
        "incomelossfromcontinuingoperations": 714000000,
        "incomelossfromequitymethodinvestments": 24000000,
        "netincomelossattributabletononcontrollinginterest": 30000000,
        "netincomeloss": 708000000,
        "earningspersharebasic": 1.73,
        "earningspersharediluted": 1.71
    },
    {
        "date": "2019-03-30",
        "symbol": "PRU",
        "period": "Q1",
        "profitloss": 937000000,
        "othercomprehensiveincomelossforeigncurrencytransactionandtranslationadjustmentbeforetax": -105000000,
        "othercomprehensiveincomelossavailableforsalesecuritiesadjustmentbeforetax": 8289000000,
        "othercomprehensiveincomelosspensionandotherpostretirementbenefitplansadjustmentbeforetax": -64000000,
        "othercomprehensiveincomelossbeforetax": 8248000000,
        "othercomprehensiveincomelosstax": 1944000000,
        "othercomprehensiveincomelossnetoftax": 6304000000,
        "comprehensiveincomenetoftaxincludingportionattributabletononcontrollinginterest": 7241000000,
        "comprehensiveincomenetoftaxattributabletononcontrollinginterest": 4000000,
        "comprehensiveincomenetoftax": 7237000000,
        "premiumsearnednet": 7900000000,
        "insurancecommissionsandfees": 1471000000,
        "netinvestmentincome": 4216000000,
        "insuranceagencymanagementfee": 1016000000,
        "otherincome": 1254000000,
        "impairmentofinvestments": 35000000,
        "otherthantemporaryimpairmentlossesinvestmentsportioninothercomprehensiveincomelossbeforetaxincludingportionattributabletononcontrollinginterest": -12000000,
        "gainlossonsaleofotherinvestments": -719000000,
        "realizedinvestmentgainslosses": -766000000,
        "revenues": 15091000000,
        "policyholderbenefitsandclaimsincurrednet": 8438000000,
        "interestcreditedtopolicyholdersaccountbalances": 1345000000,
        "policyholderdividends": 577000000,
        "deferredpolicyacquisitioncostamortizationexpense": 435000000,
        "generalandadministrativeexpense": 3156000000,
        "benefitslossesandexpenses": 13951000000,
        "incomelossfromcontinuingoperationsbeforeincometaxesminorityinterestandincomelossfromequitymethodinvestments": 1140000000,
        "incometaxexpensebenefit": 232000000,
        "incomelossfromcontinuingoperations": 908000000,
        "incomelossfromequitymethodinvestments": 29000000,
        "netincomelossattributabletononcontrollinginterest": 5000000,
        "netincomeloss": 932000000,
        "earningspersharebasic": 2.25,
        "earningspersharediluted": 2.22
    },
    {
        "date": "2018-09-29",
        "symbol": "PRU",
        "period": "Q3",
        "profitloss": 1675000000,
        "othercomprehensiveincomelossforeigncurrencytransactionandtranslationadjustmentbeforetax": -274000000,
        "othercomprehensiveincomelossavailableforsalesecuritiesadjustmentbeforetax": -3150000000,
        "othercomprehensiveincomelosspensionandotherpostretirementbenefitplansadjustmentbeforetax": -71000000,
        "othercomprehensiveincomelossbeforetax": -3353000000,
        "othercomprehensiveincomelosstax": -843000000,
        "othercomprehensiveincomelossnetoftax": -2510000000,
        "comprehensiveincomenetoftaxincludingportionattributabletononcontrollinginterest": -835000000,
        "comprehensiveincomenetoftaxattributabletononcontrollinginterest": -2000000,
        "comprehensiveincomenetoftax": -833000000,
        "premiumsearnednet": 8810000000,
        "insurancecommissionsandfees": 1498000000,
        "netinvestmentincome": 4046000000,
        "revenuefromcontractwithcustomerexcludingassessedtax": 10000000,
        "otherincome": 606000000,
        "impairmentofinvestments": 32000000,
        "gainlossonsaleofotherinvestments": 183000000,
        "realizedinvestmentgainslosses": -1000000,
        "revenues": 14432000000,
        "policyholderbenefitsandclaimsincurrednet": 9311000000,
        "interestcreditedtopolicyholdersaccountbalances": 1030000000,
        "policyholderdividends": 446000000,
        "deferredpolicyacquisitioncostamortizationexpense": 563000000,
        "generalandadministrativeexpense": 2960000000,
        "benefitslossesandexpenses": 14310000000,
        "incomelossfromcontinuingoperationsbeforeincometaxesminorityinterestandincomelossfromequitymethodinvestments": 1668000000,
        "incometaxexpensebenefit": 184000000,
        "incomelossfromcontinuingoperations": 1654000000,
        "incomelossfromequitymethodinvestments": 21000000,
        "netincomelossattributabletononcontrollinginterest": 3000000,
        "netincomeloss": 1672000000,
        "earningspersharebasic": 3.97,
        "earningspersharediluted": 3.9
    },
    {
        "date": "2018-06-29",
        "symbol": "PRU",
        "period": "Q2",
        "profitloss": 200000000,
        "othercomprehensiveincomelossforeigncurrencytransactionandtranslationadjustmentbeforetax": -703000000,
        "othercomprehensiveincomelossavailableforsalesecuritiesadjustmentbeforetax": -3326000000,
        "othercomprehensiveincomelosspensionandotherpostretirementbenefitplansadjustmentbeforetax": -75000000,
        "othercomprehensiveincomelossbeforetax": -3954000000,
        "othercomprehensiveincomelosstax": -838000000,
        "othercomprehensiveincomelossnetoftax": -3116000000,
        "comprehensiveincomenetoftaxincludingportionattributabletononcontrollinginterest": -2916000000,
        "comprehensiveincomenetoftaxattributabletononcontrollinginterest": -7000000,
        "comprehensiveincomenetoftax": -2909000000,
        "premiumsearnednet": 7438000000,
        "insurancecommissionsandfees": 1480000000,
        "netinvestmentincome": 4096000000,
        "revenuefromcontractwithcustomerexcludingassessedtax": 6000000,
        "otherincome": -54000000,
        "impairmentofinvestments": 58000000,
        "gainlossonsaleofotherinvestments": 743000000,
        "realizedinvestmentgainslosses": 60000000,
        "revenues": 13043000000,
        "policyholderbenefitsandclaimsincurrednet": 9512000000,
        "interestcreditedtopolicyholdersaccountbalances": 894000000,
        "policyholderdividends": 540000000,
        "deferredpolicyacquisitioncostamortizationexpense": 613000000,
        "generalandadministrativeexpense": 2846000000,
        "benefitslossesandexpenses": 14405000000,
        "incomelossfromcontinuingoperationsbeforeincometaxesminorityinterestandincomelossfromequitymethodinvestments": 1661000000,
        "incometaxexpensebenefit": 68000000,
        "incomelossfromcontinuingoperations": 182000000,
        "incomelossfromequitymethodinvestments": 18000000,
        "netincomelossattributabletononcontrollinginterest": 3000000,
        "netincomeloss": 197000000,
        "earningspersharebasic": 0.46,
        "earningspersharediluted": 0.46,
        "commonstockdividendspersharedeclared": 0.9
    },
    {
        "date": "2017-06-29",
        "symbol": "PRU",
        "period": "Q2",
        "profitloss": 496000000,
        "othercomprehensiveincomelossforeigncurrencytransactionandtranslationadjustmentbeforetax": 45000000,
        "othercomprehensiveincomelossavailableforsalesecuritiesadjustmentbeforetax": 2491000000,
        "othercomprehensiveincomelosspensionandotherpostretirementbenefitplansadjustmentbeforetax": -55000000,
        "othercomprehensiveincomelossbeforetax": 2591000000,
        "othercomprehensiveincomelosstax": 872000000,
        "othercomprehensiveincomelossnetoftax": 1719000000,
        "comprehensiveincomenetoftaxincludingportionattributabletononcontrollinginterest": 2215000000,
        "comprehensiveincomenetoftaxattributabletononcontrollinginterest": 5000000,
        "comprehensiveincomenetoftax": 2210000000,
        "premiumsearnednet": 8326000000,
        "insurancecommissionsandfees": 725000000,
        "netinvestmentincome": 4089000000,
        "assetmanagementfees1": 973000000,
        "otherincome": 1000000,
        "impairmentofinvestments": 53000000,
        "otherthantemporaryimpairmentlossesinvestmentsportioninothercomprehensiveincomelossbeforetaxincludingportionattributabletononcontrollinginterest": 7000000,
        "gainlossonsaleofotherinvestments": -1046000000,
        "realizedinvestmentgainslosses": -2000000,
        "revenues": 13028000000,
        "policyholderbenefitsandclaimsincurrednet": 8328000000,
        "interestcreditedtopolicyholdersaccountbalances": 947000000,
        "policyholderdividends": 491000000,
        "deferredpolicyacquisitioncostamortizationexpense": 84000000,
        "generalandadministrativeexpense": 14000000,
        "benefitslossesandexpenses": 12833000000,
        "incomelossfromcontinuingoperationsbeforeincometaxesminorityinterestandincomelossfromequitymethodinvestments": 1228000000,
        "incometaxexpensebenefit": 125000000,
        "incomelossfromcontinuingoperations": 483000000,
        "incomelossfromequitymethodinvestments": 13000000,
        "netincomelossattributabletononcontrollinginterest": 5000000,
        "netincomeloss": 491000000,
        "earningspersharebasic": 1.13,
        "earningspersharediluted": 1.12,
        "commonstockdividendspersharedeclared": 0.75
    },
    {
        "date": "2016-09-29",
        "symbol": "PRU",
        "period": "Q3",
        "profitloss": 1823000000,
        "othercomprehensiveincomelossforeigncurrencytransactionandtranslationadjustmentbeforetax": 697000000,
        "othercomprehensiveincomelossavailableforsalesecuritiesadjustmentbeforetax": -678000000,
        "othercomprehensiveincomelosspensionandotherpostretirementbenefitplansadjustmentbeforetax": -44000000,
        "othercomprehensiveincomelossbeforetax": 63000000,
        "othercomprehensiveincomelosstax": -2693000000,
        "othercomprehensiveincomelossnetoftax": 259000000,
        "comprehensiveincomenetoftaxincludingportionattributabletononcontrollinginterest": 2082000000,
        "comprehensiveincomenetoftaxattributabletononcontrollinginterest": 50000000,
        "comprehensiveincomenetoftax": 2085000000,
        "premiumsearnednet": 9635000000,
        "insurancecommissionsandfees": 1540000000,
        "netinvestmentincome": 4073000000,
        "assetmanagementfees1": 955000000,
        "otherincome": -55000000,
        "otherthantemporaryimpairmentlossesoninvestments": 29000000,
        "portionofimpairmentlossrecognizedinothercomprehensiveincome": 0,
        "otherrealizedinvestmentgainslossesnet": 842000000,
        "realizedinvestmentgainslosses": -3000000,
        "revenues": 15050000000,
        "policyholderbenefitsandclaimsincurrednet": 10155000000,
        "interestcreditedtopolicyholdersaccountbalances": 824000000,
        "policyholderdividends": 569000000,
        "deferredpolicyacquisitioncostamortizationexpense": 115000000,
        "benefitslossesandexpenses": 14646000000,
        "incomelossfromcontinuingoperationsbeforeincometaxesandoperatingjointventures": 1558000000,
        "incometaxexpensebenefit": 501000000,
        "incomelossfromcontinuingoperationsbeforeoperatingjointventures": 1814000000,
        "equityinearningsofoperatingjointventures": 18000000,
        "incomelossfromcontinuingoperationsincludingportionattributabletononcontrollinginterest": 1832000000,
        "netincomelossattributabletononcontrollinginterest": -5000000,
        "netincomeloss": 1827000000,
        "incomelossfromcontinuingoperationsperbasicshare": 4.129999999999999,
        "earningspersharebasic": 4.129999999999999,
        "incomelossfromcontinuingoperationsperdilutedshare": 4.049999999999999,
        "earningspersharediluted": 4.049999999999999,
        "commonstockdividendspersharedeclared": 0.7000000000000002
    },
    {
        "date": "2016-06-29",
        "symbol": "PRU",
        "period": "Q2",
        "profitloss": 925000000,
        "othercomprehensiveincomelossforeigncurrencytransactionandtranslationadjustmentbeforetax": 546000000,
        "othercomprehensiveincomelossavailableforsalesecuritiesadjustmentbeforetax": 7907000000,
        "othercomprehensiveincomelosspensionandotherpostretirementbenefitplansadjustmentbeforetax": -39000000,
        "othercomprehensiveincomelossbeforetax": 8492000000,
        "othercomprehensiveincomelosstax": 2892000000,
        "othercomprehensiveincomelossnetoftax": 5600000000,
        "comprehensiveincomenetoftaxincludingportionattributabletononcontrollinginterest": 6525000000,
        "comprehensiveincomenetoftaxattributabletononcontrollinginterest": 3000000,
        "comprehensiveincomenetoftax": 6522000000,
        "premiumsearnednet": 6935000000,
        "insurancecommissionsandfees": 1276000000,
        "netinvestmentincome": 3789000000,
        "assetmanagementfees1": 920000000,
        "otherincome": 86000000,
        "otherthantemporaryimpairmentlossesoninvestments": 17000000,
        "portionofimpairmentlossrecognizedinothercomprehensiveincome": 6000000,
        "otherrealizedinvestmentgainslossesnet": 1444000000,
        "realizedinvestmentgainslosses": -2000000,
        "revenues": 11812000000,
        "policyholderbenefitsandclaimsincurrednet": 7989000000,
        "interestcreditedtopolicyholdersaccountbalances": 1058000000,
        "policyholderdividends": 598000000,
        "deferredpolicyacquisitioncostamortizationexpense": 427000000,
        "generalandadministrativeexpense": 3026000000,
        "benefitslossesandexpenses": 13098000000,
        "incomelossfromcontinuingoperationsbeforeincometaxesandoperatingjointventures": 1057000000,
        "incometaxexpensebenefit": 431000000,
        "incomelossfromcontinuingoperationsbeforeoperatingjointventures": 910000000,
        "equityinearningsofoperatingjointventures": 15000000,
        "incomelossfromcontinuingoperationsincludingportionattributabletononcontrollinginterest": 925000000,
        "netincomelossattributabletononcontrollinginterest": -4000000,
        "netincomeloss": 921000000,
        "incomelossfromcontinuingoperationsperbasicshare": 2.06,
        "earningspersharebasic": 2.06,
        "incomelossfromcontinuingoperationsperdilutedshare": 2.04,
        "earningspersharediluted": 2.04,
        "commonstockdividendspersharedeclared": 0.7
    },
    {
        "date": "2016-03-30",
        "symbol": "PRU",
        "period": "Q1",
        "profitloss": 1336000000,
        "othercomprehensiveincomelossforeigncurrencytransactionandtranslationadjustmentbeforetax": 737000000,
        "othercomprehensiveincomelossavailableforsalesecuritiesadjustmentbeforetax": 9413000000,
        "othercomprehensiveincomelosspensionandotherpostretirementbenefitplansadjustmentbeforetax": -34000000,
        "othercomprehensiveincomelossbeforetax": 10184000000,
        "othercomprehensiveincomelosstax": 176000000,
        "othercomprehensiveincomelossnetoftax": 6781000000,
        "comprehensiveincomenetoftaxincludingportionattributabletononcontrollinginterest": 8117000000,
        "comprehensiveincomenetoftaxattributabletononcontrollinginterest": 37000000,
        "comprehensiveincomenetoftax": 8117000000,
        "premiumsearnednet": 6297000000,
        "insurancecommissionsandfees": 1599000000,
        "netinvestmentincome": 3670000000,
        "assetmanagementfees1": 905000000,
        "otherincome": -23000000,
        "otherthantemporaryimpairmentlossesoninvestments": 158000000,
        "portionofimpairmentlossrecognizedinothercomprehensiveincome": 32000000,
        "otherrealizedinvestmentgainslossesnet": 2007000000,
        "realizedinvestmentgainslosses": -6000000,
        "revenues": 11292000000,
        "policyholderbenefitsandclaimsincurrednet": 7031000000,
        "interestcreditedtopolicyholdersaccountbalances": 1286000000,
        "policyholderdividends": 266000000,
        "deferredpolicyacquisitioncostamortizationexpense": 1202000000,
        "operatingexpensesotherthanamortizationofdeferredpolicyacquisitioncosts": 2812000000,
        "benefitslossesandexpenses": 12597000000,
        "incomelossfromcontinuingoperationsbeforeincometaxesandoperatingjointventures": 1325000000,
        "incometaxexpensebenefit": 368000000,
        "incomelossfromcontinuingoperationsbeforeoperatingjointventures": 1364000000,
        "equityinearningsofoperatingjointventures": 5000000,
        "incomelossfromcontinuingoperationsincludingportionattributabletononcontrollinginterest": 1369000000,
        "netincomelossattributabletononcontrollinginterest": -33000000,
        "netincomeloss": 1336000000,
        "incomelossfromcontinuingoperationsperbasicshare": 2.97,
        "earningspersharebasic": 2.97,
        "incomelossfromcontinuingoperationsperdilutedshare": 2.93,
        "earningspersharediluted": 2.93,
        "commonstockdividendspersharedeclared": 0.7
    },
    {
        "date": "2015-09-29",
        "symbol": "PRU",
        "period": "Q3",
        "profitloss": 1467000000,
        "othercomprehensiveincomelossforeigncurrencytransactionandtranslationadjustmentbeforetax": -96000000,
        "othercomprehensiveincomelossavailableforsalesecuritiesadjustmentbeforetax": 169000000,
        "othercomprehensiveincomelosspensionandotherpostretirementbenefitplansadjustmentbeforetax": -47000000,
        "othercomprehensiveincomelossbeforetax": 120000000,
        "othercomprehensiveincomelosstax": 68000000,
        "othercomprehensiveincomelossnetoftax": 52000000,
        "comprehensiveincomenetoftaxincludingportionattributabletononcontrollinginterest": 1519000000,
        "comprehensiveincomenetoftaxattributabletononcontrollinginterest": -5000000,
        "comprehensiveincomenetoftax": 1524000000,
        "premiumsearnednet": 5985000000,
        "insurancecommissionsandfees": 1624000000,
        "netinvestmentincome": 3741000000,
        "assetmanagementfees1": 946000000,
        "otherincome": -397000000,
        "otherthantemporaryimpairmentlossesoninvestments": 81000000,
        "portionofimpairmentlossrecognizedinothercomprehensiveincome": 8000000,
        "otherrealizedinvestmentgainslossesnet": 1773000000,
        "realizedinvestmentgainslosses": -4000000,
        "revenues": 11078000000,
        "policyholderbenefitsandclaimsincurrednet": 6648000000,
        "interestcreditedtopolicyholdersaccountbalances": 840000000,
        "policyholderdividends": 367000000,
        "deferredpolicyacquisitioncostamortizationexpense": 922000000,
        "operatingexpensesotherthanamortizationofdeferredpolicyacquisitioncosts": 2773000000,
        "benefitslossesandexpenses": 11550000000,
        "incomelossfromcontinuingoperationsbeforeincometaxesandoperatingjointventures": 1463000000,
        "incometaxexpensebenefit": 584000000,
        "incomelossfromcontinuingoperationsbeforeoperatingjointventures": 1465000000,
        "equityinearningsofoperatingjointventures": 2000000,
        "incomelossfromcontinuingoperationsincludingportionattributabletononcontrollinginterest": 1467000000,
        "netincomelossattributabletononcontrollinginterest": -2000000,
        "netincomeloss": 1465000000,
        "incomelossfromcontinuingoperationsperbasicshare": 3.22,
        "earningspersharebasic": 3.22,
        "incomelossfromcontinuingoperationsperdilutedshare": 3.16,
        "earningspersharediluted": 3.16,
        "commonstockdividendspersharedeclared": 0.58
    },
    {
        "date": "2015-06-29",
        "symbol": "PRU",
        "period": "Q2",
        "profitloss": 1459000000,
        "othercomprehensiveincomelossforeigncurrencytransactionandtranslationadjustmentbeforetax": -96000000,
        "othercomprehensiveincomelossavailableforsalesecuritiesadjustmentbeforetax": -6702000000,
        "othercomprehensiveincomelosspensionandotherpostretirementbenefitplansadjustmentbeforetax": -54000000,
        "othercomprehensiveincomelossbeforetax": -6744000000,
        "othercomprehensiveincomelosstax": -2380000000,
        "othercomprehensiveincomelossnetoftax": -4364000000,
        "comprehensiveincomenetoftaxincludingportionattributabletononcontrollinginterest": -2905000000,
        "comprehensiveincomenetoftaxattributabletononcontrollinginterest": 37000000,
        "comprehensiveincomenetoftax": -2942000000,
        "premiumsearnednet": 7582000000,
        "insurancecommissionsandfees": 1250000000,
        "netinvestmentincome": 3671000000,
        "assetmanagementfees1": 956000000,
        "otherincome": 124000000,
        "otherthantemporaryimpairmentlossesoninvestments": 54000000,
        "portionofimpairmentlossrecognizedinothercomprehensiveincome": 25000000,
        "otherrealizedinvestmentgainslossesnet": 158000000,
        "realizedinvestmentgainslosses": -2000000,
        "revenues": 12500000000,
        "policyholderbenefitsandclaimsincurrednet": 7852000000,
        "interestcreditedtopolicyholdersaccountbalances": 676000000,
        "policyholderdividends": 437000000,
        "deferredpolicyacquisitioncostamortizationexpense": 135000000,
        "operatingexpensesotherthanamortizationofdeferredpolicyacquisitioncosts": 2483000000,
        "benefitslossesandexpenses": 11583000000,
        "incomelossfromcontinuingoperationsbeforeincometaxesandoperatingjointventures": 1841000000,
        "incometaxexpensebenefit": 679000000,
        "incomelossfromcontinuingoperationsbeforeoperatingjointventures": 1450000000,
        "equityinearningsofoperatingjointventures": 9000000,
        "incomelossfromcontinuingoperationsincludingportionattributabletononcontrollinginterest": 1459000000,
        "netincomelossattributabletononcontrollinginterest": -53000000,
        "netincomeloss": 1406000000,
        "incomelossfromcontinuingoperationsperbasicshare": 3.07,
        "earningspersharebasic": 3.07,
        "incomelossfromcontinuingoperationsperdilutedshare": 3.03,
        "earningspersharediluted": 3.03,
        "commonstockdividendspersharedeclared": 0.58
    },
    {
        "date": "2014-06-29",
        "symbol": "PRU",
        "period": "Q2",
        "premiumsearnednet": 6068000000,
        "insurancecommissionsandfees": 1520000000,
        "netinvestmentincome": 3754000000,
        "assetmanagementfees1": 928000000,
        "otherincome": 267000000,
        "otherthantemporaryimpairmentlossesoninvestments": 32000000,
        "portionofimpairmentlossrecognizedinothercomprehensiveincome": 6000000,
        "otherrealizedinvestmentgainslossesnet": 635000000,
        "realizedinvestmentgainslosses": 536000000,
        "revenues": 154000000,
        "policyholderbenefitsandclaimsincurrednet": 6466000000,
        "interestcreditedtopolicyholdersaccountbalances": 1178000000,
        "policyholderdividends": 711000000,
        "deferredpolicyacquisitioncostamortizationexpense": 482000000,
        "interestexpense": 50000000,
        "operatingexpensesotherthanamortizationofdeferredpolicyacquisitioncosts": 2802000000,
        "benefitslossesandexpenses": 11639000000,
        "incomelossfromcontinuingoperationsbeforeincometaxesandoperatingjointventures": 56000000,
        "incometaxexpensebenefit": 404000000,
        "incomelossfromcontinuingoperationsbeforeoperatingjointventures": 1103000000,
        "equityinearningsofoperatingjointventures": 6000000,
        "incomelossfromcontinuingoperationsincludingportionattributabletononcontrollinginterest": 1109000000,
        "incomelossfromdiscontinuedoperationsnetoftax": 4000000,
        "profitloss": 1113000000,
        "netincomelossattributabletononcontrollinginterest": 23000000,
        "netincomeloss": 1090000000,
        "incomelossfromcontinuingoperationsperbasicshare": 2.25,
        "incomelossfromdiscontinuedoperationsnetoftaxperbasicshare": 0.01,
        "earningspersharebasic": 2.26,
        "incomelossfromcontinuingoperationsperdilutedshare": 2.21,
        "incomelossfromdiscontinuedoperationsnetoftaxperdilutedshare": 0.01,
        "earningspersharediluted": 2.22,
        "incomelossfromcontinuingoperationsperbasicanddilutedclassbshare": 22,
        "earningsperclassbsharebasicanddiluted": 22,
        "commonstockdividendspersharedeclared": 2.41,
        "othercomprehensiveincomelossforeigncurrencytransactionandtranslationadjustmentbeforetax": 167000000,
        "othercomprehensiveincomelossavailableforsalesecuritiesadjustmentbeforetax": 3251000000,
        "othercomprehensiveincomelosspensionandotherpostretirementbenefitplansadjustmentbeforetax": -20000000,
        "othercomprehensiveincomelossbeforetax": 3438000000,
        "othercomprehensiveincomelosstax": 1158000000,
        "othercomprehensiveincomelossnetoftax": 2280000000,
        "comprehensiveincomenetoftaxincludingportionattributabletononcontrollinginterest": 3393000000,
        "comprehensiveincomenetoftaxattributabletononcontrollinginterest": -24000000,
        "comprehensiveincomenetoftax": 3369000000
    },
    {
        "date": "2013-09-29",
        "symbol": "PRU",
        "period": "Q3",
        "premiumsearnednet": 6141000000,
        "insurancecommissionsandfees": 1257000000,
        "netinvestmentincome": 3650000000,
        "otherincome": 2405000000,
        "otherthantemporaryimpairmentlossesoninvestments": 359000000,
        "portionofimpairmentlossrecognizedinothercomprehensiveincome": 316000000,
        "otherrealizedinvestmentgainslossesnet": -2067000000,
        "realizedinvestmentgainslosses": 568000000,
        "revenues": 151000000,
        "policyholderbenefitsandclaimsincurrednet": 6237000000,
        "interestcreditedtopolicyholdersaccountbalances": 759000000,
        "policyholderdividends": 582000000,
        "deferredpolicyacquisitioncostamortizationexpense": -452000000,
        "interestexpense": 29000000,
        "operatingexpensesotherthanamortizationofdeferredpolicyacquisitioncosts": 2658000000,
        "benefitslossesandexpenses": 9784000000,
        "incomelossfromcontinuingoperationsbeforeincometaxesandoperatingjointventures": 85000000,
        "incometaxexpensebenefit": 509000000,
        "incomelossfromcontinuingoperationsbeforeoperatingjointventures": 1050000000,
        "equityinearningsofoperatingjointventures": 3000000,
        "incomelossfromcontinuingoperationsincludingportionattributabletononcontrollinginterest": 1053000000,
        "incomelossfromdiscontinuedoperationsnetoftax": 8000000,
        "profitloss": 1061000000,
        "netincomelossattributabletononcontrollinginterest": 19000000,
        "netincomeloss": 1042000000,
        "incomelossfromcontinuingoperationsperbasicshare": 2.09,
        "incomelossfromdiscontinuedoperationsnetoftaxperbasicshare": 0.02,
        "earningspersharebasic": 2.11,
        "incomelossfromcontinuingoperationsperdilutedshare": 2.06,
        "incomelossfromdiscontinuedoperationsnetoftaxperdilutedshare": 0.01,
        "earningspersharediluted": 2.07,
        "incomelossfromcontinuingoperationsperbasicanddilutedclassbshare": 29.5,
        "earningsperclassbsharebasicanddiluted": 29.5,
        "othercomprehensiveincomeforeigncurrencytransactionandtranslationgainlossbeforereclassificationandtax": 224000000,
        "othercomprehensiveincomelossforeigncurrencytransactionandtranslationadjustmentbeforetax": 224000000,
        "othercomprehensiveincomelossavailableforsalesecuritiesadjustmentbeforereclassificationadjustmentsandtax": -2126000000,
        "othercomprehensiveincomelossreclassificationadjustmentforsaleofsecuritiesandimpairmentsincludedinnetincomebeforetax": -541000000,
        "othercomprehensiveincomelossavailableforsalesecuritiesadjustmentbeforetax": -2667000000,
        "othercomprehensiveincomereclassificationofdefinedbenefitplansforeigncurrencyandotheradjustmentsbeforetax": -4000000,
        "othercomprehensiveincomereclassificationofdefinedbenefitplansrecognizedinnetperiodicbenefitcostbeforetax": 31000000,
        "othercomprehensiveincomelosspensionandotherpostretirementbenefitplansadjustmentbeforetax": -27000000,
        "othercomprehensiveincomelossbeforetax": -2416000000,
        "othercomprehensiveincomelossforeigncurrencytranslationadjustmenttax": 73000000,
        "othercomprehensiveincomelossavailableforsalesecuritiestax": -917000000,
        "othercomprehensiveincomelosspensionandotherpostretirementbenefitplanstax": -10000000,
        "othercomprehensiveincomelosstax": -834000000,
        "othercomprehensiveincomelossnetoftax": -1582000000,
        "comprehensiveincomenetoftaxincludingportionattributabletononcontrollinginterest": -521000000,
        "comprehensiveincomenetoftaxattributabletononcontrollinginterest": 13000000,
        "comprehensiveincomenetoftax": -508000000
    },
    {
        "date": "2013-03-30",
        "symbol": "PRU",
        "period": "Q1",
        "premiumsearnednet": 7084000000,
        "policychargesinsurance": 1356000000,
        "netinvestmentincome": 3638000000,
        "otherincome": -1170000000,
        "otherthantemporaryimpairmentlossesoninvestments": 308000000,
        "portionofimpairmentlossrecognizedinothercomprehensiveincome": 238000000,
        "otherrealizedinvestmentgainslossesnet": -653000000,
        "realizedinvestmentgainslosses": 16000000,
        "revenues": -151000000,
        "policyholderbenefitsandclaimsincurrednet": 7219000000,
        "interestcreditedtopolicyholdersaccountbalances": 1050000000,
        "policyholderdividends": 560000000,
        "deferredpolicyacquisitioncostamortizationexpense": 218000000,
        "interestexpense": 17000000,
        "operatingexpensesotherthanamortizationofdeferredpolicyacquisitioncosts": 2683000000,
        "benefitslossesandexpenses": 11730000000,
        "incomelossfromcontinuingoperationsbeforeincometaxesandoperatingjointventures": -1564000000,
        "incometaxexpensebenefit": -831000000,
        "incomelossfromcontinuingoperationsbeforeoperatingjointventures": -714000000,
        "equityinearningsofoperatingjointventures": 49000000,
        "incomelossfromcontinuingoperationsincludingportionattributabletononcontrollinginterest": -665000000,
        "incomelossfromdiscontinuedoperationsnetoftax": 1000000,
        "profitloss": 42000000,
        "netincomelossattributabletononcontrollinginterest": 42000000,
        "netincomeloss": -706000000,
        "incomelossfromcontinuingoperationsperbasicshare": -1.55,
        "earningspersharebasic": -1.55,
        "incomelossfromcontinuingoperationsperdilutedshare": -1.55,
        "earningspersharediluted": -1.55,
        "incomelossfromcontinuingoperationsperbasicanddilutedclassbshare": 5.5,
        "earningsperclassbsharebasicanddiluted": 5.5,
        "commonstockdividendspersharedeclared": 0.4,
        "othercomprehensiveincomeforeigncurrencytransactionandtranslationgainlossbeforereclassificationandtax": -902000000,
        "othercomprehensiveincomelossforeigncurrencytransactionandtranslationreclassificationadjustmentrealizeduponsaleorliquidationbeforetax": 1000000,
        "othercomprehensiveincomelossforeigncurrencytransactionandtranslationadjustmentbeforetax": -901000000,
        "othercomprehensiveincomelossavailableforsalesecuritiesadjustmentbeforereclassificationadjustmentsandtax": 4452000000,
        "othercomprehensiveincomelossreclassificationadjustmentforsaleofsecuritiesandimpairmentsincludedinnetincomebeforetax": -174000000,
        "othercomprehensiveincomelossavailableforsalesecuritiesadjustmentbeforetax": 4278000000,
        "othercomprehensiveincomereclassificationofdefinedbenefitplansforeigncurrencyandotheradjustmentsbeforetax": 19000000,
        "othercomprehensiveincomereclassificationofdefinedbenefitplansrecognizedinnetperiodicbenefitcostbeforetax": 31000000,
        "othercomprehensiveincomelosspensionandotherpostretirementbenefitplansadjustmentbeforetax": -50000000,
        "othercomprehensiveincomelossbeforetax": 3427000000,
        "othercomprehensiveincomelossforeigncurrencytranslationadjustmenttax": -269000000,
        "othercomprehensiveincomelossavailableforsalesecuritiestax": 1474000000,
        "othercomprehensiveincomelosspensionandotherpostretirementbenefitplanstax": -18000000,
        "othercomprehensiveincomelosstax": 1223000000,
        "othercomprehensiveincomelossnetoftax": 2204000000,
        "comprehensiveincomenetoftaxincludingportionattributabletononcontrollinginterest": 42000000,
        "comprehensiveincomenetoftaxattributabletononcontrollinginterest": -42000000,
        "comprehensiveincomenetoftax": 1498000000
    },
    {
        "date": "2011-09-29",
        "symbol": "PRU",
        "period": "Q3",
        "premiumsearnednet": 6092000000,
        "policychargesinsurance": 958000000,
        "netinvestmentincome": 3333000000,
        "otherincome": 2006000000,
        "otherthantemporaryimpairmentlossesoninvestments": 402000000,
        "portionofimpairmentlossrecognizedinothercomprehensiveincome": 286000000,
        "otherrealizedinvestmentgainslossesnet": 2644000000,
        "realizedinvestmentgainslosses": 4000000,
        "revenues": 14917000000,
        "policyholderbenefitsandclaimsincurrednet": 139000000,
        "interestcreditedtopolicyholdersaccountbalances": 1463000000,
        "policyholderdividends": 679000000,
        "deferredpolicyacquisitioncostamortizationexpense": 1786000000,
        "operatingexpensesotherthanamortizationofdeferredpolicyacquisitioncosts": 2447000000,
        "benefitslossesandexpenses": 12583000000,
        "incomelossfromcontinuingoperationsbeforeincometaxesandoperatingjointventures": 42000000,
        "incometaxexpensebenefit": 848000000,
        "incomelossfromcontinuingoperationsbeforeoperatingjointventures": 1486000000,
        "equityinearningsofoperatingjointventures": 67000000,
        "incomelossfromcontinuingoperationsincludingportionattributabletononcontrollinginterest": 1553000000,
        "incomelossfromdiscontinuedoperationsnetoftax": -9000000,
        "profitloss": 1544000000,
        "netincomelossattributabletononcontrollinginterest": 10000000,
        "netincomeloss": 1534000000,
        "incomelossfromcontinuingoperationsperbasicshare": 3.12,
        "incomelossfromdiscontinuedoperationsnetoftaxperbasicshare": -0.02,
        "earningspersharebasic": 3.1,
        "incomelossfromcontinuingoperationsperdilutedshare": 3.08,
        "incomelossfromdiscontinuedoperationsnetoftaxperdilutedshare": -0.02,
        "earningspersharediluted": 3.06,
        "incomelossfromcontinuingoperationsperbasicanddilutedclassbshare": 10.5,
        "earningsperclassbsharebasicanddiluted": 10.5
    },
    {
        "date": "2011-06-29",
        "symbol": "PRU",
        "period": "Q2",
        "premiumsearnednet": 6279000000,
        "policychargesinsurance": 1005000000,
        "netinvestmentincome": 3327000000,
        "otherincome": 1168000000,
        "otherthantemporaryimpairmentlossesoninvestments": 629000000,
        "portionofimpairmentlossrecognizedinothercomprehensiveincome": 476000000,
        "otherrealizedinvestmentgainslossesnet": 621000000,
        "realizedinvestmentgainslosses": 297000000,
        "revenues": 10443000000,
        "policyholderbenefitsandclaimsincurrednet": 6035000000,
        "interestcreditedtopolicyholdersaccountbalances": 1191000000,
        "policyholderdividends": 734000000,
        "deferredpolicyacquisitioncostamortizationexpense": 643000000,
        "operatingexpensesotherthanamortizationofdeferredpolicyacquisitioncosts": 2472000000,
        "benefitslossesandexpenses": 11075000000,
        "incomelossfromcontinuingoperationsbeforeincometaxesandoperatingjointventures": 1163000000,
        "incometaxexpensebenefit": 332000000,
        "incomelossfromcontinuingoperationsbeforeoperatingjointventures": 840000000,
        "equityinearningsofoperatingjointventures": 11000000,
        "incomelossfromcontinuingoperationsincludingportionattributabletononcontrollinginterest": 851000000,
        "incomelossfromdiscontinuedoperationsnetoftax": 16000000,
        "profitloss": 867000000,
        "netincomelossattributabletononcontrollinginterest": 29000000,
        "netincomeloss": 838000000,
        "incomelossfromcontinuingoperationsperbasicshare": 1.67,
        "incomelossfromdiscontinuedoperationsnetoftaxperbasicshare": 0.03,
        "earningspersharebasic": 1.7,
        "incomelossfromcontinuingoperationsperdilutedshare": 1.65,
        "incomelossfromdiscontinuedoperationsnetoftaxperdilutedshare": 0.03,
        "earningspersharediluted": 1.68,
        "incomelossfromcontinuingoperationsperbasicanddilutedclassbshare": -0.5,
        "earningsperclassbsharebasicanddiluted": -0.5
    },
    {
        "date": "2010-09-29",
        "symbol": "PRU",
        "period": "Q3",
        "premiumsearnednet": 4654000000,
        "policychargesinsurance": 761000000,
        "netinvestmentincome": 3018000000,
        "otherincome": 1500000000,
        "otherthantemporaryimpairmentlossesoninvestments": 435000000,
        "portionofimpairmentlossrecognizedinothercomprehensiveincome": 345000000,
        "otherrealizedinvestmentgainslossesnet": 119000000,
        "realizedinvestmentgainslosses": -122000000,
        "revenues": 8370000000,
        "policyholderbenefitsandclaimsincurrednet": 4538000000,
        "interestcreditedtopolicyholdersaccountbalances": 1174000000,
        "policyholderdividends": 512000000,
        "sellinggeneralandadministrativeexpense": 1998000000,
        "benefitslossesandexpenses": 8222000000,
        "incomelossfromcontinuingoperationsbeforeincometaxesandoperatingjointventures": 1626000000,
        "incometaxexpensebenefit": 520000000,
        "incomelossfromcontinuingoperationsbeforeoperatingjointventures": 1220000000,
        "equityinearningsofoperatingjointventures": 14000000,
        "incomelossfromcontinuingoperationsincludingportionattributabletononcontrollinginterest": 1234000000,
        "incomelossfromdiscontinuedoperationsnetoftax": 8000000,
        "profitloss": 1242000000,
        "netincomelossattributabletononcontrollinginterest": -2000000,
        "netincomeloss": 1244000000,
        "incomelossfromcontinuingoperationsperbasicshare": 2.48,
        "incomelossfromdiscontinuedoperationsnetoftaxperbasicshare": 0.02,
        "earningspersharebasic": 2.5,
        "incomelossfromcontinuingoperationsperdilutedshare": 2.45,
        "incomelossfromdiscontinuedoperationsnetoftaxperdilutedshare": 0.01,
        "earningspersharediluted": 2.46,
        "incomelossfromcontinuingoperationsperbasicanddilutedclassbshare": 33.5,
        "incomelossfromdiscontinuedoperationsnetoftaxperbasicanddilutedclassbshare": 0.5,
        "earningsperclassbsharebasicanddiluted": 34
    },
    {
        "date": "2010-03-30",
        "symbol": "PRU",
        "period": "Q1",
        "premiumsearnednet": 4242000000,
        "policychargesinsurance": 816000000,
        "netinvestmentincome": 2874000000,
        "otherincome": 971000000,
        "otherthantemporaryimpairmentlossesoninvestments": 1249000000,
        "portionofimpairmentlossrecognizedinothercomprehensiveincome": 995000000,
        "otherrealizedinvestmentgainslossesnet": 643000000,
        "realizedinvestmentgainslosses": 389000000,
        "revenues": 9292000000,
        "policyholderbenefitsandclaimsincurrednet": 4243000000,
        "interestcreditedtopolicyholdersaccountbalances": 1235000000,
        "policyholderdividends": 517000000,
        "sellinggeneralandadministrativeexpense": 2281000000,
        "benefitslossesandexpenses": 8276000000,
        "incomelossfromcontinuingoperationsbeforeincometaxesandoperatingjointventures": 1016000000,
        "incometaxexpensebenefit": 353000000,
        "incomelossfromcontinuingoperationsbeforeoperatingjointventures": 663000000,
        "equityinearningsofoperatingjointventures": 10000000,
        "incomelossfromcontinuingoperationsincludingportionattributabletononcontrollinginterest": 673000000,
        "incomelossfromdiscontinuedoperationsnetoftax": -2000000,
        "profitloss": 697000000,
        "netincomelossattributabletononcontrollinginterest": -26000000,
        "netincomeloss": 697000000,
        "incomelossfromcontinuingoperationsperbasicshare": 1.17,
        "incomelossfromdiscontinuedoperationsnetoftaxperbasicshare": -0.01,
        "earningspersharebasic": 1.16,
        "incomelossfromcontinuingoperationsperdilutedshare": 1.16,
        "incomelossfromdiscontinuedoperationsnetoftaxperdilutedshare": -0.01,
        "earningspersharediluted": 1.15,
        "incomelossfromcontinuingoperationsperbasicanddilutedclassbshare": 75.5,
        "earningsperclassbsharebasicanddiluted": 75.5
    }
]