[
    {
        "date": "2024-09-29",
        "symbol": "AJG",
        "period": "Q3",
        "revenuefromcontractwithcustomerbeforereimbursementsexcludingassessedtax": 2766500000,
        "revenuefromcontractwithcustomerexcludingassessedtaxreimbursements": 40300000,
        "revenuefromcontractwithcustomerexcludingassessedtax": 2806800000,
        "laborandrelatedexpense": 1621900000,
        "operatingexpenses": 453700000,
        "costreimbursements": 40300000,
        "interestexpense": 92900000,
        "depreciation": 45300000,
        "adjustmentforamortization": 164700000,
        "changeinestimatedacquisitionearnoutpayables": -15300000,
        "costsandexpenses": 2403500000,
        "incomelossfromcontinuingoperationsbeforeincometaxesextraordinaryitemsnoncontrollinginterest": 403300000,
        "incometaxexpensebenefit": 89200000,
        "profitloss": 314100000,
        "netincomelossattributabletononcontrollinginterest": 1500000,
        "netincomeloss": 312600000,
        "earningspersharebasic": 1.43,
        "earningspersharediluted": 1.39,
        "commonstockdividendspersharedeclared": 0.6,
        "othercomprehensiveincomelosspensionandotherpostretirementbenefitplansadjustmentnetoftax": -100000,
        "othercomprehensiveincomeforeigncurrencytransactionandtranslationgainlossarisingduringperiodnetoftax": 333500000,
        "othercomprehensiveincomelosscashflowhedgegainlossafterreclassificationandtaxparent": 12200000,
        "comprehensiveincomenetoftaxincludingportionattributabletononcontrollinginterest": 659900000,
        "comprehensiveincomenetoftaxattributabletononcontrollinginterest": 1500000,
        "comprehensiveincomenetoftax": 658400000
    },
    {
        "date": "2024-06-29",
        "symbol": "AJG",
        "period": "Q2",
        "revenuefromcontractwithcustomerbeforereimbursementsexcludingassessedtax": 1661800000,
        "revenuefromcontractwithcustomerexcludingassessedtaxreimbursements": 39400000,
        "revenuefromcontractwithcustomerexcludingassessedtax": 2775400000,
        "laborandrelatedexpense": 1620100000,
        "operatingexpenses": 425600000,
        "costreimbursements": 39400000,
        "interestexpense": 94300000,
        "depreciation": 40800000,
        "adjustmentforamortization": 170800000,
        "changeinestimatedacquisitionearnoutpayables": 18800000,
        "costsandexpenses": 2409800000,
        "incomelossfromcontinuingoperationsbeforeincometaxesextraordinaryitemsnoncontrollinginterest": 365600000,
        "incometaxexpensebenefit": 80200000,
        "profitloss": 285400000,
        "netincomelossattributabletononcontrollinginterest": 2000000,
        "netincomeloss": 283400000,
        "earningspersharebasic": 1.3,
        "earningspersharediluted": 1.27,
        "commonstockdividendspersharedeclared": 0.6,
        "othercomprehensiveincomelosspensionandotherpostretirementbenefitplansadjustmentnetoftax": 100000,
        "othercomprehensiveincomeforeigncurrencytransactionandtranslationgainlossarisingduringperiodnetoftax": 11300000,
        "othercomprehensiveincomelosscashflowhedgegainlossafterreclassificationandtaxparent": -1400000,
        "comprehensiveincomenetoftaxincludingportionattributabletononcontrollinginterest": 295200000,
        "comprehensiveincomenetoftaxattributabletononcontrollinginterest": 2100000,
        "comprehensiveincomenetoftax": 293100000
    },
    {
        "date": "2024-03-30",
        "symbol": "AJG",
        "period": "Q1",
        "revenuefromcontractwithcustomerbeforereimbursementsexcludingassessedtax": 1993600000,
        "revenuefromcontractwithcustomerexcludingassessedtaxreimbursements": 38600000,
        "revenuefromcontractwithcustomerexcludingassessedtax": 3256700000,
        "laborandrelatedexpense": 1725900000,
        "operatingexpenses": 435700000,
        "costreimbursements": 38600000,
        "interestexpense": 92200000,
        "depreciation": 45400000,
        "adjustmentforamortization": 162300000,
        "changeinestimatedacquisitionearnoutpayables": -16100000,
        "costsandexpenses": 2484000000,
        "incomelossfromcontinuingoperationsbeforeincometaxesextraordinaryitemsnoncontrollinginterest": 772700000,
        "incometaxexpensebenefit": 160000000,
        "profitloss": 612700000,
        "netincomelossattributabletononcontrollinginterest": 4300000,
        "netincomeloss": 608400000,
        "earningspersharebasic": 2.8,
        "earningspersharediluted": 2.74,
        "commonstockdividendspersharedeclared": 0.6,
        "othercomprehensiveincomelosspensionandotherpostretirementbenefitplansadjustmentnetoftax": -300000,
        "othercomprehensiveincomeforeigncurrencytransactionandtranslationgainlossarisingduringperiodnetoftax": -155800000,
        "othercomprehensiveincomelosscashflowhedgegainlossafterreclassificationandtaxparent": -1400000,
        "comprehensiveincomenetoftaxincludingportionattributabletononcontrollinginterest": 455800000,
        "comprehensiveincomenetoftaxattributabletononcontrollinginterest": 4300000,
        "comprehensiveincomenetoftax": 451500000
    },
    {
        "date": "2023-12-30",
        "symbol": "AJG",
        "period": "Q4",
        "revenuefromcontractwithcustomerbeforereimbursementsexcludingassessedtax": 4483800000,
        "revenuefromcontractwithcustomerexcludingassessedtaxreimbursements": 38800000,
        "revenuefromcontractwithcustomerexcludingassessedtax": 7269700000,
        "laborandrelatedexpense": 1428200000,
        "operatingexpenses": 450600000,
        "costreimbursements": 38800000,
        "interestexpense": 78200000,
        "depreciation": 43700000,
        "adjustmentforamortization": 146000000,
        "changeinestimatedacquisitionearnoutpayables": 328600000,
        "costsandexpenses": 2514100000,
        "incomelossfromcontinuingoperationsbeforeincometaxesextraordinaryitemsnoncontrollinginterest": 1094600000,
        "incometaxexpensebenefit": -42600000,
        "profitloss": 681400000,
        "netincomelossattributabletononcontrollinginterest": -7400000,
        "netincomeloss": -32200000,
        "earningspersharebasic": -0.16999999999999993,
        "earningspersharediluted": -0.17000000000000082,
        "commonstockdividendspersharedeclared": 0.55,
        "othercomprehensiveincomelosspensionandotherpostretirementbenefitplansadjustmentnetoftax": -10000000,
        "othercomprehensiveincomeforeigncurrencytransactionandtranslationgainlossarisingduringperiodnetoftax": 247200000,
        "othercomprehensiveincomelosscashflowhedgegainlossafterreclassificationandtaxparent": 15200000,
        "comprehensiveincomenetoftaxincludingportionattributabletononcontrollinginterest": 232800000,
        "comprehensiveincomenetoftax": 239900000
    },
    {
        "date": "2023-09-29",
        "symbol": "AJG",
        "period": "Q3",
        "revenuefromcontractwithcustomerbeforereimbursementsexcludingassessedtax": 1381200000,
        "revenuefromcontractwithcustomerexcludingassessedtaxreimbursements": 38400000,
        "revenuefromcontractwithcustomerexcludingassessedtax": 2492000000,
        "laborandrelatedexpense": 1424500000,
        "operatingexpenses": 423000000,
        "costreimbursements": 38400000,
        "interestexpense": 72800000,
        "depreciation": 43000000,
        "adjustmentforamortization": 128700000,
        "changeinestimatedacquisitionearnoutpayables": -2500000,
        "costsandexpenses": 2127900000,
        "incomelossfromcontinuingoperationsbeforeincometaxesextraordinaryitemsnoncontrollinginterest": 364100000,
        "incometaxexpensebenefit": 80900000,
        "profitloss": 283200000,
        "netincomelossattributabletononcontrollinginterest": 2500000,
        "netincomeloss": 280700000,
        "earningspersharebasic": 1.3,
        "earningspersharediluted": 1.28,
        "commonstockdividendspersharedeclared": 0.55,
        "othercomprehensiveincomelosspensionandotherpostretirementbenefitplansadjustmentnetoftax": -800000,
        "othercomprehensiveincomeforeigncurrencytransactionandtranslationgainlossarisingduringperiodnetoftax": -216200000,
        "othercomprehensiveincomelosscashflowhedgegainlossafterreclassificationandtaxparent": 33800000,
        "comprehensiveincomenetoftaxincludingportionattributabletononcontrollinginterest": 101600000,
        "comprehensiveincomenetoftaxattributabletononcontrollinginterest": 3000000,
        "comprehensiveincomenetoftax": 98600000
    },
    {
        "date": "2023-06-29",
        "symbol": "AJG",
        "period": "Q2",
        "revenuefromcontractwithcustomerbeforereimbursementsexcludingassessedtax": -100000,
        "revenuefromcontractwithcustomerexcludingassessedtaxreimbursements": 35000000,
        "revenuefromcontractwithcustomerexcludingassessedtax": 119700000,
        "laborandrelatedexpense": 1413000000,
        "operatingexpenses": 433600000,
        "costreimbursements": 35000000,
        "interestexpense": 77800000,
        "depreciation": 40800000,
        "adjustmentforamortization": 134900000,
        "changeinestimatedacquisitionearnoutpayables": 9400000,
        "costsandexpenses": 2144500000,
        "incomelossfromcontinuingoperationsbeforeincometaxesextraordinaryitemsnoncontrollinginterest": -143000000,
        "incometaxexpensebenefit": 61600000,
        "profitloss": 1300000,
        "netincomelossattributabletononcontrollinginterest": 1300000,
        "netincomeloss": 234500000,
        "earningspersharebasic": 1.09,
        "earningspersharediluted": 1.07,
        "commonstockdividendspersharedeclared": 0.55,
        "othercomprehensiveincomelosspensionandotherpostretirementbenefitplansadjustmentnetoftax": -700000,
        "othercomprehensiveincomeforeigncurrencytransactionandtranslationgainlossarisingduringperiodnetoftax": 193500000,
        "othercomprehensiveincomelosscashflowhedgegainlossafterreclassificationandtaxparent": 24300000,
        "comprehensiveincomenetoftaxincludingportionattributabletononcontrollinginterest": 454300000,
        "comprehensiveincomenetoftaxattributabletononcontrollinginterest": 1600000,
        "comprehensiveincomenetoftax": 452700000
    },
    {
        "date": "2023-03-30",
        "symbol": "AJG",
        "period": "Q1",
        "revenuefromcontractwithcustomerbeforereimbursementsexcludingassessedtax": 100000,
        "revenuefromcontractwithcustomerexcludingassessedtaxreimbursements": 33200000.000000004,
        "revenuefromcontractwithcustomerexcludingassessedtax": 190500000,
        "laborandrelatedexpense": 1415500000,
        "operatingexpenses": 382500000,
        "costreimbursements": 33200000.000000004,
        "interestexpense": 67900000,
        "depreciation": 37700000,
        "adjustmentforamortization": 121700000,
        "changeinestimatedacquisitionearnoutpayables": 41800000,
        "costsandexpenses": 2100300000.0000002,
        "incomelossfromcontinuingoperationsbeforeincometaxesextraordinaryitemsnoncontrollinginterest": -130600000,
        "incometaxexpensebenefit": 119200000,
        "profitloss": 100000,
        "netincomelossattributabletononcontrollinginterest": 100000,
        "netincomeloss": 486500000,
        "earningspersharebasic": 2.29,
        "earningspersharediluted": 2.24,
        "commonstockdividendspersharedeclared": 0.55,
        "othercomprehensiveincomelosspensionandotherpostretirementbenefitplansadjustmentnetoftax": -800000,
        "othercomprehensiveincomeforeigncurrencytransactionandtranslationgainlossarisingduringperiodnetoftax": 33299999.999999996,
        "othercomprehensiveincomelosscashflowhedgegainlossafterreclassificationandtaxparent": 4900000,
        "comprehensiveincomenetoftaxincludingportionattributabletononcontrollinginterest": 525600000,
        "comprehensiveincomenetoftax": 525600000
    },
    {
        "date": "2022-12-30",
        "symbol": "AJG",
        "period": "Q4",
        "revenuefromcontractwithcustomerbeforereimbursementsexcludingassessedtax": 300000,
        "revenuefromcontractwithcustomerexcludingassessedtaxreimbursements": 33100000,
        "revenuefromcontractwithcustomerexcludingassessedtax": 117700000,
        "laborandrelatedexpense": -3514700000,
        "operatingexpenses": -905600000,
        "costreimbursements": 33100000,
        "interestexpense": 63999999.99999997,
        "depreciation": -104800000,
        "adjustmentforamortization": -331300000,
        "changeinestimatedacquisitionearnoutpayables": 21700000,
        "costsandexpenses": -4866900000,
        "incomelossfromcontinuingoperationsbeforeincometaxesextraordinaryitemsnoncontrollinginterest": -124000000,
        "incometaxexpensebenefit": -449600000,
        "profitloss": -1182100000,
        "netincomelossattributabletononcontrollinginterest": -4400000,
        "netincomeloss": -1177700000,
        "earningspersharebasic": 0.6399999999999997,
        "earningspersharediluted": 0.6200000000000001,
        "commonstockdividendspersharedeclared": 0.51,
        "othercomprehensiveincomeforeigncurrencytransactionandtranslationgainlossarisingduringperiodnetoftax": 290100000,
        "othercomprehensiveincomelosscashflowhedgegainlossafterreclassificationandtaxparent": 60500000,
        "comprehensiveincomenetoftaxincludingportionattributabletononcontrollinginterest": 473800000,
        "comprehensiveincomenetoftaxattributabletononcontrollinginterest": 0,
        "comprehensiveincomenetoftax": 473800000
    },
    {
        "date": "2022-09-29",
        "symbol": "AJG",
        "period": "Q3",
        "revenuefromcontractwithcustomerbeforereimbursementsexcludingassessedtax": 300000,
        "revenuefromcontractwithcustomerexcludingassessedtaxreimbursements": 32000000,
        "revenuefromcontractwithcustomerexcludingassessedtax": 86500000,
        "laborandrelatedexpense": 1181800000,
        "operatingexpenses": 321500000,
        "costreimbursements": 32000000,
        "interestexpense": 64400000,
        "depreciation": 32900000,
        "adjustmentforamortization": 112600000,
        "changeinestimatedacquisitionearnoutpayables": -16200000,
        "costsandexpenses": 1729000000,
        "incomelossfromcontinuingoperationsbeforeincometaxesextraordinaryitemsnoncontrollinginterest": -92300000,
        "incometaxexpensebenefit": 58700000,
        "profitloss": 979200000,
        "netincomelossattributabletononcontrollinginterest": 500000,
        "netincomeloss": 255800000,
        "earningspersharebasic": 1.21,
        "earningspersharediluted": 1.1900000000000004,
        "commonstockdividendspersharedeclared": 0.51,
        "othercomprehensiveincomeforeigncurrencytransactionandtranslationgainlossarisingduringperiodnetoftax": -398900000,
        "othercomprehensiveincomelosscashflowhedgegainlossafterreclassificationandtaxparent": -22500000,
        "comprehensiveincomenetoftaxincludingportionattributabletononcontrollinginterest": -165100000,
        "comprehensiveincomenetoftaxattributabletononcontrollinginterest": 300000,
        "comprehensiveincomenetoftax": -165400000
    },
    {
        "date": "2022-06-29",
        "symbol": "AJG",
        "period": "Q2",
        "revenuefromcontractwithcustomerbeforereimbursementsexcludingassessedtax": 300000,
        "revenuefromcontractwithcustomerexcludingassessedtaxreimbursements": 34600000,
        "revenuefromcontractwithcustomerexcludingassessedtax": 81900000,
        "laborandrelatedexpense": 1161100000,
        "operatingexpenses": 323900000,
        "costreimbursements": 34600000,
        "interestexpense": 64599999.99999999,
        "depreciation": 40000000,
        "adjustmentforamortization": 100300000,
        "changeinestimatedacquisitionearnoutpayables": -33800000,
        "costsandexpenses": 1690700000,
        "incomelossfromcontinuingoperationsbeforeincometaxesextraordinaryitemsnoncontrollinginterest": -97400000,
        "incometaxexpensebenefit": 67200000,
        "profitloss": 900000,
        "netincomelossattributabletononcontrollinginterest": 900000,
        "netincomeloss": 284200000,
        "earningspersharebasic": 1.35,
        "earningspersharediluted": 1.33,
        "commonstockdividendspersharedeclared": 0.51,
        "othercomprehensiveincomelosspensionandotherpostretirementbenefitplansadjustmentnetoftax": 300000,
        "othercomprehensiveincomeforeigncurrencytransactionandtranslationgainlossarisingduringperiodnetoftax": -417900000,
        "othercomprehensiveincomelosscashflowhedgegainlossafterreclassificationandtaxparent": 26600000,
        "comprehensiveincomenetoftaxincludingportionattributabletononcontrollinginterest": -106500000,
        "comprehensiveincomenetoftaxattributabletononcontrollinginterest": 800000,
        "comprehensiveincomenetoftax": -107300000
    },
    {
        "date": "2022-03-30",
        "symbol": "AJG",
        "period": "Q1",
        "revenuefromcontractwithcustomerbeforereimbursementsexcludingassessedtax": 22800000,
        "revenuefromcontractwithcustomerexcludingassessedtaxreimbursements": 30800000,
        "revenuefromcontractwithcustomerexcludingassessedtax": 164800000,
        "laborandrelatedexpense": 1282000000,
        "operatingexpenses": 317300000,
        "costreimbursements": 30800000,
        "costofgoodsandservicessold": 22900000,
        "interestexpense": 63900000,
        "depreciation": 35200000,
        "adjustmentforamortization": 124600000,
        "changeinestimatedacquisitionearnoutpayables": 20900000,
        "costsandexpenses": 1897600000,
        "incomelossfromcontinuingoperationsbeforeincometaxesextraordinaryitemsnoncontrollinginterest": -113000000,
        "incometaxexpensebenefit": 98600000,
        "profitloss": 400000,
        "netincomelossattributabletononcontrollinginterest": 400000,
        "netincomeloss": 438700000,
        "earningspersharebasic": 2.1,
        "earningspersharediluted": 2.05,
        "commonstockdividendspersharedeclared": 0.51,
        "othercomprehensiveincomelosspensionandotherpostretirementbenefitplansadjustmentnetoftax": -300000,
        "othercomprehensiveincomeforeigncurrencytransactionandtranslationgainlossarisingduringperiodnetoftax": 14900000,
        "othercomprehensiveincomelosscashflowhedgegainlossafterreclassificationandtaxparent": 45200000,
        "comprehensiveincomenetoftaxincludingportionattributabletononcontrollinginterest": 499500000,
        "comprehensiveincomenetoftaxattributabletononcontrollinginterest": 500000,
        "comprehensiveincomenetoftax": 499000000
    },
    {
        "date": "2021-09-29",
        "symbol": "AJG",
        "period": "Q3",
        "revenuefromcontractwithcustomerbeforereimbursementsexcludingassessedtax": 357900000,
        "revenuefromcontractwithcustomerexcludingassessedtaxreimbursements": 32600000,
        "revenuefromcontractwithcustomerexcludingassessedtax": 51400000,
        "laborandrelatedexpense": 1000500000,
        "operatingexpenses": 265600000.00000003,
        "costreimbursements": 32600000,
        "costofgoodsandservicessold": 366100000,
        "interestexpense": 60300000,
        "gainslossesonextinguishmentofdebt": -16200000,
        "depreciation": 38400000,
        "adjustmentforamortization": 92900000,
        "changeinestimatedacquisitionearnoutpayables": 34200000,
        "costsandexpenses": 1906800000,
        "incomelossfromcontinuingoperationsbeforeincometaxesextraordinaryitemsnoncontrollinginterest": -132600000,
        "incometaxexpensebenefit": -7200000,
        "profitloss": 13500000,
        "netincomelossattributabletononcontrollinginterest": 13500000,
        "netincomeloss": 225100000,
        "earningspersharebasic": 1.09,
        "earningspersharediluted": 1.06,
        "commonstockdividendspersharedeclared": 0.48,
        "othercomprehensiveincomelosspensionandotherpostretirementbenefitplansadjustmentnetoftax": -600000,
        "othercomprehensiveincomeforeigncurrencytransactionandtranslationgainlossarisingduringperiodnetoftax": -98100000,
        "othercomprehensiveincomelosscashflowhedgegainlossafterreclassificationandtaxparent": 4800000,
        "comprehensiveincomenetoftaxincludingportionattributabletononcontrollinginterest": 145900000,
        "comprehensiveincomenetoftaxattributabletononcontrollinginterest": 13800000,
        "comprehensiveincomenetoftax": 132100000
    },
    {
        "date": "2021-06-29",
        "symbol": "AJG",
        "period": "Q2",
        "revenuefromcontractwithcustomerbeforereimbursementsexcludingassessedtax": 261600000.00000003,
        "revenuefromcontractwithcustomerexcludingassessedtaxreimbursements": 36700000,
        "revenuefromcontractwithcustomerexcludingassessedtax": 55700000,
        "laborandrelatedexpense": 937100000,
        "operatingexpenses": 253400000,
        "costreimbursements": 36700000,
        "costofgoodsandservicessold": 268800000,
        "interestexpense": 56200000,
        "depreciation": 37200000,
        "adjustmentforamortization": 108000000,
        "changeinestimatedacquisitionearnoutpayables": 13800000,
        "costsandexpenses": 1711200000,
        "incomelossfromcontinuingoperationsbeforeincometaxesextraordinaryitemsnoncontrollinginterest": -110800000,
        "incometaxexpensebenefit": 20500000,
        "profitloss": 11600000,
        "netincomelossattributabletononcontrollinginterest": 11600000,
        "netincomeloss": 190200000,
        "earningspersharebasic": 0.94,
        "earningspersharediluted": 0.92,
        "commonstockdividendspersharedeclared": 0.48,
        "othercomprehensiveincomelosspensionandotherpostretirementbenefitplansadjustmentnetoftax": -100000,
        "othercomprehensiveincomeforeigncurrencytransactionandtranslationgainlossarisingduringperiodnetoftax": 30400000,
        "othercomprehensiveincomelosscashflowhedgegainlossafterreclassificationandtaxparent": -33200000.000000004,
        "comprehensiveincomenetoftaxincludingportionattributabletononcontrollinginterest": 199100000,
        "comprehensiveincomenetoftaxattributabletononcontrollinginterest": 11300000,
        "comprehensiveincomenetoftax": 187800000
    },
    {
        "date": "2021-03-30",
        "symbol": "AJG",
        "period": "Q1",
        "revenuefromcontractwithcustomerbeforereimbursementsexcludingassessedtax": 302100000,
        "revenuefromcontractwithcustomerexcludingassessedtaxreimbursements": 32400000,
        "revenuefromcontractwithcustomerexcludingassessedtax": 57200000,
        "laborandrelatedexpense": 975600000,
        "operatingexpenses": 233100000,
        "costreimbursements": 32400000,
        "costofgoodsandservicessold": 309100000,
        "interestexpense": 48100000,
        "depreciation": 38100000,
        "adjustmentforamortization": 105200000,
        "changeinestimatedacquisitionearnoutpayables": 15000000,
        "costsandexpenses": 1756600000,
        "incomelossfromcontinuingoperationsbeforeincometaxesextraordinaryitemsnoncontrollinginterest": -96000000,
        "incometaxexpensebenefit": 14700000,
        "profitloss": 11600000,
        "netincomelossattributabletononcontrollinginterest": 11600000,
        "netincomeloss": 382100000,
        "earningspersharebasic": 1.96,
        "earningspersharediluted": 1.92,
        "commonstockdividendspersharedeclared": 0.48,
        "othercomprehensiveincomelosspensionandotherpostretirementbenefitplansadjustmentnetoftax": -1000000,
        "othercomprehensiveincomeforeigncurrencytransactionandtranslationgainlossarisingduringperiodnetoftax": 58000000,
        "othercomprehensiveincomelosscashflowhedgegainlossafterreclassificationandtaxparent": 56800000,
        "comprehensiveincomenetoftaxincludingportionattributabletononcontrollinginterest": 509500000,
        "comprehensiveincomenetoftaxattributabletononcontrollinginterest": 12200000,
        "comprehensiveincomenetoftax": 497300000
    },
    {
        "date": "2020-09-29",
        "symbol": "AJG",
        "period": "Q3",
        "revenuefromcontractwithcustomerbeforereimbursementsexcludingassessedtax": 310200000,
        "revenuefromcontractwithcustomerexcludingassessedtax": 46500000,
        "laborandrelatedexpense": 873500000,
        "operatingexpenses": 203200000,
        "costreimbursements": 41600000,
        "costofgoodsandservicessold": 319200000,
        "interestexpense": 48100000,
        "depreciation": 36500000,
        "adjustmentforamortization": 97400000,
        "changeinestimatedacquisitionearnoutpayables": 20100000,
        "costsandexpenses": 1639600000,
        "incomelossfromcontinuingoperationsbeforeincometaxesextraordinaryitemsnoncontrollinginterest": -92200000,
        "incometaxexpensebenefit": 21700000,
        "profitloss": 11200000,
        "netincomelossattributabletononcontrollinginterest": 11200000,
        "netincomeloss": 176600000,
        "earningspersharebasic": 0.92,
        "earningspersharediluted": 0.9,
        "commonstockdividendspersharedeclared": 0.45,
        "othercomprehensiveincomelosspensionandotherpostretirementbenefitplansadjustmentnetoftax": -400000,
        "othercomprehensiveincomeforeigncurrencytransactionandtranslationgainlossarisingduringperiodnetoftax": 101900000,
        "othercomprehensiveincomelosscashflowhedgegainlossafterreclassificationandtaxparent": 9500000,
        "comprehensiveincomenetoftaxincludingportionattributabletononcontrollinginterest": 299600000,
        "comprehensiveincomenetoftaxattributabletononcontrollinginterest": 11700000,
        "comprehensiveincomenetoftax": 287900000
    },
    {
        "date": "2020-06-29",
        "symbol": "AJG",
        "period": "Q2",
        "revenuefromcontractwithcustomerbeforereimbursementsexcludingassessedtax": 1551600000,
        "revenuefromcontractwithcustomerexcludingassessedtax": 827500000,
        "laborandrelatedexpense": 815600000,
        "operatingexpenses": 214800000,
        "costreimbursements": 32400000,
        "costofgoodsandservicessold": 161200000,
        "interestexpense": 50000000,
        "depreciation": 34400000,
        "adjustmentforamortization": 88200000,
        "changeinestimatedacquisitionearnoutpayables": 15700000,
        "costsandexpenses": 1412300000,
        "incomelossfromcontinuingoperationsbeforeincometaxesextraordinaryitemsnoncontrollinginterest": 171700000,
        "incometaxexpensebenefit": 9900000,
        "profitloss": 161800000,
        "netincomelossattributabletononcontrollinginterest": 8100000,
        "netincomeloss": 153700000,
        "earningspersharebasic": 0.81,
        "earningspersharediluted": 0.79,
        "commonstockdividendspersharedeclared": 0.45,
        "othercomprehensiveincomelosspensionandotherpostretirementbenefitplansadjustmentnetoftax": 0,
        "othercomprehensiveincomeforeigncurrencytransactionandtranslationgainlossarisingduringperiodnetoftax": 250700000,
        "othercomprehensiveincomelosscashflowhedgegainlossafterreclassificationandtaxparent": -1800000,
        "comprehensiveincomenetoftaxincludingportionattributabletononcontrollinginterest": 410700000,
        "comprehensiveincomenetoftaxattributabletononcontrollinginterest": 7300000,
        "comprehensiveincomenetoftax": 403400000
    },
    {
        "date": "2020-03-30",
        "symbol": "AJG",
        "period": "Q1",
        "revenuefromcontractwithcustomerbeforereimbursementsexcludingassessedtax": 1829200000,
        "revenuefromcontractwithcustomerexcludingassessedtax": 1017200000,
        "laborandrelatedexpense": 896200000,
        "operatingexpenses": 257700000,
        "costreimbursements": 37700000,
        "costofgoodsandservicessold": 185400000,
        "interestexpense": 50500000,
        "depreciation": 36800000,
        "adjustmentforamortization": 135600000,
        "changeinestimatedacquisitionearnoutpayables": -89000000,
        "costsandexpenses": 1510900000,
        "incomelossfromcontinuingoperationsbeforeincometaxesextraordinaryitemsnoncontrollinginterest": 356000000,
        "incometaxexpensebenefit": 600000,
        "profitloss": 355400000,
        "netincomelossattributabletononcontrollinginterest": 9100000,
        "netincomeloss": 346300000,
        "earningspersharebasic": 1.83,
        "earningspersharediluted": 1.79,
        "commonstockdividendspersharedeclared": 0.45,
        "othercomprehensiveincomelosspensionandotherpostretirementbenefitplansadjustmentnetoftax": -1200000,
        "othercomprehensiveincomeforeigncurrencytransactionandtranslationgainlossarisingduringperiodnetoftax": -381300000,
        "othercomprehensiveincomelosscashflowhedgegainlossafterreclassificationandtaxparent": -91400000,
        "comprehensiveincomenetoftaxincludingportionattributabletononcontrollinginterest": -116100000,
        "comprehensiveincomenetoftaxattributabletononcontrollinginterest": 10300000,
        "comprehensiveincomenetoftax": -126400000
    },
    {
        "date": "2019-12-30",
        "symbol": "AJG",
        "period": "Q4",
        "revenuefromcontractwithcustomerbeforereimbursementsexcludingassessedtax": 276600000,
        "revenuefromcontractwithcustomerexcludingassessedtax": 1207900000,
        "laborandrelatedexpense": -2404200000,
        "operatingexpenses": -701100000,
        "costreimbursements": 37800000,
        "costofgoodsandservicessold": 280900000,
        "interestexpense": 48100000,
        "depreciation": -76800000,
        "adjustmentforamortization": -235500000,
        "changeinestimatedacquisitionearnoutpayables": -13600000,
        "costsandexpenses": -3206300000,
        "incomelossfromcontinuingoperationsbeforeincometaxesextraordinaryitemsnoncontrollinginterest": -91600000,
        "incometaxexpensebenefit": -273000000,
        "profitloss": -107600000,
        "netincomelossattributabletononcontrollinginterest": -10100000,
        "netincomeloss": -667800000,
        "earningspersharebasic": 0.52,
        "earningspersharediluted": 0.5099999999999998,
        "commonstockdividendspersharedeclared": 0.4300000000000001,
        "othercomprehensiveincomelosspensionandotherpostretirementbenefitplansadjustmentnetoftax": -1300000,
        "othercomprehensiveincomeforeigncurrencytransactionandtranslationgainlossarisingduringperiodnetoftax": 128900000,
        "othercomprehensiveincomeunrealizedgainlossonderivativesarisingduringperiodnetoftax": 35100000,
        "comprehensiveincomenetoftaxincludingportionattributabletononcontrollinginterest": 270900000,
        "comprehensiveincomenetoftaxattributabletononcontrollinginterest": 10100000,
        "comprehensiveincomenetoftax": 260800000
    },
    {
        "date": "2019-09-29",
        "symbol": "AJG",
        "period": "Q3",
        "revenuefromcontractwithcustomerbeforereimbursementsexcludingassessedtax": 1790500000,
        "revenuefromcontractwithcustomerexcludingassessedtax": 809900000,
        "laborandrelatedexpense": 838700000,
        "operatingexpenses": 268000000,
        "costreimbursements": 34700000,
        "costofgoodsandservicessold": 397400000,
        "interestexpense": 46600000,
        "depreciation": 35100000,
        "adjustmentforamortization": 84200000,
        "changeinestimatedacquisitionearnoutpayables": 5700000,
        "costsandexpenses": 1710400000,
        "incomelossfromcontinuingoperationsbeforeincometaxesextraordinaryitemsnoncontrollinginterest": 114800000,
        "incometaxexpensebenefit": -22300000,
        "profitloss": 137100000,
        "netincomelossattributabletononcontrollinginterest": 11000000,
        "netincomeloss": 126100000,
        "earningspersharebasic": 0.68,
        "earningspersharediluted": 0.66,
        "commonstockdividendspersharedeclared": 0.43,
        "othercomprehensiveincomelosspensionandotherpostretirementbenefitplansadjustmentnetoftax": -1000000,
        "othercomprehensiveincomeforeigncurrencytransactionandtranslationgainlossarisingduringperiodnetoftax": -98700000,
        "othercomprehensiveincomeunrealizedgainlossonderivativesarisingduringperiodnetoftax": -24900000,
        "comprehensiveincomenetoftaxincludingportionattributabletononcontrollinginterest": 14500000,
        "comprehensiveincomenetoftaxattributabletononcontrollinginterest": 7900000,
        "comprehensiveincomenetoftax": 6600000
    },
    {
        "date": "2019-06-29",
        "symbol": "AJG",
        "period": "Q2",
        "revenuefromcontractwithcustomerbeforereimbursementsexcludingassessedtax": 1624800000,
        "revenuefromcontractwithcustomerexcludingassessedtax": 777700000,
        "laborandrelatedexpense": 806300000,
        "operatingexpenses": 257700000,
        "costreimbursements": 33000000,
        "costofgoodsandservicessold": 292000000,
        "interestexpense": 44900000,
        "depreciation": 35300000,
        "adjustmentforamortization": 79700000,
        "changeinestimatedacquisitionearnoutpayables": 3400000,
        "costsandexpenses": 1552300000,
        "incomelossfromcontinuingoperationsbeforeincometaxesextraordinaryitemsnoncontrollinginterest": 105500000,
        "incometaxexpensebenefit": -15900000,
        "profitloss": 121400000,
        "netincomelossattributabletononcontrollinginterest": 11300000,
        "netincomeloss": 110100000,
        "earningspersharebasic": 0.59,
        "earningspersharediluted": 0.58,
        "commonstockdividendspersharedeclared": 0.43,
        "othercomprehensiveincomelosspensionandotherpostretirementbenefitplansadjustmentnetoftax": -800000,
        "othercomprehensiveincomeforeigncurrencytransactionandtranslationgainlossarisingduringperiodnetoftax": -60700000,
        "othercomprehensiveincomeunrealizedgainlossonderivativesarisingduringperiodnetoftax": -21100000,
        "comprehensiveincomenetoftaxincludingportionattributabletononcontrollinginterest": 40400000,
        "comprehensiveincomenetoftaxattributabletononcontrollinginterest": 11100000,
        "comprehensiveincomenetoftax": 29300000
    },
    {
        "date": "2019-03-30",
        "symbol": "AJG",
        "period": "Q1",
        "revenuefromcontractwithcustomerbeforereimbursementsexcludingassessedtax": 372300000,
        "revenuefromcontractwithcustomerexcludingassessedtax": 33100000,
        "laborandrelatedexpense": 837100000,
        "operatingexpenses": 262500000,
        "costreimbursements": 33100000,
        "costofgoodsandservicessold": 382500000,
        "interestexpense": 40200000,
        "depreciation": 34000000,
        "adjustmentforamortization": 76500000,
        "changeinestimatedacquisitionearnoutpayables": 2900000,
        "costsandexpenses": 1668800000,
        "incomelossfromcontinuingoperationsbeforeincometaxesextraordinaryitemsnoncontrollinginterest": -112600000,
        "incometaxexpensebenefit": -29900000,
        "profitloss": 17600000,
        "netincomelossattributabletononcontrollinginterest": 17600000,
        "netincomeloss": 334100000,
        "earningspersharebasic": 1.81,
        "earningspersharediluted": 1.77,
        "commonstockdividendspersharedeclared": 0.43,
        "othercomprehensiveincomelosspensionandotherpostretirementbenefitplansadjustmentnetoftax": -1600000,
        "othercomprehensiveincomeforeigncurrencytransactionandtranslationgainlossarisingduringperiodnetoftax": 74500000,
        "othercomprehensiveincomeunrealizedgainlossonderivativesarisingduringperiodnetoftax": -11800000,
        "comprehensiveincomenetoftaxincludingportionattributabletononcontrollinginterest": 416000000,
        "comprehensiveincomenetoftaxattributabletononcontrollinginterest": 18200000,
        "comprehensiveincomenetoftax": 397800000
    },
    {
        "date": "2018-12-30",
        "symbol": "AJG",
        "period": "Q4",
        "laborandrelatedexpense": 180900000,
        "operatingexpenses": 6900000,
        "costreimbursements": 34100000,
        "interestexpense": 36500000,
        "depreciation": -33900000,
        "adjustmentforamortization": 72500000,
        "changeinestimatedacquisitionearnoutpayables": 7100000,
        "costsandexpenses": -1357700000,
        "incomelossfromcontinuingoperationsbeforeincometaxesextraordinaryitemsnoncontrollinginterest": 408800000,
        "incometaxexpensebenefit": 250100000,
        "profitloss": 97700000,
        "netincomelossattributabletononcontrollinginterest": -21200000,
        "netincomeloss": 46300000,
        "earningspersharebasic": 0.6300000000000006,
        "earningspersharediluted": 0.6199999999999997,
        "commonstockdividendspersharedeclared": 0.4100000000000001,
        "othercomprehensiveincomelosspensionandotherpostretirementbenefitplansadjustmentnetoftax": 12500000,
        "othercomprehensiveincomeforeigncurrencytransactionandtranslationgainlossarisingduringperiodnetoftax": -84100000,
        "othercomprehensiveincomeunrealizedgainlossonderivativesarisingduringperiodnetoftax": -15600000,
        "comprehensiveincomenetoftaxincludingportionattributabletononcontrollinginterest": 15600000,
        "comprehensiveincomenetoftaxattributabletononcontrollinginterest": 11500000,
        "comprehensiveincomenetoftax": 4100000
    },
    {
        "date": "2018-09-29",
        "symbol": "AJG",
        "period": "Q3",
        "revenuefromcontractwithcustomerbeforereimbursementsexcludingassessedtax": 1049400000,
        "revenuefromcontractwithcustomerexcludingassessedtax": 31500000,
        "laborandrelatedexpense": 765700000,
        "operatingexpenses": 227700000,
        "costreimbursements": 37300000,
        "costofgoodsandservicessold": 508800000,
        "interestexpense": 36700000,
        "depreciation": 33400000,
        "adjustmentforamortization": 72800000,
        "changeinestimatedacquisitionearnoutpayables": 5800000,
        "costsandexpenses": 1688200000,
        "incomelossfromcontinuingoperationsbeforeincometaxesextraordinaryitemsnoncontrollinginterest": 163200000,
        "incometaxexpensebenefit": 4700000,
        "profitloss": 138400000,
        "netincomelossattributabletononcontrollinginterest": 10800000,
        "netincomeloss": 127600000,
        "earningspersharebasic": 0.7,
        "earningspersharediluted": 0.68,
        "commonstockdividendspersharedeclared": 0.41,
        "othercomprehensiveincomelosspensionandotherpostretirementbenefitplansadjustmentnetoftax": -700000,
        "othercomprehensiveincomeforeigncurrencytransactionandtranslationgainlossarisingduringperiodnetoftax": -25200000,
        "othercomprehensiveincomeunrealizedgainlossonderivativesarisingduringperiodnetoftax": 2500000,
        "comprehensiveincomenetoftaxincludingportionattributabletononcontrollinginterest": 116400000,
        "comprehensiveincomenetoftaxattributabletononcontrollinginterest": 11100000,
        "comprehensiveincomenetoftax": 105300000
    },
    {
        "date": "2018-06-29",
        "symbol": "AJG",
        "period": "Q2",
        "revenuefromcontractwithcustomerbeforereimbursementsexcludingassessedtax": 1000100000,
        "revenuefromcontractwithcustomerexcludingassessedtax": 39100000,
        "laborandrelatedexpense": 724700000,
        "operatingexpenses": 222800000,
        "costreimbursements": 35400000,
        "costofgoodsandservicessold": 441800000,
        "interestexpense": 33900000,
        "depreciation": 30800000,
        "adjustmentforamortization": 73400000,
        "changeinestimatedacquisitionearnoutpayables": -6000000,
        "costsandexpenses": 1556800000,
        "incomelossfromcontinuingoperationsbeforeincometaxesextraordinaryitemsnoncontrollinginterest": 170600000,
        "incometaxexpensebenefit": -20100000,
        "profitloss": 123700000,
        "netincomelossattributabletononcontrollinginterest": 8800000,
        "netincomeloss": 114900000,
        "earningspersharebasic": 0.63,
        "earningspersharediluted": 0.62,
        "commonstockdividendspersharedeclared": 0.41,
        "othercomprehensiveincomelosspensionandotherpostretirementbenefitplansadjustmentnetoftax": 5500000,
        "othercomprehensiveincomeforeigncurrencytransactionandtranslationgainlossarisingduringperiodnetoftax": -150700000,
        "othercomprehensiveincomeunrealizedgainlossonderivativesarisingduringperiodnetoftax": 4300000,
        "comprehensiveincomenetoftaxincludingportionattributabletononcontrollinginterest": -28200000,
        "comprehensiveincomenetoftaxattributabletononcontrollinginterest": 3300000,
        "comprehensiveincomenetoftax": -31500000
    },
    {
        "date": "2018-03-30",
        "symbol": "AJG",
        "period": "Q1",
        "commissions": 839400000,
        "brokeragecommissionsrevenue": 194900000,
        "supplementalrevenues": 52000000,
        "contingentrevenues": 34900000,
        "investmentincomenet": 200000,
        "gainlossonsaleofequityinvestments": 2900000,
        "revenuesfromcleancoalactivities": 412200000,
        "revenuesbeforereimbursements": 195100000,
        "operatingexpensereimbursements": 34800000,
        "revenues": 35300000,
        "laborandrelatedexpense": 775800000,
        "operatingexpenses": 216100000,
        "costreimbursements": 34800000,
        "costofcoalproductsandservices": 431200000,
        "interestexpense": 31300000,
        "depreciation": 30600000,
        "adjustmentforamortization": 68200000,
        "changeinestimatedacquisitionearnoutpayables": 7400000,
        "costsandexpenses": 1595400000,
        "incomelossfromcontinuingoperationsbeforeincometaxesextraordinaryitemsnoncontrollinginterest": 21600000,
        "incometaxexpensebenefit": -43700000,
        "profitloss": 273700000,
        "netincomelossattributabletononcontrollinginterest": 12300000,
        "netincomeloss": 273700000,
        "earningspersharebasic": 1.51,
        "earningspersharediluted": 1.48,
        "commonstockdividendspersharedeclared": 0.41,
        "othercomprehensiveincomelosspensionandotherpostretirementbenefitplansadjustmentnetoftax": -7000000,
        "othercomprehensiveincomeforeigncurrencytransactionandtranslationgainlossarisingduringperiodnetoftax": 62300000,
        "othercomprehensiveincomeunrealizedgainlossonderivativesarisingduringperiodnetoftax": -6800000,
        "comprehensiveincomenetoftaxincludingportionattributabletononcontrollinginterest": 348500000,
        "comprehensiveincomenetoftaxattributabletononcontrollinginterest": 14500000,
        "comprehensiveincomenetoftax": 334000000
    },
    {
        "date": "2017-09-29",
        "symbol": "AJG",
        "period": "Q3",
        "commissions": 662600000,
        "brokeragecommissionsrevenue": 422400000,
        "supplementalcommissions": 39900000,
        "contingentcommissions": 13500000,
        "investmentincomenet": 14900000,
        "gainlossonsaleofequityinvestments": 600000,
        "revenuesfromcleancoalactivities": 430600000,
        "revenues": 200200000,
        "laborandrelatedexpense": 680100000,
        "operatingexpenses": 214200000,
        "costofcoalproductsandservices": 451400000,
        "interestexpense": 31400000,
        "depreciation": 30500000,
        "adjustmentforamortization": 69600000,
        "changeinestimatedacquisitionearnoutpayables": 10600000,
        "costsandexpenses": 1487800000,
        "incomelossfromcontinuingoperationsbeforeincometaxesextraordinaryitemsnoncontrollinginterest": 27800000,
        "incometaxexpensebenefit": 1800000,
        "profitloss": 137800000,
        "netincomelossattributabletononcontrollinginterest": 7400000,
        "netincomeloss": 130400000,
        "earningspersharebasic": 0.72,
        "earningspersharediluted": 0.71,
        "commonstockdividendspersharedeclared": 0.39,
        "othercomprehensiveincomelosspensionandotherpostretirementbenefitplansadjustmentnetoftax": -1100000,
        "othercomprehensiveincomeforeigncurrencytransactionandtranslationgainlossarisingduringperiodnetoftax": 157400000,
        "othercomprehensiveincomeunrealizedgainlossonderivativesarisingduringperiodnetoftax": 2900000,
        "comprehensiveincomenetoftaxincludingportionattributabletononcontrollinginterest": 299200000,
        "comprehensiveincomenetoftaxattributabletononcontrollinginterest": 5800000,
        "comprehensiveincomenetoftax": 293400000
    },
    {
        "date": "2017-06-29",
        "symbol": "AJG",
        "period": "Q2",
        "commissions": 690200000,
        "brokeragecommissionsrevenue": 410900000,
        "supplementalcommissions": 41500000,
        "contingentcommissions": 29500000,
        "investmentincomenet": 13600000,
        "gainlossonsaleofequityinvestments": 1100000,
        "revenuesfromcleancoalactivities": 376400000,
        "othersalesrevenuenet": 200000,
        "revenues": 188700000,
        "laborandrelatedexpense": 675700000,
        "operatingexpenses": 211600000,
        "costofcoalproductsandservices": 397100000,
        "interestexpense": 31600000,
        "depreciation": 30200000,
        "adjustmentforamortization": 65100000,
        "changeinestimatedacquisitionearnoutpayables": 5100000,
        "costsandexpenses": 1416400000,
        "incomelossfromcontinuingoperationsbeforeincometaxesextraordinaryitemsnoncontrollinginterest": 22900000,
        "incometaxexpensebenefit": 1900000,
        "profitloss": 180400000,
        "netincomelossattributabletononcontrollinginterest": 8500000,
        "netincomeloss": 171900000,
        "earningspersharebasic": 0.96,
        "earningspersharediluted": 0.95,
        "commonstockdividendspersharedeclared": 0.39,
        "othercomprehensiveincomelosspensionandotherpostretirementbenefitplansadjustmentnetoftax": -1400000,
        "othercomprehensiveincomeforeigncurrencytransactionandtranslationgainlossarisingduringperiodnetoftax": 33900000,
        "othercomprehensiveincomeunrealizedgainlossonderivativesarisingduringperiodnetoftax": 2300000,
        "comprehensiveincomenetoftaxincludingportionattributabletononcontrollinginterest": 218000000,
        "comprehensiveincomenetoftaxattributabletononcontrollinginterest": 8900000,
        "comprehensiveincomenetoftax": 209100000
    },
    {
        "date": "2017-03-30",
        "symbol": "AJG",
        "period": "Q1",
        "commissions": 590500000,
        "brokeragecommissionsrevenue": 370500000,
        "supplementalcommissions": 34500000,
        "contingentcommissions": 53400000,
        "investmentincomenet": 10800000,
        "gainlossonsaleofequityinvestments": 1400000,
        "revenuesfromcleancoalactivities": 351800000,
        "othersalesrevenuenet": -200000,
        "revenues": 182600000,
        "laborandrelatedexpense": 657600000,
        "operatingexpenses": 200400000,
        "costofcoalproductsandservices": 366900000,
        "interestexpense": 29900000,
        "depreciation": 29500000,
        "adjustmentforamortization": 64300000,
        "changeinestimatedacquisitionearnoutpayables": 11800000,
        "costsandexpenses": 1360400000,
        "incomelossfromcontinuingoperationsbeforeincometaxesextraordinaryitemsnoncontrollinginterest": 22900000,
        "incometaxexpensebenefit": 8200000,
        "profitloss": 12100000,
        "netincomelossattributabletononcontrollinginterest": 12100000,
        "netincomeloss": 55700000,
        "earningspersharebasic": 0.31,
        "earningspersharediluted": 0.31,
        "commonstockdividendspersharedeclared": 0.39,
        "othercomprehensiveincomelosspensionandotherpostretirementbenefitplansadjustmentnetoftax": -1200000,
        "othercomprehensiveincomeforeigncurrencytransactionandtranslationgainlossarisingduringperiodnetoftax": 58400000,
        "othercomprehensiveincomeunrealizedgainlossonderivativesarisingduringperiodnetoftax": 6500000,
        "comprehensiveincomenetoftaxincludingportionattributabletononcontrollinginterest": 133900000,
        "comprehensiveincomenetoftaxattributabletononcontrollinginterest": 13700000,
        "comprehensiveincomenetoftax": 120200000
    },
    {
        "date": "2016-09-29",
        "symbol": "AJG",
        "period": "Q3",
        "commissions": 612900000,
        "brokeragecommissionsrevenue": 375000000,
        "supplementalcommissions": 35300000,
        "contingentcommissions": 16400000,
        "investmentincomenet": 13600000,
        "gainlossonsaleofequityinvestments": 1100000,
        "revenuesfromcleancoalactivities": 429300000,
        "othersalesrevenuenet": -1300000,
        "revenues": 176700000,
        "laborandrelatedexpense": 626600000,
        "operatingexpenses": 189600000,
        "costofcoalproductsandservices": 449700000,
        "interestexpense": 28500000,
        "depreciation": 25700000,
        "adjustmentforamortization": 63200000,
        "changeinestimatedacquisitionearnoutpayables": 4100000,
        "costsandexpenses": 1387400000,
        "incomelossfromcontinuingoperationsbeforeincometaxesextraordinaryitemsnoncontrollinginterest": 21500000,
        "incometaxexpensebenefit": -35500000,
        "profitloss": 130400000,
        "netincomelossattributabletononcontrollinginterest": 7600000,
        "netincomeloss": 122800000,
        "earningspersharebasic": 0.69,
        "earningspersharediluted": 0.69,
        "commonstockdividendspersharedeclared": 0.38,
        "othercomprehensiveincomelosspensionandotherpostretirementbenefitplansadjustmentnetoftax": -800000,
        "othercomprehensiveincomeforeigncurrencytransactionandtranslationgainlossarisingduringperiodnetoftax": -19600000,
        "othercomprehensiveincomeunrealizedgainlossonderivativesarisingduringperiodnetoftax": 1800000,
        "comprehensiveincomenetoftaxincludingportionattributabletononcontrollinginterest": 113400000,
        "comprehensiveincomenetoftaxattributabletononcontrollinginterest": 6600000,
        "comprehensiveincomenetoftax": 106800000
    },
    {
        "date": "2016-06-29",
        "symbol": "AJG",
        "period": "Q2",
        "commissions": 663400000,
        "brokeragecommissionsrevenue": 374600000,
        "supplementalcommissions": 38600000,
        "contingentcommissions": 25100000,
        "investmentincomenet": 12500000,
        "gainlossonsaleofequityinvestments": 1400000,
        "revenuesfromcleancoalactivities": 311900000,
        "othersalesrevenuenet": -400000,
        "revenues": 176500000,
        "laborandrelatedexpense": 631000000,
        "operatingexpenses": 204600000,
        "costofcoalproductsandservices": 325000000,
        "interestexpense": 27200000,
        "depreciation": 26000000,
        "adjustmentforamortization": 62600000,
        "changeinestimatedacquisitionearnoutpayables": 13200000,
        "costsandexpenses": 1289600000,
        "incomelossfromcontinuingoperationsbeforeincometaxesextraordinaryitemsnoncontrollinginterest": 22400000,
        "incometaxexpensebenefit": -18200000,
        "profitloss": 155700000,
        "netincomelossattributabletononcontrollinginterest": 5700000,
        "netincomeloss": 150000000,
        "earningspersharebasic": 0.85,
        "earningspersharediluted": 0.84,
        "commonstockdividendspersharedeclared": 0.38,
        "othercomprehensiveincomelosspensionandotherpostretirementbenefitplansadjustmentnetoftax": -2800000,
        "othercomprehensiveincomeforeigncurrencytransactionandtranslationgainlossarisingduringperiodnetoftax": -59100000,
        "othercomprehensiveincomeunrealizedgainlossonderivativesarisingduringperiodnetoftax": -11800000,
        "comprehensiveincomenetoftaxincludingportionattributabletononcontrollinginterest": 87600000,
        "comprehensiveincomenetoftaxattributabletononcontrollinginterest": 8100000,
        "comprehensiveincomenetoftax": 79500000
    },
    {
        "date": "2016-03-30",
        "symbol": "AJG",
        "period": "Q1",
        "commissions": 566000000,
        "brokeragecommissionsrevenue": 338200000,
        "supplementalcommissions": 32900000,
        "contingentcommissions": 55200000,
        "investmentincomenet": 10300000,
        "gainlossonsaleofequityinvestments": 2200000,
        "revenuesfromcleancoalactivities": 294800000,
        "othersalesrevenuenet": 800000,
        "revenues": 78600000,
        "laborandrelatedexpense": 622100000,
        "operatingexpenses": 204500000,
        "costofcoalproductsandservices": 304400000,
        "interestexpense": 25800000,
        "depreciation": 24700000,
        "adjustmentforamortization": 59300000,
        "changeinestimatedacquisitionearnoutpayables": 3900000,
        "costsandexpenses": 1244700000,
        "incomelossfromcontinuingoperationsbeforeincometaxesextraordinaryitemsnoncontrollinginterest": 100000000,
        "incometaxexpensebenefit": -2200000,
        "profitloss": 46500000,
        "netincomelossattributabletononcontrollinginterest": 11400000,
        "netincomeloss": 46500000,
        "earningspersharebasic": 0.26,
        "earningspersharediluted": 0.26,
        "commonstockdividendspersharedeclared": 0.38,
        "othercomprehensiveincomelosspensionandotherpostretirementbenefitplansadjustmentnetoftax": -800000,
        "othercomprehensiveincomeforeigncurrencytransactionandtranslationgainlossarisingduringperiodnetoftax": -12700000,
        "othercomprehensiveincomeunrealizedgainlossonderivativesarisingduringperiodnetoftax": -1000000,
        "comprehensiveincomenetoftaxincludingportionattributabletononcontrollinginterest": 45000000,
        "comprehensiveincomenetoftaxattributabletononcontrollinginterest": 14200000,
        "comprehensiveincomenetoftax": 30800000
    },
    {
        "date": "2015-09-29",
        "symbol": "AJG",
        "period": "Q3",
        "commissions": 594600000,
        "brokeragecommissionsrevenue": 360700000,
        "supplementalcommissions": 29200000,
        "contingentcommissions": 14500000,
        "investmentincomenet": 13100000,
        "gainlossonsaleofequityinvestments": 2600000,
        "revenuesfromcleancoalactivities": 408100000,
        "othersalesrevenuenet": 32000000,
        "revenues": 141700000,
        "laborandrelatedexpense": 604900000,
        "operatingexpenses": 208100000,
        "costofcoalproductsandservices": 418900000,
        "interestexpense": 25600000,
        "depreciation": 23800000,
        "adjustmentforamortization": 58100000,
        "changeinestimatedacquisitionearnoutpayables": 9700000,
        "costsandexpenses": 1349100000,
        "incomelossfromcontinuingoperationsbeforeincometaxesextraordinaryitemsnoncontrollinginterest": 105700000,
        "incometaxexpensebenefit": -35200000,
        "profitloss": 140900000,
        "netincomelossattributabletononcontrollinginterest": 7600000,
        "netincomeloss": 133300000,
        "earningspersharebasic": 0.76,
        "earningspersharediluted": 0.75,
        "commonstockdividendspersharedeclared": 0.37,
        "othercomprehensiveincomelosspensionandotherpostretirementbenefitplansadjustmentnetoftax": -600000,
        "othercomprehensiveincomeforeigncurrencytransactionandtranslationgainlossarisingduringperiodnetoftax": -152700000,
        "othercomprehensiveincomeunrealizedgainlossonderivativesarisingduringperiodnetoftax": -5500000,
        "comprehensiveincomenetoftaxincludingportionattributabletononcontrollinginterest": -16700000,
        "comprehensiveincomenetoftaxattributabletononcontrollinginterest": 21600000,
        "comprehensiveincomenetoftax": -38300000
    },
    {
        "date": "2015-06-29",
        "symbol": "AJG",
        "period": "Q2",
        "commissions": 634300000,
        "brokeragecommissionsrevenue": 367300000,
        "supplementalcommissions": 34800000,
        "contingentcommissions": 22800000,
        "investmentincomenet": 12300000,
        "gainlossonsaleofequityinvestments": 3500000,
        "revenuesfromcleancoalactivities": 297000000,
        "othersalesrevenuenet": -600000,
        "revenues": 1631800000,
        "laborandrelatedexpense": 615100000,
        "operatingexpenses": 207100000,
        "interestexpense": 26000000,
        "depreciation": 22800000,
        "adjustmentforamortization": 59500000,
        "changeinestimatedacquisitionearnoutpayables": 5600000,
        "incomelossfromcontinuingoperationsbeforeincometaxesminorityinterestandincomelossfromequitymethodinvestments": 156600000,
        "incometaxexpensebenefit": -19100000,
        "profitloss": 150700000,
        "netincomelossattributabletononcontrollinginterest": 8300000,
        "netincomeloss": 139300000,
        "earningspersharebasic": 0.83,
        "earningspersharediluted": 0.82,
        "commonstockdividendspersharedeclared": 0.37,
        "othercomprehensiveincomelosspensionandotherpostretirementbenefitplansadjustmentnetoftax": 0,
        "othercomprehensiveincomeforeigncurrencytransactionandtranslationgainlossarisingduringperiodnetoftax": -70700000,
        "comprehensiveincomenetoftaxincludingportionattributabletononcontrollinginterest": 203600000,
        "comprehensiveincomenetoftaxattributabletononcontrollinginterest": -1400000,
        "comprehensiveincomenetoftax": 205000000
    },
    {
        "date": "2015-03-30",
        "symbol": "AJG",
        "period": "Q1",
        "commissions": 519700000,
        "brokeragecommissionsrevenue": 323200000,
        "supplementalcommissions": 26900000,
        "contingentcommissions": 44500000,
        "investmentincomenet": 13100000,
        "gainlossonsaleofequityinvestments": 900000,
        "revenuesfromcleancoalactivities": 303900000,
        "othersalesrevenuenet": -900000,
        "revenues": 4900000,
        "laborandrelatedexpense": 575200000,
        "operatingexpenses": 203500000,
        "costofrevenue": 309300000,
        "interestexpense": 25600000,
        "depreciation": 21500000,
        "adjustmentforamortization": 54700000,
        "changeinestimatedacquisitionearnoutpayables": 10600000,
        "benefitslossesandexpenses": 138700000,
        "incomelossfromcontinuingoperationsbeforeincometaxesminorityinterestandincomelossfromequitymethodinvestments": 61000000,
        "incometaxexpensebenefit": -1500000,
        "profitloss": 10500000,
        "netincomelossattributabletononcontrollinginterest": 10500000,
        "netincomeloss": 21900000,
        "earningspersharebasic": 0.13,
        "earningspersharediluted": 0.13,
        "commonstockdividendspersharedeclared": 0.37,
        "othercomprehensiveincomelosspensionandotherpostretirementbenefitplansadjustmentnetoftax": -700000,
        "othercomprehensiveincomeforeigncurrencytransactionandtranslationgainlossarisingduringperiodnetoftax": -14500000,
        "comprehensiveincomenetoftaxincludingportionattributabletononcontrollinginterest": -101700000,
        "comprehensiveincomenetoftaxattributabletononcontrollinginterest": -4000000,
        "comprehensiveincomenetoftax": -97700000
    },
    {
        "date": "2014-09-29",
        "symbol": "AJG",
        "period": "Q3",
        "commissions": 572500000,
        "brokeragecommissionsrevenue": 337700000,
        "supplementalcommissions": 24200000,
        "contingentcommissions": 14400000,
        "investmentincomenet": 18400000,
        "gainlossonsaleofequityinvestments": 900000,
        "revenuesfromcleancoalactivities": 321200000,
        "othersalesrevenuenet": -2500000,
        "revenues": 799800000,
        "laborandrelatedexpense": 564600000,
        "operatingexpenses": 205000000,
        "costofrevenue": 326200000,
        "interestexpense": 25900000,
        "depreciation": 18600000,
        "adjustmentforamortization": 54300000,
        "changeinestimatedacquisitionearnoutpayables": 4500000,
        "benefitslossesandexpenses": 1199100000,
        "incomelossfromcontinuingoperationsbeforeincometaxesminorityinterestandincomelossfromequitymethodinvestments": 124200000,
        "incometaxexpensebenefit": -5900000,
        "netincomeloss": 93600000,
        "earningspersharebasic": 0.58,
        "earningspersharediluted": 0.58,
        "commonstockdividendspersharedeclared": 0.36,
        "othercomprehensiveincomelosspensionandotherpostretirementbenefitplansadjustmentnetoftax": -500000,
        "othercomprehensiveincomeforeigncurrencytransactionandtranslationgainlossarisingduringperiodnetoftax": -136500000,
        "othercomprehensiveincomeunrealizedgainlossonderivativesarisingduringperiodnetoftax": -1900000,
        "comprehensiveincomenetoftax": -44300000
    },
    {
        "date": "2014-06-29",
        "symbol": "AJG",
        "period": "Q2",
        "commissions": 539500000,
        "brokeragecommissionsrevenue": 317400000,
        "supplementalcommissions": 27900000,
        "contingentcommissions": 21800000,
        "investmentincomenet": 3400000,
        "gainlossonsaleofequityinvestments": 700000,
        "revenuesfromcleancoalactivities": 262800000,
        "othersalesrevenuenet": 5800000,
        "revenues": 742600000,
        "laborandrelatedexpense": 530000000,
        "operatingexpenses": 184000000,
        "costofrevenue": 270500000,
        "interestexpense": 21200000,
        "depreciation": 16600000,
        "adjustmentforamortization": 42900000,
        "changeinestimatedacquisitionearnoutpayables": 7000000,
        "benefitslossesandexpenses": 1072200000,
        "incomelossfromcontinuingoperationsbeforeincometaxesminorityinterestandincomelossfromequitymethodinvestments": 136500000,
        "incometaxexpensebenefit": -1900000,
        "netincomeloss": 109000000,
        "earningspersharebasic": 0.71,
        "earningspersharediluted": 0.7,
        "commonstockdividendspersharedeclared": 0.36,
        "othercomprehensiveincomelosspensionandotherpostretirementbenefitplansadjustmentnetoftax": -700000,
        "othercomprehensiveincomeforeigncurrencytransactionandtranslationgainlossarisingduringperiodnetoftax": 45700000,
        "othercomprehensiveincomeunrealizedgainlossonderivativesarisingduringperiodnetoftax": 900000,
        "comprehensiveincomenetoftax": 156300000
    },
    {
        "date": "2014-03-30",
        "symbol": "AJG",
        "period": "Q1",
        "commissions": 411500000,
        "brokeragecommissionsrevenue": 257200000,
        "supplementalcommissions": 25400000,
        "contingentcommissions": 32200000,
        "investmentincomenet": 1300000,
        "gainlossonsaleofequityinvestments": 1000000,
        "revenuesfromcleancoalactivities": 166400000,
        "othersalesrevenuenet": 20000000,
        "revenues": 38600000,
        "laborandrelatedexpense": 466300000,
        "operatingexpenses": 157200000,
        "costofrevenue": 171000000,
        "interestexpense": 16200000,
        "depreciation": 14800000,
        "adjustmentforamortization": 38100000,
        "changeinestimatedacquisitionearnoutpayables": 5100000,
        "benefitslossesandexpenses": 40500000,
        "incomelossfromcontinuingoperationsbeforeincometaxesminorityinterestandincomelossfromequitymethodinvestments": 50400000,
        "incometaxexpensebenefit": -3000000,
        "netincomeloss": 49300000,
        "earningspersharebasic": 0.37,
        "earningspersharediluted": 0.36,
        "commonstockdividendspersharedeclared": 0.36,
        "othercomprehensiveincomelosspensionandotherpostretirementbenefitplansadjustmentnetoftax": -200000,
        "othercomprehensiveincomeforeigncurrencytransactionandtranslationgainlossarisingduringperiodnetoftax": 8800000,
        "othercomprehensiveincomeunrealizedgainlossonderivativesarisingduringperiodnetoftax": 500000,
        "comprehensiveincomenetoftax": 58800000
    },
    {
        "date": "2013-09-29",
        "symbol": "AJG",
        "period": "Q3",
        "commissions": 399100000,
        "brokeragecommissionsrevenue": 270000000,
        "supplementalcommissions": 17800000,
        "contingentcommissions": 6500000,
        "investmentincomenet": 2600000,
        "gainlossonsaleofequityinvestments": 0,
        "revenuesfromcleancoalactivities": 134900000,
        "othersalesrevenuenet": 4900000,
        "revenues": -636100000,
        "laborandrelatedexpense": 412500000,
        "operatingexpenses": 133100000,
        "costofrevenue": 146900000,
        "interestexpense": 13100000,
        "depreciation": 14300000,
        "adjustmentforamortization": 30800000,
        "changeinestimatedacquisitionearnoutpayables": -400000,
        "benefitslossesandexpenses": -1241600000,
        "incomelossfromcontinuingoperationsbeforeincometaxesminorityinterestandincomelossfromequitymethodinvestments": 85500000,
        "incometaxexpensebenefit": 10900000,
        "netincomeloss": 74600000,
        "earningspersharebasic": 0.5799999999999998,
        "earningspersharediluted": 0.56,
        "commonstockdividendspersharedeclared": 0.3500000000000001,
        "othercomprehensiveincomelosspensionandotherpostretirementbenefitplansadjustmentnetoftax": -200000,
        "othercomprehensiveincomeforeigncurrencytransactionandtranslationgainlossarisingduringperiodnetoftax": 29100000,
        "othercomprehensiveincomeunrealizedgainlossonderivativesarisingduringperiodnetoftax": 1500000,
        "comprehensiveincomenetoftax": 105400000
    },
    {
        "date": "2013-06-29",
        "symbol": "AJG",
        "period": "Q2",
        "commissions": 400900000,
        "brokeragecommissionsrevenue": 268900000,
        "supplementalcommissions": 18300000,
        "contingentcommissions": 14500000,
        "investmentincomenet": 1600000,
        "gainlossonsaleofequityinvestments": 2900000,
        "revenuesfromcleancoalactivities": 72200000,
        "othersalesrevenuenet": 200000,
        "revenues": 550900000,
        "laborandrelatedexpense": 415500000,
        "operatingexpenses": 137800000,
        "costofrevenue": 76600000,
        "interestexpense": 11900000,
        "depreciation": 13100000,
        "adjustmentforamortization": 29700000,
        "changeinestimatedacquisitionearnoutpayables": -2500000,
        "benefitslossesandexpenses": 682100000,
        "incomelossfromcontinuingoperationsbeforeincometaxesminorityinterestandincomelossfromequitymethodinvestments": 97400000,
        "incometaxexpensebenefit": 3900000,
        "netincomeloss": 93500000,
        "earningspersharebasic": 0.73,
        "earningspersharediluted": 0.73,
        "commonstockdividendspersharedeclared": 0.35,
        "othercomprehensiveincomelosspensionandotherpostretirementbenefitplansadjustmentnetoftax": 900000,
        "othercomprehensiveincomeforeigncurrencytransactionandtranslationgainlossarisingduringperiodnetoftax": -15900000,
        "othercomprehensiveincomeunrealizedgainlossonderivativesarisingduringperiodnetoftax": -800000,
        "comprehensiveincomenetoftax": 75900000
    },
    {
        "date": "2013-03-30",
        "symbol": "AJG",
        "period": "Q1",
        "commissions": 326800000,
        "brokeragecommissionsrevenue": 239700000,
        "supplementalcommissions": 17300000,
        "contingentcommissions": 22500000,
        "investmentincomenet": 1300000,
        "gainlossonsaleofequityinvestments": 400000,
        "revenuesfromcleancoalactivities": 57000000,
        "othersalesrevenuenet": 9100000,
        "revenues": 153600000,
        "laborandrelatedexpense": 383900000,
        "operatingexpenses": 133800000,
        "costofrevenue": 58100000,
        "interestexpense": 11200000,
        "depreciation": 10800000,
        "adjustmentforamortization": 29600000,
        "changeinestimatedacquisitionearnoutpayables": 4400000,
        "benefitslossesandexpenses": 631800000,
        "incomelossfromcontinuingoperationsbeforeincometaxesminorityinterestandincomelossfromequitymethodinvestments": 42300000,
        "incometaxexpensebenefit": 1800000,
        "netincomeloss": 40500000,
        "earningspersharebasic": 0.32,
        "earningspersharediluted": 0.32,
        "commonstockdividendspersharedeclared": 0.35,
        "othercomprehensiveincomelosspensionandotherpostretirementbenefitplansadjustmentnetoftax": -1100000,
        "othercomprehensiveincomeforeigncurrencytransactionandtranslationgainlossarisingduringperiodnetoftax": -23100000,
        "othercomprehensiveincomeunrealizedgainlossonderivativesarisingduringperiodnetoftax": -200000,
        "comprehensiveincomenetoftax": 18300000
    },
    {
        "date": "2012-09-29",
        "symbol": "AJG",
        "period": "Q3",
        "commissions": 346000000,
        "brokeragecommissionsrevenue": 248200000,
        "supplementalcommissions": 16600000,
        "contingentcommissions": 7700000,
        "investmentincomenet": 2700000,
        "gainlossonsaleofequityinvestments": 700000,
        "revenuesfromcleancoalactivities": 28400000,
        "othersalesrevenuenet": 100000,
        "revenues": 650400000,
        "laborandrelatedexpense": 373900000,
        "operatingexpenses": 121600000,
        "costofrevenue": 27700000,
        "interestexpense": 10700000,
        "depreciation": 10700000,
        "adjustmentforamortization": 25800000,
        "changeinestimatedacquisitionearnoutpayables": 3700000,
        "benefitslossesandexpenses": 574100000,
        "incomelossfromcontinuingoperationsbeforeincometaxesminorityinterestandincomelossfromequitymethodinvestments": 76300000,
        "incometaxexpensebenefit": 14600000,
        "netincomeloss": 61700000,
        "earningspersharebasic": 0.5,
        "earningspersharediluted": 0.5,
        "commonstockdividendspersharedeclared": 0.34,
        "othercomprehensiveincomelosspensionandotherpostretirementbenefitplansadjustmentnetoftax": 1000000,
        "othercomprehensiveincomeforeigncurrencytransactionandtranslationgainlossarisingduringperiodnetoftax": 19600000,
        "othercomprehensiveincomeunrealizedgainlossonderivativesarisingduringperiodnetoftax": 1700000,
        "comprehensiveincomenetoftax": 84000000
    },
    {
        "date": "2012-06-29",
        "symbol": "AJG",
        "period": "Q2",
        "commissions": 344700000,
        "brokeragecommissionsrevenue": 242200000,
        "supplementalcommissions": 16600000,
        "contingentcommissions": 10300000,
        "investmentincomenet": 3100000,
        "gainlossonsaleofequityinvestments": 0,
        "revenuesfromcleancoalactivities": 31800000,
        "othersalesrevenuenet": 1200000,
        "revenues": 649900000,
        "laborandrelatedexpense": 364100000,
        "operatingexpenses": 123700000,
        "costofrevenue": 29000000,
        "interestexpense": 10800000,
        "depreciation": 10200000,
        "adjustmentforamortization": 26200000,
        "changeinestimatedacquisitionearnoutpayables": -5200000,
        "benefitslossesandexpenses": 558800000,
        "incomelossfromcontinuingoperationsbeforeincometaxesminorityinterestandincomelossfromequitymethodinvestments": 91100000,
        "incometaxexpensebenefit": 19400000,
        "netincomeloss": 71700000,
        "earningspersharebasic": 0.61,
        "earningspersharediluted": 0.59,
        "commonstockdividendspersharedeclared": 0.34,
        "othercomprehensiveincomeforeigncurrencytransactionandtranslationgainlossarisingduringperiodnetoftax": -12600000,
        "othercomprehensiveincomeunrealizedgainlossonderivativesarisingduringperiodnetoftax": -1700000,
        "comprehensiveincomenetoftax": 59600000
    },
    {
        "date": "2012-03-30",
        "symbol": "AJG",
        "period": "Q1",
        "commissions": 272000000,
        "brokeragecommissionsrevenue": 215600000,
        "supplementalcommissions": 17100000,
        "contingentcommissions": 19000000,
        "investmentincomenet": 2200000,
        "gainlossonsaleofequityinvestments": 700000,
        "revenuesfromcleancoalactivities": 20100000,
        "othersalesrevenuenet": 100000,
        "revenues": 546800000,
        "laborandrelatedexpense": 344400000,
        "operatingexpenses": 108300000,
        "costofrevenue": 17700000,
        "interestexpense": 10600000,
        "depreciation": 9700000,
        "adjustmentforamortization": 21100000,
        "changeinestimatedacquisitionearnoutpayables": 2500000,
        "benefitslossesandexpenses": 514300000,
        "incomelossfromcontinuingoperationsbeforeincometaxesminorityinterestandincomelossfromequitymethodinvestments": 32500000,
        "incometaxexpensebenefit": 4400000,
        "netincomeloss": 28100000,
        "earningspersharebasic": 0.24,
        "earningspersharediluted": 0.24,
        "commonstockdividendspersharedeclared": 0.34,
        "othercomprehensiveincomeminimumpensionliabilitynetadjustmentnetoftax": 1200000,
        "othercomprehensiveincomeforeigncurrencytransactionandtranslationgainlossarisingduringperiodnetoftax": 10400000,
        "othercomprehensiveincomeunrealizedgainlossonderivativesarisingduringperiodnetoftax": 2000000,
        "comprehensiveincomenetoftax": 39300000,
        "othercomprehensiveincomeminimumpensionliabilitynetadjustmenttax": -800000,
        "othercomprehensiveincomeunrealizedgainlossonderivativesarisingduringperiodtax": 1300000
    },
    {
        "date": "2011-09-29",
        "symbol": "AJG",
        "period": "Q3",
        "commissions": 308000000,
        "brokeragecommissionsrevenue": 225100000,
        "supplementalcommissions": 14500000,
        "contingentcommissions": 9900000,
        "gainlossonsaleofequityinvestments": 3400000,
        "revenuesfromcleancoalactivities": 1900000,
        "othersalesrevenuenet": 0,
        "revenues": 562800000,
        "laborandrelatedexpense": 341800000,
        "operatingexpenses": 113900000,
        "interestexpense": 10300000,
        "depreciation": 9400000,
        "adjustmentforamortization": 20000000,
        "changeinestimatedacquisitionearnoutpayables": -4300000,
        "benefitslossesandexpenses": 491800000,
        "incomelossfromcontinuingoperationsbeforeincometaxesminorityinterestandincomelossfromequitymethodinvestments": 71000000,
        "incometaxexpensebenefit": 24300000,
        "netincomeloss": 46700000,
        "earningspersharebasic": 0.41000000000000003,
        "earningspersharediluted": 0.42000000000000004,
        "commonstockdividendspersharedeclared": 0.3299999999999999
    },
    {
        "date": "2011-06-29",
        "symbol": "AJG",
        "period": "Q2",
        "commissions": 296000000,
        "brokeragecommissionsrevenue": 214700000,
        "supplementalcommissions": 14000000,
        "contingentcommissions": 7900000,
        "gainlossonsaleofequityinvestments": 4700000,
        "revenuesfromcleancoalactivities": 9200000,
        "othersalesrevenuenet": -400000,
        "revenues": 546100000,
        "laborandrelatedexpense": 324800000,
        "operatingexpenses": 108200000,
        "costofrevenue": 11700000,
        "interestexpense": 10600000,
        "depreciation": 9100000,
        "adjustmentforamortization": 18300000,
        "changeinestimatedacquisitionearnoutpayables": -2500000,
        "benefitslossesandexpenses": 480200000,
        "incomelossfromcontinuingoperationsbeforeincometaxesminorityinterestandincomelossfromequitymethodinvestments": 65900000,
        "incometaxexpensebenefit": 24200000,
        "incomelossfromcontinuingoperations": 41700000,
        "netincomeloss": 41700000,
        "incomelossfromcontinuingoperationsperbasicshare": 0.38,
        "earningspersharebasic": 0.38,
        "incomelossfromcontinuingoperationsperdilutedshare": 0.37,
        "earningspersharediluted": 0.37,
        "commonstockdividendspersharedeclared": 0.33
    },
    {
        "date": "2011-03-30",
        "symbol": "AJG",
        "period": "Q1",
        "commissions": 225700000,
        "brokeragecommissionsrevenue": 189000000,
        "supplementalcommissions": 13500000,
        "contingentcommissions": 16800000,
        "gainlossonsaleofequityinvestments": 3000000,
        "revenuesfromcleancoalactivities": -1100000,
        "othersalesrevenuenet": 500000,
        "revenues": 447400000,
        "laborandrelatedexpense": 295100000,
        "operatingexpenses": 94000000,
        "interestexpense": 9500000,
        "depreciation": 8100000,
        "adjustmentforamortization": 16400000,
        "changeinestimatedacquisitionearnoutpayables": 800000,
        "benefitslossesandexpenses": 423900000,
        "incomelossfromcontinuingoperationsbeforeincometaxesminorityinterestandincomelossfromequitymethodinvestments": 23500000,
        "incometaxexpensebenefit": 8300000,
        "netincomeloss": 15200000,
        "earningspersharebasic": 0.14,
        "earningspersharediluted": 0.14,
        "commonstockdividendspersharedeclared": 0.33
    }
]