[
    {
        "date": "2024-09-29",
        "symbol": "KMI",
        "period": "Q3",
        "revenues": 6703000000,
        "costofgoodsandserviceexcludingdepreciationdepletionandamortization": 1024000000,
        "operatingcostsandexpenses": 790000000,
        "depreciationdepletionandamortization": 587000000,
        "generalandadministrativeexpense": 176000000,
        "taxesexcludingincomeandexcisetaxes": 107000000,
        "gainlossonsalesofassetsandassetimpairmentcharges": -36000000,
        "otheroperatingincomeexpensenet": 1000000,
        "costsandexpenses": 2684000000,
        "operatingincomeloss": 1015000000,
        "incomelossfromequitymethodinvestments": 211000000,
        "amortizationofexcesscostofequityinvestments": 12000000,
        "interestincomeexpensenonoperatingnet": -466000000,
        "nonoperatingincomeexpense": -251000000,
        "incomelossfromcontinuingoperationsbeforeincometaxesextraordinaryitemsnoncontrollinginterest": 764000000,
        "incometaxexpensebenefit": 113000000,
        "profitloss": 651000000,
        "netincomelossattributabletononcontrollinginterest": 26000000,
        "netincomeloss": 625000000,
        "earningspersharebasic": 0.2800000000000001,
        "earningspersharediluted": 0.2800000000000001,
        "weightedaveragenumberofsharesoutstandingbasic": 2220000000,
        "weightedaveragenumberofdilutedsharesoutstanding": 2220000000,
        "othercomprehensiveincomelosscashflowhedgegainlossbeforereclassificationaftertax": 99000000,
        "othercomprehensiveincomelosscashflowhedgegainlossreclassificationaftertax": 13000000,
        "othercomprehensiveincomelosspensionandotherpostretirementbenefitplansadjustmentnetoftax": -1000000,
        "othercomprehensiveincomelossnetoftax": 87000000,
        "comprehensiveincomenetoftaxincludingportionattributabletononcontrollinginterest": 738000000,
        "comprehensiveincomenetoftaxattributabletononcontrollinginterest": 26000000,
        "comprehensiveincomenetoftax": 712000000,
        "othercomprehensiveincomelosscashflowhedgegainlossbeforereclassificationtax": 30000000,
        "othercomprehensiveincomelosscashflowhedgegainlossreclassificationtax": -4000000
    },
    {
        "date": "2024-06-29",
        "symbol": "KMI",
        "period": "Q2",
        "revenues": 2178000000,
        "costofgoodsandserviceexcludingdepreciationdepletionandamortization": 967000000,
        "operatingcostsandexpenses": 741000000,
        "depreciationdepletionandamortization": 584000000,
        "generalandadministrativeexpense": 179000000,
        "taxesexcludingincomeandexcisetaxes": 109000000,
        "gainlossonsalesofassetsandassetimpairmentcharges": 45000000,
        "otheroperatingincomeexpensenet": 1000000,
        "costsandexpenses": 2534000000,
        "operatingincomeloss": 1038000000,
        "incomelossfromequitymethodinvestments": 208000000,
        "amortizationofexcesscostofequityinvestments": 13000000,
        "interestincomeexpensenonoperatingnet": -464000000,
        "nonoperatingincomeexpense": -268000000,
        "incomelossfromcontinuingoperationsbeforeincometaxesextraordinaryitemsnoncontrollinginterest": 770000000,
        "incometaxexpensebenefit": 168000000,
        "profitloss": 602000000,
        "netincomelossattributabletononcontrollinginterest": 27000000,
        "netincomeloss": 575000000,
        "earningspersharebasic": 0.25999999999999995,
        "earningspersharediluted": 0.25999999999999995,
        "weightedaveragenumberofsharesoutstandingbasic": 2219000000,
        "weightedaveragenumberofdilutedsharesoutstanding": 2219000000,
        "othercomprehensiveincomelosscashflowhedgegainlossbeforereclassificationaftertax": -12000000,
        "othercomprehensiveincomelosscashflowhedgegainlossreclassificationaftertax": -25000000,
        "othercomprehensiveincomelosspensionandotherpostretirementbenefitplansadjustmentnetoftax": -1000000,
        "othercomprehensiveincomelossnetoftax": 14000000,
        "comprehensiveincomenetoftaxincludingportionattributabletononcontrollinginterest": 616000000,
        "comprehensiveincomenetoftaxattributabletononcontrollinginterest": 27000000,
        "comprehensiveincomenetoftax": 589000000,
        "othercomprehensiveincomelosscashflowhedgegainlossbeforereclassificationtax": -3000000,
        "othercomprehensiveincomelosscashflowhedgegainlossreclassificationtax": 8000000,
        "othercomprehensiveincomelosspensionandotherpostretirementbenefitplanstax": 0
    },
    {
        "date": "2024-03-30",
        "symbol": "KMI",
        "period": "Q1",
        "revenues": 2232000000,
        "costofgoodsandserviceexcludingdepreciationdepletionandamortization": 1107000000,
        "operatingcostsandexpenses": 680000000,
        "depreciationdepletionandamortization": 587000000,
        "generalandadministrativeexpense": 175000000,
        "taxesexcludingincomeandexcisetaxes": 111000000,
        "gainlossonsalesofassetsandassetimpairmentcharges": 32000000,
        "otheroperatingincomeexpensenet": 9000000,
        "costsandexpenses": 2619000000,
        "operatingincomeloss": 1223000000,
        "incomelossfromequitymethodinvestments": 243000000,
        "amortizationofexcesscostofequityinvestments": 12000000,
        "interestincomeexpensenonoperatingnet": -472000000,
        "nonoperatingincomeexpense": -241000000,
        "incomelossfromcontinuingoperationsbeforeincometaxesextraordinaryitemsnoncontrollinginterest": 982000000,
        "incometaxexpensebenefit": 209000000,
        "profitloss": 773000000,
        "netincomelossattributabletononcontrollinginterest": 27000000,
        "netincomeloss": 746000000,
        "earningspersharebasic": 0.33,
        "earningspersharediluted": 0.33,
        "weightedaveragenumberofsharesoutstandingbasic": 2220000000,
        "weightedaveragenumberofdilutedsharesoutstanding": 2220000000,
        "othercomprehensiveincomelosscashflowhedgegainlossbeforereclassificationaftertax": -69000000,
        "othercomprehensiveincomelosscashflowhedgegainlossreclassificationaftertax": 3000000,
        "othercomprehensiveincomelosspensionandotherpostretirementbenefitplansadjustmentnetoftax": -13000000,
        "othercomprehensiveincomelossnetoftax": -59000000,
        "comprehensiveincomenetoftaxincludingportionattributabletononcontrollinginterest": 714000000,
        "comprehensiveincomenetoftaxattributabletononcontrollinginterest": 27000000,
        "comprehensiveincomenetoftax": 687000000,
        "othercomprehensiveincomelosscashflowhedgegainlossbeforereclassificationtax": -21000000,
        "othercomprehensiveincomelosscashflowhedgegainlossreclassificationtax": -1000000,
        "othercomprehensiveincomelosspensionandotherpostretirementbenefitplanstax": -4000000
    },
    {
        "date": "2022-06-29",
        "symbol": "KMI",
        "period": "Q2",
        "revenues": 2011000000,
        "costofgoodsandservicessold": 2683000000,
        "operatingcostsandexpenses": 663000000,
        "depreciationdepletionandamortization": 543000000,
        "generalandadministrativeexpense": 152000000,
        "taxesexcludingincomeandexcisetaxes": 116000000,
        "gainlossonsalesofassetsandassetimpairmentcharges": 11000000,
        "otheroperatingincomeexpensenet": 1000000,
        "costsandexpenses": 4145000000,
        "operatingincomeloss": 1006000000,
        "incomelossfromequitymethodinvestments": 182000000,
        "amortizationofexcesscostofequityinvestments": 19000000,
        "interestincomeexpensenonoperatingnet": -355000000,
        "othernonoperatingincomeexpense": 23000000,
        "nonoperatingincomeexpense": -169000000,
        "incomelossfromcontinuingoperationsbeforeincometaxesextraordinaryitemsnoncontrollinginterest": 837000000,
        "incometaxexpensebenefit": 184000000,
        "profitloss": 653000000,
        "netincomelossattributabletononcontrollinginterest": 18000000,
        "netincomeloss": 635000000,
        "earningspersharebasic": 0.28,
        "earningspersharediluted": 0.28,
        "weightedaveragenumberofsharesoutstandingbasic": 2265000000,
        "weightedaveragenumberofdilutedsharesoutstanding": 2265000000,
        "othercomprehensiveincomelossderivativeexcludedcomponentincreasedecreasebeforeadjustmentsaftertax": -78000000,
        "othercomprehensiveincomelossderivativeexcludedcomponentincreasedecreaseadjustmentsaftertax": -157000000,
        "othercomprehensiveincomelosspensionandotherpostretirementbenefitplansadjustmentnetoftax": -3000000,
        "othercomprehensiveincomelossnetoftax": 82000000,
        "comprehensiveincomenetoftaxincludingportionattributabletononcontrollinginterest": 735000000,
        "comprehensiveincomenetoftaxattributabletononcontrollinginterest": 18000000,
        "comprehensiveincomenetoftax": 717000000,
        "othercomprehensiveincomelossderivativeexcludedcomponentincreasedecreasebeforeadjustmentstax": -24000000,
        "othercomprehensiveincomelossderivativeexcludedcomponentincreasedecreaseadjustmentstax": -48000000,
        "othercomprehensiveincomelosspensionandotherpostretirementbenefitplanstax": -1000000
    },
    {
        "date": "2021-09-29",
        "symbol": "KMI",
        "period": "Q3",
        "revenues": 1928000000,
        "costofgoodsandservicessold": 1559000000,
        "operatingcostsandexpenses": 614000000,
        "depreciationdepletionandamortization": 526000000,
        "generalandadministrativeexpense": 174000000,
        "taxesexcludingincomeandexcisetaxes": 106000000,
        "gainlossonsalesofassetsandassetimpairmentcharges": -4000000,
        "otheroperatingincomeexpensenet": 3000000,
        "costsandexpenses": 2980000000,
        "operatingincomeloss": 844000000,
        "incomelossfromequitymethodinvestments": 169000000,
        "amortizationofexcesscostofequityinvestments": 21000000,
        "interestincomeexpensenonoperatingnet": -368000000,
        "othernonoperatingincomeexpense": 21000000,
        "nonoperatingincomeexpense": -199000000,
        "incomelossfromcontinuingoperationsbeforeincometaxesextraordinaryitemsnoncontrollinginterest": 645000000,
        "incometaxexpensebenefit": 134000000,
        "profitloss": 511000000,
        "netincomelossattributabletononcontrollinginterest": 16000000,
        "netincomeloss": 495000000,
        "earningspersharebasic": 0.22,
        "earningspersharediluted": 0.22,
        "weightedaveragenumberofsharesoutstandingbasic": 2267000000,
        "weightedaveragenumberofdilutedsharesoutstanding": 2267000000,
        "othercomprehensiveincomelossderivativeexcludedcomponentincreasedecreasebeforeadjustmentsaftertax": -131000000,
        "othercomprehensiveincomelossderivativeexcludedcomponentincreasedecreaseadjustmentsaftertax": -92000000,
        "othercomprehensiveincomelosspensionandotherpostretirementbenefitplansadjustmentnetoftax": -6000000,
        "othercomprehensiveincomelossnetoftax": -33000000,
        "comprehensiveincomenetoftaxincludingportionattributabletononcontrollinginterest": 478000000,
        "comprehensiveincomenetoftaxattributabletononcontrollinginterest": 16000000,
        "comprehensiveincomenetoftax": 462000000,
        "othercomprehensiveincomelossderivativeexcludedcomponentincreasedecreasebeforeadjustmentstax": -41000000,
        "othercomprehensiveincomelossderivativeexcludedcomponentincreasedecreaseadjustmentstax": -28000000,
        "othercomprehensiveincomelosspensionandotherpostretirementbenefitplanstax": 2000000
    },
    {
        "date": "2021-06-29",
        "symbol": "KMI",
        "period": "Q2",
        "revenues": 1889000000,
        "costofgoodsandservicessold": 936000000,
        "operatingcostsandexpenses": 582000000,
        "depreciationdepletionandamortization": 528000000,
        "generalandadministrativeexpense": 160000000,
        "taxesexcludingincomeandexcisetaxes": 108000000,
        "gainlossonsalesofassetsandassetimpairmentcharges": -1602000000,
        "otheroperatingincomeexpensenet": 2000000,
        "costsandexpenses": 3914000000,
        "operatingincomeloss": -764000000,
        "incomelossfromequitymethodinvestments": 157000000,
        "amortizationofexcesscostofequityinvestments": 13000000,
        "interestincomeexpensenonoperatingnet": -377000000,
        "othernonoperatingincomeexpense": 20000000,
        "nonoperatingincomeexpense": -213000000,
        "incomelossfromcontinuingoperationsbeforeincometaxesextraordinaryitemsnoncontrollinginterest": -977000000,
        "incometaxexpensebenefit": -237000000,
        "profitloss": -740000000,
        "netincomelossattributabletononcontrollinginterest": 17000000,
        "netincomeloss": -757000000,
        "earningspersharebasic": -0.34,
        "earningspersharediluted": -0.34,
        "weightedaveragenumberofsharesoutstandingbasic": 2265000000,
        "weightedaveragenumberofdilutedsharesoutstanding": 2265000000,
        "othercomprehensiveincomelossderivativeexcludedcomponentincreasedecreasebeforeadjustmentsaftertax": -157000000,
        "othercomprehensiveincomelossderivativeexcludedcomponentincreasedecreaseadjustmentsaftertax": -30000000,
        "othercomprehensiveincomelosspensionandotherpostretirementbenefitplansadjustmentnetoftax": -5000000,
        "othercomprehensiveincomelossnetoftax": -122000000,
        "comprehensiveincomenetoftaxincludingportionattributabletononcontrollinginterest": -862000000,
        "comprehensiveincomenetoftaxattributabletononcontrollinginterest": 17000000,
        "comprehensiveincomenetoftax": -879000000,
        "othercomprehensiveincomelossderivativeexcludedcomponentincreasedecreasebeforeadjustmentstax": -47000000,
        "othercomprehensiveincomelossderivativeexcludedcomponentincreasedecreaseadjustmentstax": 9000000,
        "othercomprehensiveincomelosspensionandotherpostretirementbenefitplanstax": -1000000
    },
    {
        "date": "2021-03-30",
        "symbol": "KMI",
        "period": "Q1",
        "revenues": 1917000000,
        "costofgoodsandservicessold": 2009000000,
        "operatingcostsandexpenses": 514000000,
        "depreciationdepletionandamortization": 541000000,
        "generalandadministrativeexpense": 156000000,
        "taxesexcludingincomeandexcisetaxes": 110000000,
        "gainlossonsalesofassetsandassetimpairmentcharges": 4000000,
        "otheroperatingincomeexpensenet": 1000000,
        "costsandexpenses": 3325000000,
        "operatingincomeloss": 1886000000,
        "incomelossfromequitymethodinvestments": 66000000,
        "amortizationofexcesscostofequityinvestments": 22000000,
        "interestincomeexpensenonoperatingnet": -377000000,
        "othernonoperatingincomeexpense": 223000000,
        "nonoperatingincomeexpense": -110000000,
        "incomelossfromcontinuingoperationsbeforeincometaxesextraordinaryitemsnoncontrollinginterest": 1776000000,
        "incometaxexpensebenefit": 351000000,
        "profitloss": 1425000000,
        "netincomelossattributabletononcontrollinginterest": 16000000,
        "netincomeloss": 1409000000,
        "earningspersharebasic": 0.62,
        "earningspersharediluted": 0.62,
        "weightedaveragenumberofsharesoutstandingbasic": 2264000000,
        "weightedaveragenumberofdilutedsharesoutstanding": 2264000000,
        "othercomprehensiveincomelossderivativeexcludedcomponentincreasedecreasebeforeadjustmentsaftertax": -156000000,
        "othercomprehensiveincomelossderivativeexcludedcomponentincreasedecreaseadjustmentsaftertax": -59000000,
        "othercomprehensiveincomelosspensionandotherpostretirementbenefitplansadjustmentnetoftax": -17000000,
        "othercomprehensiveincomelossnetoftax": -80000000,
        "comprehensiveincomenetoftaxincludingportionattributabletononcontrollinginterest": 1345000000,
        "comprehensiveincomenetoftaxattributabletononcontrollinginterest": 16000000,
        "comprehensiveincomenetoftax": 1329000000,
        "othercomprehensiveincomelossderivativeexcludedcomponentincreasedecreasebeforeadjustmentstax": 47000000,
        "othercomprehensiveincomelossderivativeexcludedcomponentincreasedecreaseadjustmentstax": 18000000,
        "othercomprehensiveincomelosspensionandotherpostretirementbenefitplanstax": -4000000
    },
    {
        "date": "2020-09-29",
        "symbol": "KMI",
        "period": "Q3",
        "revenues": 1881000000,
        "costofgoodsandservicessold": 655000000,
        "operatingcostsandexpenses": 643000000,
        "depreciationdepletionandamortization": 539000000,
        "generalandadministrativeexpense": 153000000,
        "taxesexcludingincomeandexcisetaxes": 100000000,
        "gainlossonsalesofassetsandassetimpairmentcharges": -11000000,
        "costsandexpenses": 2100000000,
        "operatingincomeloss": 819000000,
        "incomelossfromequitymethodinvestments": 194000000,
        "amortizationofexcesscostofequityinvestments": 32000000,
        "othernonoperatingincomeexpense": 14000000,
        "nonoperatingincomeexpense": -207000000,
        "incomelossfromcontinuingoperationsbeforeincometaxesextraordinaryitemsnoncontrollinginterest": 612000000,
        "incometaxexpensebenefit": 140000000,
        "profitloss": 472000000,
        "netincomelossattributabletononcontrollinginterest": 17000000,
        "netincomeloss": 455000000,
        "earningspersharebasicanddiluted": 0.19999999999999998,
        "weightedaveragenumberofshareoutstandingbasicanddiluted": 0,
        "othercomprehensiveincomelossderivativeexcludedcomponentincreasedecreasebeforeadjustmentsaftertax": -56000000,
        "othercomprehensiveincomelossderivativeexcludedcomponentincreasedecreaseadjustmentsaftertax": 5000000,
        "othercomprehensiveincomelosspensionandotherpostretirementbenefitplansadjustmentnetoftax": -5000000,
        "othercomprehensiveincomelossnetoftax": -56000000,
        "comprehensiveincomenetoftaxincludingportionattributabletononcontrollinginterest": 416000000,
        "comprehensiveincomenetoftaxattributabletononcontrollinginterest": 17000000,
        "comprehensiveincomenetoftax": 399000000,
        "othercomprehensiveincomelossderivativeexcludedcomponentincreasedecreasebeforeadjustmentstax": -17000000,
        "othercomprehensiveincomelossderivativeexcludedcomponentincreasedecreaseadjustmentstax": -1000000,
        "othercomprehensiveincomelosspensionandotherpostretirementbenefitplanstax": -2000000
    },
    {
        "date": "2020-06-29",
        "symbol": "KMI",
        "period": "Q2",
        "revenues": 1791000000,
        "costofgoodsandservicessold": 441000000,
        "operatingcostsandexpenses": 606000000,
        "depreciationdepletionandamortization": 532000000,
        "generalandadministrativeexpense": 155000000,
        "taxesexcludingincomeandexcisetaxes": 103000000,
        "gainlossonsalesofassetsandassetimpairmentcharges": -1005000000,
        "otheroperatingincomeexpensenet": 0,
        "costsandexpenses": 2842000000,
        "operatingincomeloss": -282000000,
        "incomelossfromequitymethodinvestments": 176000000,
        "amortizationofexcesscostofequityinvestments": 35000000,
        "othernonoperatingincomeexpense": 16000000,
        "nonoperatingincomeexpense": -238000000,
        "incomelossfromcontinuingoperationsbeforeincometaxesextraordinaryitemsnoncontrollinginterest": -520000000,
        "incometaxexpensebenefit": 104000000,
        "profitloss": -624000000,
        "netincomelossattributabletononcontrollinginterest": 13000000,
        "netincomeloss": -637000000,
        "earningspersharebasicanddiluted": -0.27999999999999997,
        "weightedaveragenumberofshareoutstandingbasicanddiluted": -1000000,
        "othercomprehensiveincomelossderivativeexcludedcomponentincreasedecreasebeforeadjustmentsaftertax": -182000000,
        "othercomprehensiveincomelossderivativeexcludedcomponentincreasedecreaseadjustmentsaftertax": -40000000,
        "othercomprehensiveincomelossforeigncurrencytransactionandtranslationadjustmentnetoftax": 0,
        "othercomprehensiveincomelosspensionandotherpostretirementbenefitplansadjustmentnetoftax": -5000000,
        "othercomprehensiveincomelossnetoftax": -137000000,
        "comprehensiveincomenetoftaxincludingportionattributabletononcontrollinginterest": -761000000,
        "comprehensiveincomenetoftaxattributabletononcontrollinginterest": 13000000,
        "comprehensiveincomenetoftax": -774000000,
        "othercomprehensiveincomelossderivativeexcludedcomponentincreasedecreasebeforeadjustmentstax": -55000000,
        "othercomprehensiveincomelossderivativeexcludedcomponentincreasedecreaseadjustmentstax": 12000000,
        "othercomprehensiveincomelosspensionandotherpostretirementbenefitplanstax": -2000000
    },
    {
        "date": "2020-03-30",
        "symbol": "KMI",
        "period": "Q1",
        "profitloss": -291000000,
        "othercomprehensiveincomelossderivativeexcludedcomponentincreasedecreasebeforeadjustmentsaftertax": 222000000,
        "othercomprehensiveincomelossderivativeexcludedcomponentincreasedecreaseadjustmentsaftertax": -37000000,
        "othercomprehensiveincomelossforeigncurrencytransactionandtranslationadjustmentnetoftax": 1000000,
        "othercomprehensiveincomelosspensionandotherpostretirementbenefitplansadjustmentnetoftax": -11000000,
        "othercomprehensiveincomelossnetoftax": 271000000,
        "comprehensiveincomenetoftaxincludingportionattributabletononcontrollinginterest": -20000000,
        "comprehensiveincomenetoftaxattributabletononcontrollinginterest": 15000000,
        "comprehensiveincomenetoftax": -35000000,
        "othercomprehensiveincomelossderivativeexcludedcomponentincreasedecreasebeforeadjustmentstax": 67000000,
        "othercomprehensiveincomelossderivativeexcludedcomponentincreasedecreaseadjustmentstax": 11000000,
        "othercomprehensiveincomelosspensionandotherpostretirementbenefitplanstax": -3000000,
        "revenues": 1992000000,
        "costofgoodsandservicessold": 663000000,
        "operatingcostsandexpenses": 620000000,
        "depreciationdepletionandamortization": 565000000,
        "generalandadministrativeexpense": 153000000,
        "taxesexcludingincomeandexcisetaxes": 92000000,
        "gainlossonsalesofassetsandassetimpairmentcharges": -971000000,
        "otheroperatingincomeexpensenet": 1000000,
        "costsandexpenses": 3063000000,
        "operatingincomeloss": 43000000,
        "incomelossfromequitymethodinvestments": 192000000,
        "amortizationofexcesscostofequityinvestments": 32000000,
        "interestincomeexpensenet": -436000000,
        "othernonoperatingincomeexpense": 2000000,
        "nonoperatingincomeexpense": -274000000,
        "incomelossfromcontinuingoperationsbeforeincometaxesextraordinaryitemsnoncontrollinginterest": -231000000,
        "incometaxexpensebenefit": 60000000,
        "netincomelossattributabletononcontrollinginterest": 15000000,
        "netincomeloss": -306000000,
        "earningspersharebasicanddiluted": -0.14,
        "weightedaveragenumberofshareoutstandingbasicanddiluted": 2264000000
    },
    {
        "date": "2019-09-29",
        "symbol": "KMI",
        "period": "Q3",
        "profitloss": 517000000,
        "othercomprehensiveincomelossderivativeexcludedcomponentincreasedecreasebeforeadjustmentsaftertax": 20000000,
        "othercomprehensiveincomelossderivativeexcludedcomponentincreasedecreaseadjustmentsaftertax": -40000000,
        "othercomprehensiveincomelossforeigncurrencytransactionandtranslationadjustmentnetoftax": -7000000,
        "othercomprehensiveincomelosspensionandotherpostretirementbenefitplansadjustmentnetoftax": -8000000,
        "othercomprehensiveincomelossnetoftax": 61000000,
        "comprehensiveincomenetoftaxincludingportionattributabletononcontrollinginterest": 578000000,
        "comprehensiveincomenetoftaxattributabletononcontrollinginterest": 8000000,
        "comprehensiveincomenetoftax": 570000000,
        "othercomprehensiveincomelossderivativeexcludedcomponentincreasedecreasebeforeadjustmentstax": 6000000,
        "othercomprehensiveincomelossderivativeexcludedcomponentincreasedecreaseadjustmentstax": 13000000,
        "othercomprehensiveincomelossforeigncurrencytranslationadjustmenttax": -2000000,
        "othercomprehensiveincomelosspensionandotherpostretirementbenefitplanstax": -3000000,
        "revenues": 2008000000,
        "costofgoodsandservicessold": 762000000,
        "operatingcostsandexpenses": 668000000,
        "depreciationdepletionandamortization": 578000000,
        "generalandadministrativeexpense": 154000000,
        "taxesexcludingincomeandexcisetaxes": 103000000,
        "gainlossonsalesofassetsandassetimpairmentcharges": 3000000,
        "otheroperatingincomeexpensenet": -1000000,
        "costsandexpenses": 2263000000,
        "operatingincomeloss": 951000000,
        "incomelossfromequitymethodinvestments": 173000000,
        "otherdepreciationandamortization": 21000000,
        "interestincomeexpensenet": -447000000,
        "othernonoperatingincomeexpense": 12000000,
        "nonoperatingincomeexpense": -283000000,
        "incomelossfromcontinuingoperationsbeforeincometaxesextraordinaryitemsnoncontrollinginterest": 668000000,
        "incometaxexpensebenefit": 151000000,
        "netincomelossattributabletononcontrollinginterest": 11000000,
        "netincomeloss": 506000000,
        "netincomelossavailabletocommonstockholdersbasic": 506000000,
        "earningspersharebasicanddiluted": 0.22,
        "weightedaveragenumberofshareoutstandingbasicanddiluted": 2264000000,
        "commonstockdividendspersharedeclared": 0.25
    },
    {
        "date": "2019-06-29",
        "symbol": "KMI",
        "period": "Q2",
        "profitloss": 528000000,
        "othercomprehensiveincomelossderivativeexcludedcomponentincreasedecreasebeforeadjustmentsaftertax": 63000000,
        "othercomprehensiveincomelossderivativeexcludedcomponentincreasedecreaseadjustmentsaftertax": 18000000,
        "othercomprehensiveincomelossforeigncurrencytransactionandtranslationadjustmentnetoftax": 13000000,
        "othercomprehensiveincomelosspensionandotherpostretirementbenefitplansadjustmentnetoftax": -7000000,
        "othercomprehensiveincomelossnetoftax": 65000000,
        "comprehensiveincomenetoftaxincludingportionattributabletononcontrollinginterest": 593000000,
        "comprehensiveincomenetoftaxattributabletononcontrollinginterest": 15000000,
        "comprehensiveincomenetoftax": 578000000,
        "othercomprehensiveincomelossderivativeexcludedcomponentincreasedecreasebeforeadjustmentstax": 19000000,
        "othercomprehensiveincomelossderivativeexcludedcomponentincreasedecreaseadjustmentstax": 6000000,
        "othercomprehensiveincomelossforeigncurrencytranslationadjustmenttax": 2000000,
        "othercomprehensiveincomelosspensionandotherpostretirementbenefitplanstax": -3000000,
        "revenues": 2011000000,
        "costofgoodsandservicessold": 777000000,
        "operatingcostsandexpenses": 646000000,
        "depreciationdepletionandamortization": 579000000,
        "generalandadministrativeexpense": 148000000,
        "taxesexcludingincomeandexcisetaxes": 103000000,
        "gainlossonsalesofassetsandassetimpairmentcharges": 10000000,
        "otheroperatingincomeexpensenet": 2000000,
        "costsandexpenses": 2241000000,
        "operatingincomeloss": 973000000,
        "incomelossfromequitymethodinvestments": 161000000,
        "otherdepreciationandamortization": 19000000,
        "interestincomeexpensenet": -452000000,
        "othernonoperatingincomeexpense": 13000000,
        "nonoperatingincomeexpense": -297000000,
        "incomelossfromcontinuingoperationsbeforeincometaxesextraordinaryitemsnoncontrollinginterest": 676000000,
        "incometaxexpensebenefit": 148000000,
        "netincomelossattributabletononcontrollinginterest": 10000000,
        "netincomeloss": 518000000,
        "netincomelossavailabletocommonstockholdersbasic": 518000000,
        "earningspersharebasicanddiluted": 0.23,
        "weightedaveragenumberofshareoutstandingbasicanddiluted": 2262000000,
        "commonstockdividendspersharedeclared": 0.25
    },
    {
        "date": "2018-06-29",
        "symbol": "KMI",
        "period": "Q2",
        "profitloss": -43000000,
        "othercomprehensiveincomeunrealizedgainlossonderivativesarisingduringperiodnetoftax": -80000000,
        "othercomprehensiveincomelossreclassificationadjustmentfromaocionderivativesnetoftax": -83000000,
        "othercomprehensiveincomelossforeigncurrencytransactionandtranslationadjustmentnetoftax": -48000000,
        "othercomprehensiveincomelosspensionandotherpostretirementbenefitplansadjustmentnetoftax": -6000000,
        "othercomprehensiveincomelossnetoftax": 128000000,
        "comprehensiveincomenetoftaxincludingportionattributabletononcontrollinginterest": 85000000,
        "comprehensiveincomenetoftaxattributabletononcontrollinginterest": -5000000,
        "comprehensiveincomenetoftax": 90000000,
        "othercomprehensiveincomeunrealizedgainlossonderivativesarisingduringperiodtax": -24000000,
        "othercomprehensiveincomelossreclassificationadjustmentfromaocionderivativestax": -24000000,
        "othercomprehensiveincomelossforeigncurrencytranslationadjustmenttax": -9000000,
        "othercomprehensiveincomelosspensionandotherpostretirementbenefitplanstax": -2000000,
        "revenues": 513000000,
        "costofgoodsandservicessold": 1068000000,
        "operatingcostsandexpenses": 617000000,
        "depreciationdepletionandamortization": 571000000,
        "generalandadministrativeexpense": 174000000,
        "taxesexcludingincomeandexcisetaxes": 85000000,
        "assetimpairmentcharges": 653000000,
        "otheroperatingincomeexpensenet": 12000000,
        "costsandexpenses": -18000000,
        "operatingincomeloss": 272000000,
        "incomelossfromequitymethodinvestments": 58000000,
        "equitymethodinvestmentotherthantemporaryimpairment": 270000000,
        "otherdepreciationandamortization": 24000000,
        "interestincomeexpensenet": -516000000,
        "othernonoperatingincomeexpense": 7000000,
        "nonoperatingincomeexpense": -448000000,
        "incomelossfromcontinuingoperationsbeforeincometaxesextraordinaryitemsnoncontrollinginterest": -43000000,
        "incometaxexpensebenefit": -46000000,
        "netincomelossattributabletononcontrollinginterest": 11000000,
        "netincomeloss": -54000000,
        "preferredstockdividendsincomestatementimpact": 39000000,
        "netincomelossavailabletocommonstockholdersbasic": -2000000,
        "earningspersharebasicanddiluted": -0.08,
        "weightedaveragenumberofshareoutstandingbasicanddiluted": 2204000000,
        "commonstockdividendspersharedeclared": 0.2
    },
    {
        "date": "2017-09-29",
        "symbol": "KMI",
        "period": "Q3",
        "profitloss": -1504000000,
        "othercomprehensiveincomeunrealizedgainlossonderivativesarisingduringperiodnetoftax": 7000000,
        "othercomprehensiveincomelossreclassificationadjustmentfromaocionderivativesnetoftax": 48000000,
        "othercomprehensiveincomelossforeigncurrencytransactionandtranslationadjustmentnetoftax": 78000000,
        "othercomprehensiveincomelosspensionandotherpostretirementbenefitplansadjustmentnetoftax": -7000000,
        "othercomprehensiveincomelossnetoftax": -71000000,
        "comprehensiveincomenetoftaxincludingportionattributabletononcontrollinginterest": -1575000000,
        "comprehensiveincomenetoftaxattributabletononcontrollinginterest": 44000000,
        "comprehensiveincomenetoftax": -1619000000,
        "othercomprehensiveincomeunrealizedgainlossonderivativesarisingduringperiodtax": 3000000,
        "othercomprehensiveincomelossreclassificationadjustmentfromaocionderivativestax": 27000000,
        "othercomprehensiveincomelossforeigncurrencytranslationadjustmenttax": 28000000,
        "othercomprehensiveincomelosspensionandotherpostretirementbenefitplanstax": -8000000,
        "naturalgasrevenue": 714000000,
        "salesrevenueservicesnet": 1938000000,
        "othersalesrevenuenet": 629000000,
        "revenues": 1000000,
        "costofgoodssold": 3000000,
        "operatingcostsandexpenses": 587000000,
        "depreciationdepletionandamortization": 562000000,
        "generalandadministrativeexpense": 164000000,
        "taxesexcludingincomeandexcisetaxes": 102000000,
        "assetimpairmentcharges": 7000000,
        "otheroperatingincomeexpensenet": 12000000,
        "costsandexpenses": -39000000,
        "operatingincomeloss": -8000000,
        "incomelossfromequitymethodinvestments": 167000000,
        "otherdepreciationandamortization": 15000000,
        "interestincomeexpensenet": -459000000,
        "othernonoperatingincomeexpense": 6000000,
        "nonoperatingincomeexpense": -283000000,
        "incomelossfromcontinuingoperationsbeforeincometaxesextraordinaryitemsnoncontrollinginterest": -1504000000,
        "incometaxexpensebenefit": 160000000,
        "netincomelossattributabletononcontrollinginterest": 14000000,
        "netincomeloss": -1518000000,
        "preferredstockdividendsincomestatementimpact": 39000000,
        "netincomelossavailabletocommonstockholdersbasic": 2000000,
        "earningspersharebasic": 0.15,
        "weightedaveragenumberofsharesoutstandingbasic": 2231000000,
        "earningspersharediluted": 0.15,
        "weightedaveragenumberofdilutedsharesoutstanding": 2231000000,
        "commonstockdividendspersharedeclared": 0.125
    },
    {
        "date": "2016-09-29",
        "symbol": "KMI",
        "period": "Q3",
        "profitloss": -2080000000,
        "othercomprehensiveincomeunrealizedgainlossonderivativesarisingduringperiodnetoftax": 50000000,
        "othercomprehensiveincomelossreclassificationadjustmentfromaocionderivativesnetoftax": 39000000,
        "othercomprehensiveincomelossforeigncurrencytransactionandtranslationadjustmentnetoftax": -20000000,
        "othercomprehensiveincomelosspensionandotherpostretirementbenefitplansadjustmentnetoftax": -6000000,
        "othercomprehensiveincomelossnetoftax": 110000000,
        "comprehensiveincomenetoftaxincludingportionattributabletononcontrollinginterest": -1970000000,
        "comprehensiveincomenetoftaxattributabletononcontrollinginterest": 5000000,
        "comprehensiveincomenetoftax": -1975000000,
        "othercomprehensiveincomeunrealizedgainlossonderivativesarisingduringperiodtax": 29000000,
        "othercomprehensiveincomelossreclassificationadjustmentfromaocionderivativestax": 23000000,
        "othercomprehensiveincomelossforeigncurrencytranslationadjustmenttax": -11000000,
        "othercomprehensiveincomelosspensionandotherpostretirementbenefitplanstax": -3000000,
        "naturalgasrevenue": 719000000,
        "salesrevenueservicesnet": 2006000000,
        "othersalesrevenuenet": 8000000,
        "revenues": -1000000,
        "costofgoodssold": -6000000,
        "operatingcostsandexpenses": 576000000,
        "depreciationdepletionandamortization": 549000000,
        "generalandadministrativeexpense": 171000000,
        "taxesexcludingincomeandexcisetaxes": 106000000,
        "assetimpairmentcharges": 76000000,
        "otheroperatingincomeexpensenet": 12000000,
        "costsandexpenses": -18000000,
        "operatingincomeloss": -658000000,
        "incomelossfromequitymethodinvestments": -213000000,
        "equitymethodinvestmentotherthantemporaryimpairment": 350000000,
        "otherdepreciationandamortization": 15000000,
        "interestincomeexpensenet": -474000000,
        "othernonoperatingincomeexpense": -1000000,
        "nonoperatingincomeexpense": -688000000,
        "incomelossfromcontinuingoperationsbeforeincometaxesextraordinaryitemsnoncontrollinginterest": -2080000000,
        "incometaxexpensebenefit": 363000000,
        "netincomelossattributabletononcontrollinginterest": 5000000,
        "netincomeloss": -2085000000,
        "preferredstockdividendsincomestatementimpact": 39000000,
        "netincomelossavailabletocommonstockholdersbasic": 1000000,
        "earningspersharebasic": -0.1,
        "weightedaveragenumberofsharesoutstandingbasic": 2230000000,
        "earningspersharediluted": -0.1,
        "weightedaveragenumberofdilutedsharesoutstanding": 2230000000,
        "commonstockdividendspersharedeclared": 0.125
    },
    {
        "date": "2014-06-29",
        "symbol": "KMI",
        "period": "Q2",
        "netincomeloss": 284000000,
        "othercomprehensiveincomeunrealizedgainlossonderivativesarisingduringperiodnetoftaxportionattributabletoparent": -37000000,
        "othercomprehensiveincomereclassificationadjustmentonderivativesincludedinnetincomenetoftaxportionattributabletoparent": 6000000,
        "othercomprehensiveincomeforeigncurrencytransactionandtranslationadjustmentnetoftaxportionattributabletoparent": 23000000,
        "othercomprehensiveincomedefinedbenefitplansadjustmentnetoftaxportionattributabletoparent": -2000000,
        "othercomprehensiveincomelossnetoftaxportionattributabletoparent": -6000000,
        "comprehensiveincomenetoftax": 278000000,
        "netincomelossattributabletononcontrollinginterest": 213000000,
        "othercomprehensiveincomeunrealizedgainlossonderivativesarisingduringperiodnetoftaxattributabletononcontrollinginterest": -59000000,
        "othercomprehensiveincomereclassificationadjustmentonderivativesincludedinnetincomenetoftaxattributabletononcontrollinginterest": 10000000,
        "othercomprehensiveincomeforeigncurrencytransactionandtranslationadjustmentnetoftaxportionattributabletononcontrollinginterest": 33000000,
        "othercomprehensiveincomelossnetoftaxportionattributabletononcontrollinginterest": -16000000,
        "comprehensiveincomenetoftaxattributabletononcontrollinginterest": 197000000,
        "profitloss": 497000000,
        "othercomprehensiveincomeunrealizedgainlossonderivativesarisingduringperiodnetoftax": -96000000,
        "othercomprehensiveincomelossreclassificationadjustmentfromaocionderivativesnetoftax": -16000000,
        "othercomprehensiveincomelossforeigncurrencytransactionandtranslationadjustmentnetoftax": 56000000,
        "othercomprehensiveincomelosspensionandotherpostretirementbenefitplansadjustmentnetoftax": -2000000,
        "othercomprehensiveincomelossnetoftax": -22000000,
        "comprehensiveincomenetoftaxincludingportionattributabletononcontrollinginterest": 475000000,
        "othercomprehensiveincomeunrealizedgainlossonderivativesarisingduringperiodtaxattributabletoparent": -21000000,
        "othercomprehensiveincomereclassificationadjustmentonderivativesincludedinnetincometaxattributabletoparent": -4000000,
        "othercomprehensiveincomeforeigncurrencytranslationadjustmenttaxportionattributabletoparent": 13000000,
        "othercomprehensiveincomedefinedbenefitplanstaxportionattributabletoparent": 1000000,
        "othercomprehensiveincomeunrealizedgainlossonderivativesarisingduringperiodtaxattributabletononcontrollinginterests": 6000000,
        "othercomprehensiveincomelossreclassificationadjustmentfromaocionderivativestaxattributabletononcontrollinginterests": 1000000,
        "othercomprehensiveincomeforeigncurrencytranslationadjustmenttaxportionattributabletononcontrollinginterest": 4000000,
        "othercomprehensiveincomeunrealizedgainlossonderivativesarisingduringperiodtax": -27000000,
        "othercomprehensiveincomelossreclassificationadjustmentfromaocionderivativestax": -5000000,
        "othercomprehensiveincomelossforeigncurrencytranslationadjustmenttax": 17000000,
        "othercomprehensiveincomelosspensionandotherpostretirementbenefitplanstax": 1000000,
        "naturalgasrevenue": 1014000000,
        "salesrevenueservicesnet": 1812000000,
        "othersalesrevenuenet": 1111000000,
        "revenues": 420000000,
        "costofgoodssold": 1610000000,
        "utilitiesoperatingexpensemaintenanceandoperations": 540000000,
        "depreciationdepletionandamortization": 502000000,
        "generalandadministrativeexpense": 154000000,
        "taxesexcludingincomeandexcisetaxes": 111000000,
        "otheroperatingincomeexpensenet": -7000000,
        "costsandexpenses": 2924000000,
        "operatingincomeloss": 1013000000,
        "incomelossfromequitymethodinvestments": 100000000,
        "otherdepreciationandamortization": 11000000,
        "interestincomeexpensenet": -440000000,
        "othernonoperatingincomeexpense": 13000000,
        "nonoperatingincomeexpense": -338000000,
        "incomelossfromcontinuingoperationsbeforeincometaxesextraordinaryitemsnoncontrollinginterest": 675000000,
        "incometaxexpensebenefit": 178000000,
        "incomelossfromcontinuingoperationsincludingportionattributabletononcontrollinginterest": 497000000,
        "incomelossfromcontinuingoperationsperbasicanddilutedshare": 0.27,
        "earningspersharebasicanddiluted": 0.27,
        "weightedaveragenumberofsharesoutstandingbasic": 1028000000,
        "weightedaveragenumberofdilutedsharesoutstanding": 1028000000,
        "commonstockdividendspersharedeclared": 0.43
    },
    {
        "date": "2013-03-30",
        "symbol": "KMI",
        "period": "Q1",
        "netincomeloss": 421000000,
        "othercomprehensiveincomeunrealizedgainlossonderivativesarisingduringperiodnetoftaxportionattributabletoparent": -16000000,
        "othercomprehensiveincomereclassificationadjustmentonderivativesincludedinnetincomenetoftaxportionattributabletoparent": -4000000,
        "othercomprehensiveincomeforeigncurrencytransactionandtranslationadjustmentnetoftaxportionattributabletoparent": -17000000,
        "othercomprehensiveincomedefinedbenefitplansadjustmentnetoftaxportionattributabletoparent": 1000000,
        "othercomprehensiveincomelossnetoftaxportionattributabletoparent": -38000000,
        "comprehensiveincomenetoftax": 50000000,
        "netincomelossattributabletononcontrollinginterest": 364000000,
        "othercomprehensiveincomeunrealizedgainlossonderivativesarisingduringperiodnetoftaxattributabletononcontrollinginterest": -15000000,
        "othercomprehensiveincomereclassificationadjustmentonderivativesincludedinnetincomenetoftaxattributabletononcontrollinginterest": -2000000,
        "othercomprehensiveincomeforeigncurrencytransactionandtranslationadjustmentnetoftaxportionattributabletononcontrollinginterest": -16000000,
        "othercomprehensiveincomelossnetoftaxportionattributabletononcontrollinginterest": -33000000,
        "comprehensiveincomenetoftaxattributabletononcontrollinginterest": -331000000,
        "profitloss": 656000000,
        "othercomprehensiveincomeunrealizedgainlossonderivativesarisingduringperiodnetoftax": 11000000,
        "othercomprehensiveincomelossreclassificationadjustmentonderivativesincludedinnetincomenetoftax": 2000000,
        "othercomprehensiveincomelossforeigncurrencytransactionandtranslationadjustmentnetoftax": 12000000,
        "othercomprehensiveincomelosspensionandotherpostretirementbenefitplansadjustmentnetoftax": 1000000,
        "othercomprehensiveincomelossnetoftax": -11000000,
        "comprehensiveincomenetoftaxincludingportionattributabletononcontrollinginterest": 254000000,
        "othercomprehensiveincomeunrealizedgainlossonderivativesarisingduringperiodtaxattributabletoparent": 6000000,
        "othercomprehensiveincomereclassificationadjustmentonderivativesincludedinnetincometaxattributabletoparent": 1000000,
        "othercomprehensiveincomeforeigncurrencytranslationadjustmenttaxportionattributabletoparent": 7000000,
        "comprehensiveincomeunrealizedgainlossonderivativesarisingduringperiodtaxattributabletononcontrollinginterests": 3000000,
        "othercomprehensiveincomeforeigncurrencytranslationadjustmenttaxportionattributabletononcontrollinginterest": 2000000,
        "othercomprehensiveincomeunrealizedgainlossonderivativesarisingduringperiodtax": -16000000,
        "othercomprehensiveincomelossreclassificationadjustmentonderivativesincludedinnetincometax": 1000000,
        "othercomprehensiveincomelossforeigncurrencytranslationadjustmenttax": 9000000,
        "naturalgasrevenue": 737000000,
        "salesrevenueservicesnet": 1561000000,
        "productsalesandother": 762000000,
        "revenues": 3058000000,
        "costofgoodssold": 970000000,
        "operationsandmaintenance": 419000000,
        "depreciationdepletionandamortization": 412000000,
        "generalandadministrativeexpense": 140000000,
        "taxesexcludingincomeandexcisetaxes": 98000000,
        "othercostandexpenseoperating": 1000000,
        "costsandexpenses": 2044000000,
        "operatingincomeloss": 6000000,
        "incomelossfromequitymethodinvestments": 167000000,
        "otherdepreciationandamortization": 9000000,
        "interestexpense": 402000000,
        "businesscombinationstepacquisitionequityinterestinacquireeremeasurementgain": 225000000,
        "othernonoperatingincomeexpense": 2000000,
        "nonoperatingincomeexpense": -83000000,
        "incomelossfromcontinuingoperationsbeforeincometaxesextraordinaryitemsnoncontrollinginterest": -543000000,
        "incometaxexpensebenefit": 279000000,
        "incomelossfromcontinuingoperationsincludingportionattributabletononcontrollinginterest": 658000000,
        "lossonsaleandremeasurementofkmpsftcnaturalgaspipelinesdisposalgrouptotofairvaluenetoftax": 2000000,
        "incomelossfromdiscontinuedoperationsnetoftax": -2000000,
        "incomelossfromcontinuingoperationsperbasicshare": 0.28,
        "earningspersharebasic": 0.28,
        "weightedaveragenumberofsharesoutstandingbasic": 1036000000,
        "weightedaveragenumberofdilutedsharesoutstanding": 1038000000,
        "commonstockdividendspersharedeclared": 0.38
    },
    {
        "date": "2012-09-29",
        "symbol": "KMI",
        "period": "Q3",
        "netincomeloss": -1143000000,
        "othercomprehensiveincomeunrealizedgainlossonderivativesarisingduringperiodnetoftaxportionattributabletoparent": -30000000,
        "othercomprehensiveincomereclassificationadjustmentonderivativesincludedinnetincomenetoftaxportionattributabletoparent": 13000000,
        "othercomprehensiveincomeforeigncurrencytransactionandtranslationadjustmentnetoftaxportionattributabletoparent": 22000000,
        "othercomprehensiveincomelossnetoftaxportionattributabletoparent": -14000000,
        "comprehensiveincomenetoftax": 811000000,
        "netincomelossattributabletononcontrollinginterest": 367000000,
        "othercomprehensiveincomeunrealizedgainlossonderivativesarisingduringperiodnetoftaxattributabletononcontrollinginterest": -41000000,
        "othercomprehensiveincomereclassificationadjustmentonderivativesincludedinnetincomenetoftaxattributabletononcontrollinginterest": 23000000,
        "othercomprehensiveincomeforeigncurrencytransactionandtranslationadjustmentnetoftaxportionattributabletononcontrollinginterest": 32000000,
        "othercomprehensiveincomelossnetoftaxportionattributabletononcontrollinginterest": -16000000,
        "comprehensiveincomenetoftaxattributabletononcontrollinginterest": 193000000,
        "profitloss": 895000000,
        "othercomprehensiveincomeunrealizedgainlossonderivativesarisingduringperiodnetoftax": -71000000,
        "comprehensiveincomenetoftaxincludingportionattributabletononcontrollinginterest": 780000000,
        "othercomprehensiveincomeunrealizedgainlossonderivativesarisingduringperiodtaxattributabletoparent": 63000000,
        "othercomprehensiveincomereclassificationadjustmentonderivativesincludedinnetincometaxattributabletoparent": -10000000,
        "othercomprehensiveincomeforeigncurrencytranslationadjustmenttaxportionattributabletoparent": -27000000,
        "comprehensiveincomeunrealizedgainlossonderivativesarisingduringperiodtaxattributabletononcontrollinginterests": 15000000,
        "othercomprehensiveincomeforeigncurrencytranslationadjustmenttaxportionattributabletononcontrollinginterest": -8000000,
        "othercomprehensiveincomeunrealizedgainlossonderivativesarisingduringperiodtax": 78000000,
        "naturalgasrevenue": 670000000,
        "salesrevenueservicesnet": 1489000000,
        "productsalesandother": 711000000,
        "revenues": 4598000000,
        "gaspurchasesandothercostsofsales": 854000000,
        "operationsandmaintenance": 491000000,
        "depreciationdepletionandamortization": 400000000,
        "generalandadministrativeexpense": 186000000,
        "taxesexcludingincomeandexcisetaxes": 88000000,
        "otheroperatingincome": 4000000,
        "costsandexpenses": 1702000000,
        "operatingincomeloss": -839000000,
        "incomelossfromequitymethodinvestments": 19000000,
        "otherdepreciationandamortization": 5000000,
        "interestexpense": 532000000,
        "investmentincomeinterest": 9000000,
        "othernonoperatingincomeexpense": 21000000,
        "nonoperatingincomeexpense": -406000000,
        "incomelossfromcontinuingoperationsbeforeincometaxesextraordinaryitemsnoncontrollinginterest": 1230000000,
        "incometaxexpensebenefit": 60000000,
        "incomelossfromcontinuingoperationsincludingportionattributabletononcontrollinginterest": -1590000000,
        "discontinuedoperationincomelossfromdiscontinuedoperationduringphaseoutperiodbeforeincometax": -559000000,
        "lossonremeasurementofassetsofdisposalgrouptofairvaluenetoftax": 1035000000,
        "incomelossfromdiscontinuedoperationsnetoftax": -130000000,
        "incomelossfromcontinuingoperationsperbasicshare": 0.18000000000000002,
        "incomelossfromdiscontinuedoperationsnetoftaxperbasicshare": 0.020000000000000018,
        "earningspersharebasic": 0.2,
        "weightedaveragenumberofsharesoutstandingbasic": -490000000,
        "incomelossfromcontinuingoperationsperdilutedshare": 0.18000000000000002,
        "incomelossfromdiscontinuedoperationsnetoftaxperdilutedshare": 0.020000000000000018,
        "earningspersharediluted": 0.27,
        "weightedaveragenumberofdilutedsharesoutstanding": -515000000,
        "commonstockdividendspersharedeclared": 0.36000000000000004
    },
    {
        "date": "2012-06-29",
        "symbol": "KMI",
        "period": "Q2",
        "netincomeloss": -126000000,
        "othercomprehensiveincomeunrealizedgainlossonderivativesarisingduringperiodnetoftaxportionattributabletoparent": 89000000,
        "othercomprehensiveincomereclassificationadjustmentonderivativesincludedinnetincomenetoftaxportionattributabletoparent": -3000000,
        "othercomprehensiveincomeforeigncurrencytransactionandtranslationadjustmentnetoftaxportionattributabletoparent": -13000000,
        "othercomprehensiveincomedefinedbenefitplansadjustmentnetoftaxportionattributabletoparent": -13000000,
        "othercomprehensiveincomelossnetoftaxportionattributabletoparent": 86000000,
        "comprehensiveincomenetoftax": -40000000,
        "netincomelossattributabletononcontrollinginterest": -117000000,
        "othercomprehensiveincomeunrealizedgainlossonderivativesarisingduringperiodnetoftaxattributabletononcontrollinginterest": 139000000,
        "othercomprehensiveincomereclassificationadjustmentonderivativesincludedinnetincomenetoftaxattributabletononcontrollinginterest": -5000000,
        "othercomprehensiveincomeforeigncurrencytransactionandtranslationadjustmentnetoftaxportionattributabletononcontrollinginterest": -18000000,
        "othercomprehensiveincomelossnetoftaxportionattributabletononcontrollinginterest": 116000000,
        "comprehensiveincomenetoftaxattributabletononcontrollinginterest": -1000000,
        "profitloss": -243000000,
        "othercomprehensiveincomeunrealizedgainlossonderivativesarisingduringperiodnetoftax": 228000000,
        "othercomprehensiveincomelossreclassificationadjustmentonderivativesincludedinnetincomenetoftax": -8000000,
        "othercomprehensiveincomelossforeigncurrencytransactionandtranslationadjustmentnetoftax": -31000000,
        "othercomprehensiveincomelosspensionandotherpostretirementbenefitplansadjustmentnetoftax": -13000000,
        "othercomprehensiveincomelossnetoftax": 202000000,
        "comprehensiveincomenetoftaxincludingportionattributabletononcontrollinginterest": -41000000,
        "othercomprehensiveincomeunrealizedgainlossonderivativesarisingduringperiodtaxattributabletoparent": -56000000,
        "othercomprehensiveincomereclassificationadjustmentonderivativesincludedinnetincometaxattributabletoparent": 3000000,
        "othercomprehensiveincomeforeigncurrencytranslationadjustmenttaxportionattributabletoparent": 7000000,
        "othercomprehensiveincomedefinedbenefitplanstaxportionattributabletoparent": -8000000,
        "comprehensiveincomeunrealizedgainlossonderivativesarisingduringperiodtaxattributabletononcontrollinginterests": -15000000,
        "othercomprehensiveincomeforeigncurrencytranslationadjustmenttaxportionattributabletononcontrollinginterest": 2000000,
        "othercomprehensiveincomeunrealizedgainlossonderivativesarisingduringperiodtax": -71000000,
        "othercomprehensiveincomelossreclassificationadjustmentonderivativesincludedinnetincometax": 3000000,
        "othercomprehensiveincomelossforeigncurrencytranslationadjustmenttax": 9000000,
        "othercomprehensiveincomelosspensionandotherpostretirementbenefitplanstax": -8000000,
        "naturalgasrevenue": 497000000,
        "salesrevenueservicesnet": 1033000000,
        "productsalesandother": 637000000,
        "revenues": 413000000,
        "gaspurchasesandothercostsofsales": 637000000,
        "operationsandmaintenance": 387000000,
        "depreciationdepletionandamortization": 333000000,
        "generalandadministrativeexpense": 501000000,
        "taxesexcludingincomeandexcisetaxes": 69000000,
        "otheroperatingincome": 20000000,
        "costsandexpenses": 1907000000,
        "operatingincomeloss": 260000000,
        "incomelossfromequitymethodinvestments": 72000000,
        "otherdepreciationandamortization": 2000000,
        "interestexpense": 297000000,
        "investmentincomeinterest": 6000000,
        "othernonoperatingincomeexpense": 7000000,
        "nonoperatingincomeexpense": -214000000,
        "incomelossfromcontinuingoperationsbeforeincometaxesextraordinaryitemsnoncontrollinginterest": 46000000,
        "incometaxexpensebenefit": 9000000,
        "incomelossfromcontinuingoperationsincludingportionattributabletononcontrollinginterest": 37000000,
        "discontinuedoperationincomelossfromdiscontinuedoperationduringphaseoutperiodbeforeincometax": -280000000,
        "lossonremeasurementofassetsofdisposalgrouptofairvaluenetoftax": 327000000,
        "incomelossfromdiscontinuedoperationsnetoftax": -280000000,
        "incomelossfromcontinuingoperationsperbasicshare": -0.13,
        "incomelossfromdiscontinuedoperationsnetoftaxperbasicshare": -0.04,
        "earningspersharebasic": -0.17,
        "weightedaveragenumberofsharesoutstandingbasic": 320000000,
        "incomelossfromcontinuingoperationsperdilutedshare": -0.13,
        "incomelossfromdiscontinuedoperationsnetoftaxperdilutedshare": -0.04,
        "earningspersharediluted": -0.17,
        "weightedaveragenumberofdilutedsharesoutstanding": 843000000,
        "commonstockdividendspersharedeclared": 0.35
    },
    {
        "date": "2012-03-30",
        "symbol": "KMI",
        "period": "Q1",
        "othercomprehensiveincomeunrealizedgainlossonderivativesarisingduringperiodtaxattributabletoparent": -22000000,
        "othercomprehensiveincomereclassificationadjustmentonderivativesincludedinnetincometaxattributabletoparent": 6000000,
        "othercomprehensiveincomeforeigncurrencytranslationadjustmenttaxportionattributabletoparent": 7000000,
        "comprehensiveincomeunrealizedgainlossonderivativesarisingduringperiodtaxattributabletononcontrollinginterests": -5000000,
        "othercomprehensiveincomereclassificationadjustmentonderivativesincludedinnetincometaxattributabletononcontrollinginterests": 1000000,
        "othercomprehensiveincomeforeigncurrencytranslationadjustmenttaxportionattributabletononcontrollinginterest": 2000000,
        "othercomprehensiveincomeunrealizedgainlossonderivativesarisingduringperiodtax": -27000000,
        "othercomprehensiveincomereclassificationadjustmentonderivativesincludedinnetincometax": 7000000,
        "othercomprehensiveincomeforeigncurrencytranslationadjustmenttax": 9000000,
        "naturalgasrevenue": 584000000,
        "salesrevenueservicesnet": 761000000,
        "productsalesandother": 512000000,
        "revenues": 1857000000,
        "gaspurchasesandothercostsofsales": 580000000,
        "operationsandmaintenance": 306000000,
        "depreciationdepletionandamortization": 274000000,
        "generalandadministrativeexpense": 129000000,
        "taxesexcludingincomeandexcisetaxes": 50000000,
        "otheroperatingincome": -2000000,
        "costsandexpenses": 1341000000,
        "operatingincomeloss": 516000000,
        "incomelossfromequitymethodinvestments": 65000000,
        "otherdepreciationandamortization": 2000000,
        "interestexpense": 184000000,
        "investmentincomeinterest": 5000000,
        "othernonoperatingincomeexpense": 1000000,
        "nonoperatingincomeexpense": -115000000,
        "incomelossfromcontinuingoperationsbeforeincometaxesextraordinaryitemsnoncontrollinginterest": 401000000,
        "incometaxexpensebenefit": 96000000,
        "incomelossfromcontinuingoperationsincludingportionattributabletononcontrollinginterest": 305000000,
        "discontinuedoperationincomelossfromdiscontinuedoperationduringphaseoutperiodbeforeincometax": 50000000,
        "lossonremeasurementofassetsofdisposalgrouptofairvaluenetoftax": -428000000,
        "incomelossfromdiscontinuedoperationsnetoftax": -378000000,
        "profitloss": -73000000,
        "netincomelossattributabletononcontrollinginterest": -94000000,
        "netincomeloss": 21000000,
        "incomelossfromcontinuingoperationsperbasicshare": 0.21,
        "incomelossfromdiscontinuedoperationsnetoftaxperbasicshare": -0.2,
        "earningspersharebasic": 0.01,
        "weightedaveragenumberofsharesoutstandingbasic": 536000000,
        "incomelossfromcontinuingoperationsperdilutedshare": 0.21,
        "incomelossfromdiscontinuedoperationsnetoftaxperdilutedshare": -0.2,
        "earningspersharediluted": 0.01,
        "weightedaveragenumberofdilutedsharesoutstanding": 536000000,
        "commonstockdividendspersharedeclared": 0.32,
        "othercomprehensiveincomeunrealizedgainlossonderivativesarisingduringperiodnetoftaxportionattributabletoparent": -34000000,
        "othercomprehensiveincomereclassificationadjustmentonderivativesincludedinnetincomenetoftaxportionattributabletoparent": -9000000,
        "othercomprehensiveincomeforeigncurrencytransactionandtranslationadjustmentnetoftaxportionattributabletoparent": 12000000,
        "othercomprehensiveincomelossnetoftaxportionattributabletoparent": -13000000,
        "comprehensiveincomenetoftax": 8000000,
        "othercomprehensiveincomeunrealizedgainlossonderivativesarisingduringperiodnetoftaxattributabletononcontrollinginterest": -52000000,
        "othercomprehensiveincomereclassificationadjustmentonderivativesincludedinnetincomenetoftaxattributabletononcontrollinginterest": -14000000,
        "othercomprehensiveincomeforeigncurrencytransactionandtranslationadjustmentnetoftaxportionattributabletononcontrollinginterest": 17000000,
        "othercomprehensiveincomelossnetoftaxportionattributabletononcontrollinginterest": -21000000,
        "comprehensiveincomenetoftaxattributabletononcontrollinginterest": -115000000,
        "othercomprehensiveincomeunrealizedgainlossonderivativesarisingduringperiodnetoftax": -86000000,
        "othercomprehensiveincomereclassificationadjustmentonderivativesincludedinnetincomenetoftax": 23000000,
        "othercomprehensiveincomeforeigncurrencytransactionandtranslationadjustmentnetoftaxperiodincreasedecrease": 29000000,
        "othercomprehensiveincomelossnetoftaxperiodincreasedecrease": -34000000,
        "comprehensiveincomenetoftaxincludingportionattributabletononcontrollinginterest": -107000000
    },
    {
        "date": "2011-09-29",
        "symbol": "KMI",
        "period": "Q3",
        "naturalgasrevenue": 938900000,
        "salesrevenueservicesnet": 780100000,
        "productsalesandother": 487000000,
        "revenues": 2206000000,
        "gaspurchasesandothercostsofsales": 942500000,
        "operationsandmaintenance": 411900000,
        "depreciationdepletionandamortization": 287800000,
        "generalandadministrativeexpense": 109100000,
        "taxesexcludingincomeandexcisetaxes": 39000000,
        "otheroperatingincome": -200000,
        "costsandexpenses": 1790500000,
        "operatingincomeloss": 415500000,
        "incomelossfromequitymethodinvestments": 71000000,
        "otherdepreciationandamortization": 1800000,
        "interestexpense": 177400000,
        "investmentincomeinterest": 8000000,
        "lossonremeasurementofpreviouslyheldequityinterestinkinderhawk": -167200000,
        "othernonoperatingincomeexpense": 3000000,
        "nonoperatingincomeexpense": -264400000,
        "incomelossfromcontinuingoperationsbeforeincometaxesextraordinaryitemsnoncontrollinginterest": 151100000,
        "incometaxexpensebenefit": 66500000,
        "incomelossfromcontinuingoperationsincludingportionattributabletononcontrollinginterest": 84600000,
        "incomelossfromdiscontinuedoperationsnetoftax": -400000,
        "profitloss": 84200000,
        "netincomelossattributabletononcontrollinginterest": -67300000,
        "netincomeloss": 151500000,
        "earningspersharebasic": 0.19,
        "weightedaveragenumberofsharesoutstandingbasic": 596100000,
        "earningspersharediluted": 0.19,
        "weightedaveragenumberofdilutedsharesoutstanding": 596100000,
        "commonstockdividendspersharedeclared": 0.3
    }
]