[
    {
        "date": "2024-09-29",
        "symbol": "WMB",
        "period": "Q3",
        "revenues": 4018000000,
        "costofgoodsandserviceexcludingdepreciationdepletionandamortization": -921000000,
        "operatingcostsandexpenses": 580000000,
        "depreciationdepletionandamortization": 566000000,
        "sellinggeneralandadministrativeexpense": 170000000,
        "otheroperatingincomeexpensenet": 25000000,
        "costsandexpenses": 1815000000,
        "operatingincomeloss": 838000000,
        "incomelossfromequitymethodinvestments": 147000000,
        "investmentincomenonoperating": 290000000,
        "othernonoperatingincomeexpense": 31000000,
        "incomelossfromcontinuingoperationsbeforeincometaxesextraordinaryitemsnoncontrollinginterest": 968000000,
        "incometaxexpensebenefit": 227000000,
        "profitloss": 741000000,
        "netincomelossattributabletononcontrollinginterest": 35000000,
        "netincomeloss": 706000000,
        "netincomelossavailabletocommonstockholdersbasic": 705000000,
        "earningspersharebasic": 0.5800000000000001,
        "weightedaveragenumberofsharesoutstandingbasic": 1219021000,
        "earningspersharediluted": 0.5800000000000001,
        "weightedaveragenumberofdilutedsharesoutstanding": 1222444000,
        "othercomprehensiveincomelosscashflowhedgegainlossbeforereclassificationaftertax": -13000000,
        "comprehensiveincomenetoftaxincludingportionattributabletononcontrollinginterest": 728000000,
        "comprehensiveincomenetoftaxattributabletononcontrollinginterest": 35000000,
        "comprehensiveincomenetoftax": 693000000,
        "othercomprehensiveincomelosscashflowhedgegainlossbeforereclassificationtax": -4000000
    },
    {
        "date": "2024-06-29",
        "symbol": "WMB",
        "period": "Q2",
        "revenues": 1837000000,
        "costofgoodsandserviceexcludingdepreciationdepletionandamortization": 424000000,
        "operatingcostsandexpenses": 522000000,
        "depreciationdepletionandamortization": 540000000,
        "sellinggeneralandadministrativeexpense": 164000000,
        "otheroperatingincomeexpensenet": 27000000,
        "costsandexpenses": 1640000000,
        "operatingincomeloss": 696000000,
        "incomelossfromequitymethodinvestments": 147000000,
        "investmentincomenonoperating": 18000000,
        "interestcostsincurred": 339000000,
        "othernonoperatingincomeexpense": 33000000,
        "incomelossfromcontinuingoperationsbeforeincometaxesextraordinaryitemsnoncontrollinginterest": 555000000,
        "incometaxexpensebenefit": 129000000,
        "profitloss": 426000000,
        "netincomelossattributabletononcontrollinginterest": 25000000,
        "netincomeloss": 401000000,
        "preferredstockdividendsincomestatementimpact": 0,
        "netincomelossavailabletocommonstockholdersbasic": 401000000,
        "earningspersharebasic": 0.32999999999999996,
        "weightedaveragenumberofsharesoutstandingbasic": 1218761000,
        "earningspersharediluted": 0.31999999999999995,
        "weightedaveragenumberofdilutedsharesoutstanding": 1222229000,
        "othercomprehensiveincomelosscashflowhedgegainlossbeforereclassificationaftertax": 4000000,
        "othercomprehensiveincomelosscashflowhedgegainlossreclassificationaftertax": 0,
        "othercomprehensiveincomelossnetoftax": 3000000,
        "comprehensiveincomenetoftaxincludingportionattributabletononcontrollinginterest": 429000000,
        "comprehensiveincomenetoftaxattributabletononcontrollinginterest": 25000000,
        "comprehensiveincomenetoftax": 404000000,
        "othercomprehensiveincomelosscashflowhedgegainlossbeforereclassificationtax": 2000000
    },
    {
        "date": "2024-03-30",
        "symbol": "WMB",
        "period": "Q1",
        "revenues": 1905000000,
        "costofgoodsandserviceexcludingdepreciationdepletionandamortization": 526000000,
        "operatingcostsandexpenses": 511000000,
        "depreciationdepletionandamortization": 548000000,
        "sellinggeneralandadministrativeexpense": 186000000,
        "otheroperatingincomeexpensenet": 17000000,
        "costsandexpenses": 1759000000,
        "operatingincomeloss": 1012000000,
        "incomelossfromequitymethodinvestments": 137000000,
        "investmentincomenonoperating": 24000000,
        "interestcostsincurred": 349000000,
        "othernonoperatingincomeexpense": 31000000,
        "incomelossfromcontinuingoperationsbeforeincometaxesextraordinaryitemsnoncontrollinginterest": 855000000,
        "incometaxexpensebenefit": 193000000,
        "profitloss": 662000000,
        "netincomelossattributabletononcontrollinginterest": 30000000,
        "netincomeloss": 632000000,
        "preferredstockdividendsincomestatementimpact": 1000000,
        "netincomelossavailabletocommonstockholdersbasic": 631000000,
        "earningspersharebasic": 0.52,
        "weightedaveragenumberofsharesoutstandingbasic": 1218155000,
        "earningspersharediluted": 0.52,
        "weightedaveragenumberofdilutedsharesoutstanding": 1222222000,
        "othercomprehensiveincomelosscashflowhedgegainlossbeforereclassificationaftertax": 11000000,
        "othercomprehensiveincomelosscashflowhedgegainlossreclassificationaftertax": 1000000,
        "othercomprehensiveincomelossnetoftax": 10000000,
        "comprehensiveincomenetoftaxincludingportionattributabletononcontrollinginterest": 672000000,
        "comprehensiveincomenetoftaxattributabletononcontrollinginterest": 30000000,
        "comprehensiveincomenetoftax": 642000000,
        "othercomprehensiveincomelosscashflowhedgegainlossbeforereclassificationtax": 3000000
    },
    {
        "date": "2023-12-30",
        "symbol": "WMB",
        "period": "Q4",
        "revenues": 1814000000,
        "costofgoodsandserviceexcludingdepreciationdepletionandamortization": 426000000,
        "operatingcostsandexpenses": 518000000,
        "depreciationdepletionandamortization": 529000000,
        "sellinggeneralandadministrativeexpense": 182000000,
        "otheroperatingincomeexpensenet": -19000000,
        "costsandexpenses": 1697000000,
        "operatingincomeloss": 1087000000,
        "incomelossfromequitymethodinvestments": 155000000,
        "investmentincomenonoperating": 63000000,
        "interestcostsincurred": 283000000,
        "othernonoperatingincomeexpense": 30000000,
        "incomelossfromcontinuingoperationsbeforeincometaxesextraordinaryitemsnoncontrollinginterest": 1547000000,
        "incometaxexpensebenefit": 370000000,
        "profitloss": 1168000000,
        "netincomelossattributabletononcontrollinginterest": 30000000,
        "netincomeloss": 1138000000,
        "netincomelossavailabletocommonstockholdersbasic": 1137000000,
        "earningspersharebasic": 0.9400000000000002,
        "weightedaveragenumberofsharesoutstandingbasic": 1217784000,
        "earningspersharediluted": 0.9300000000000002,
        "weightedaveragenumberofdilutedsharesoutstanding": 1222715000,
        "othercomprehensiveincomelosscashflowhedgegainlossbeforereclassificationaftertax": -46000000,
        "othercomprehensiveincomelossnetoftax": -47000000,
        "comprehensiveincomenetoftaxincludingportionattributabletononcontrollinginterest": 1121000000,
        "comprehensiveincomenetoftaxattributabletononcontrollinginterest": 30000000,
        "comprehensiveincomenetoftax": 1091000000,
        "othercomprehensiveincomelosscashflowhedgegainlossbeforereclassificationtax": -15000000
    },
    {
        "date": "2023-09-29",
        "symbol": "WMB",
        "period": "Q3",
        "revenues": 5567000000,
        "costofgoodsandserviceexcludingdepreciationdepletionandamortization": 1360000000,
        "operatingcostsandexpenses": 522000000,
        "depreciationdepletionandamortization": 521000000,
        "sellinggeneralandadministrativeexpense": 146000000,
        "otheroperatingincomeexpensenet": 9000000,
        "costsandexpenses": 1565000000,
        "operatingincomeloss": 994000000,
        "incomelossfromequitymethodinvestments": 127000000,
        "investmentincomenonoperating": 24000000,
        "interestcostsincurred": 330000000,
        "interestcostscapitalizedadjustment": 16000000,
        "othernonoperatingincomeexpense": 30000000,
        "incomelossfromcontinuingoperationsbeforeincometaxesextraordinaryitemsnoncontrollinginterest": 861000000,
        "incometaxexpensebenefit": 176000000,
        "profitloss": 2071000000,
        "netincomelossattributabletononcontrollinginterest": 30000000,
        "netincomeloss": 654000000,
        "netincomelossavailabletocommonstockholdersbasic": 653000000,
        "earningspersharebasic": 0.53,
        "weightedaveragenumberofsharesoutstandingbasic": -543000,
        "earningspersharediluted": 0.54,
        "weightedaveragenumberofdilutedsharesoutstanding": -779000,
        "othercomprehensiveincomelosscashflowhedgegainlossbeforereclassificationaftertax": 36000000,
        "othercomprehensiveincomelossnetoftax": 36000000,
        "comprehensiveincomenetoftaxincludingportionattributabletononcontrollinginterest": 720000000,
        "comprehensiveincomenetoftaxattributabletononcontrollinginterest": 30000000,
        "comprehensiveincomenetoftax": 690000000,
        "othercomprehensiveincomelosscashflowhedgegainlossbeforereclassificationtax": 12000000
    },
    {
        "date": "2023-06-29",
        "symbol": "WMB",
        "period": "Q2",
        "revenues": -169000000,
        "costofgoodsandserviceexcludingdepreciationdepletionandamortization": 44000000,
        "operatingcostsandexpenses": 481000000,
        "depreciationdepletionandamortization": 515000000,
        "sellinggeneralandadministrativeexpense": 161000000,
        "otheroperatingincomeexpensenet": 9000000,
        "costsandexpenses": 1613000000,
        "operatingincomeloss": 870000000,
        "incomelossfromequitymethodinvestments": 160000000,
        "investmentincomenonoperating": 13000000,
        "interestcostsincurred": 319000000,
        "interestcostscapitalizedadjustment": 13000000,
        "othernonoperatingincomeexpense": 19000000,
        "incomelossfromcontinuingoperationsbeforeincometaxesextraordinaryitemsnoncontrollinginterest": 756000000,
        "incometaxexpensebenefit": 175000000,
        "profitloss": 34000000,
        "netincomelossattributabletononcontrollinginterest": 34000000,
        "netincomeloss": 460000000,
        "preferredstockdividendsincomestatementimpact": 0,
        "netincomelossavailabletocommonstockholdersbasic": 460000000,
        "earningspersharebasic": 0.3799999999999999,
        "weightedaveragenumberofsharesoutstandingbasic": -901000,
        "earningspersharediluted": 0.3699999999999999,
        "weightedaveragenumberofdilutedsharesoutstanding": -2352000,
        "othercomprehensiveincomelosscashflowhedgegainlossbeforereclassificationaftertax": 16000000,
        "othercomprehensiveincomelossreclassificationadjustmentfromaocipensionandotherpostretirementbenefitplansfornetgainlossnetoftax": 0,
        "othercomprehensiveincomelossnetoftax": 15000000,
        "comprehensiveincomenetoftaxincludingportionattributabletononcontrollinginterest": 509000000,
        "comprehensiveincomenetoftaxattributabletononcontrollinginterest": 34000000,
        "comprehensiveincomenetoftax": 475000000,
        "othercomprehensiveincomelosscashflowhedgegainlossbeforereclassificationtax": 4000000
    },
    {
        "date": "2023-03-30",
        "symbol": "WMB",
        "period": "Q1",
        "revenues": -186000000,
        "costofgoodsandserviceexcludingdepreciationdepletionandamortization": 54000000,
        "operatingcostsandexpenses": 463000000,
        "depreciationdepletionandamortization": 506000000,
        "sellinggeneralandadministrativeexpense": 176000000,
        "otheroperatingincomeexpensenet": 31000000,
        "costsandexpenses": 1721000000,
        "operatingincomeloss": 1360000000,
        "incomelossfromequitymethodinvestments": 147000000,
        "investmentincomenonoperating": 8000000,
        "interestcostsincurred": 304000000,
        "interestcostscapitalizedadjustment": 10000000,
        "othernonoperatingincomeexpense": 20000000,
        "incomelossfromcontinuingoperationsbeforeincometaxesextraordinaryitemsnoncontrollinginterest": 1241000000,
        "incometaxexpensebenefit": 284000000,
        "profitloss": 30000000,
        "netincomelossattributabletononcontrollinginterest": 30000000,
        "netincomeloss": 927000000,
        "preferredstockdividendsincomestatementimpact": 1000000,
        "netincomelossavailabletocommonstockholdersbasic": 926000000,
        "earningspersharebasic": 0.76,
        "weightedaveragenumberofsharesoutstandingbasic": 1219465000,
        "earningspersharediluted": 0.76,
        "weightedaveragenumberofdilutedsharesoutstanding": 1225781000,
        "othercomprehensiveincomelosscashflowhedgegainlossbeforereclassificationaftertax": 20000000,
        "othercomprehensiveincomelossreclassificationadjustmentfromaocipensionandotherpostretirementbenefitplansfornetgainlossnetoftax": -1000000,
        "othercomprehensiveincomelossnetoftax": 21000000,
        "comprehensiveincomenetoftaxincludingportionattributabletononcontrollinginterest": 978000000,
        "comprehensiveincomenetoftaxattributabletononcontrollinginterest": 30000000,
        "comprehensiveincomenetoftax": 948000000,
        "othercomprehensiveincomelosscashflowhedgegainlossbeforereclassificationtax": 7000000
    },
    {
        "date": "2022-12-30",
        "symbol": "WMB",
        "period": "Q4",
        "revenues": -236000000,
        "costofgoodsandserviceexcludingdepreciationdepletionandamortization": -11000000,
        "operatingcostsandexpenses": 472000000,
        "depreciationdepletionandamortization": 505000000,
        "sellinggeneralandadministrativeexpense": 159000000,
        "otheroperatingincomeexpensenet": -14000000,
        "costsandexpenses": 1858000000,
        "operatingincomeloss": 1072000000,
        "incomelossfromequitymethodinvestments": 145000000,
        "investmentincomenonoperating": 12000000,
        "interestcostsincurred": 296000000,
        "interestcostscapitalizedadjustment": 7000000,
        "othernonoperatingincomeexpense": 13000000,
        "incomelossfromcontinuingoperationsbeforeincometaxesextraordinaryitemsnoncontrollinginterest": 953000000,
        "incometaxexpensebenefit": 256000000,
        "profitloss": 1062000000,
        "netincomelossattributabletononcontrollinginterest": 28000000,
        "netincomeloss": 669000000,
        "netincomelossavailabletocommonstockholdersbasic": 668000000,
        "earningspersharebasic": 0.5499999999999998,
        "weightedaveragenumberofsharesoutstandingbasic": -1218416000,
        "earningspersharediluted": 0.5399999999999998,
        "weightedaveragenumberofdilutedsharesoutstanding": -1221791000,
        "othercomprehensiveincomelosscashflowhedgegainlossbeforereclassificationaftertax": 0,
        "othercomprehensiveincomelossreclassificationadjustmentfromaocipensionandotherpostretirementbenefitplansfornetgainlossnetoftax": -4000000,
        "othercomprehensiveincomelossnetoftax": 3000000,
        "comprehensiveincomenetoftaxincludingportionattributabletononcontrollinginterest": 700000000,
        "comprehensiveincomenetoftaxattributabletononcontrollinginterest": 28000000,
        "comprehensiveincomenetoftax": 672000000,
        "othercomprehensiveincomelosscashflowhedgegainlossbeforereclassificationtax": 0
    },
    {
        "date": "2022-09-29",
        "symbol": "WMB",
        "period": "Q3",
        "revenues": -342000000,
        "costofgoodsandserviceexcludingdepreciationdepletionandamortization": 29000000,
        "operatingcostsandexpenses": 486000000,
        "depreciationdepletionandamortization": 500000000,
        "sellinggeneralandadministrativeexpense": 163000000,
        "otheroperatingincomeexpensenet": -33000000,
        "costsandexpenses": 2201000000,
        "operatingincomeloss": 820000000,
        "incomelossfromequitymethodinvestments": 193000000,
        "investmentincomenonoperating": 1000000,
        "interestcostsincurred": 296000000,
        "interestcostscapitalizedadjustment": 5000000,
        "othernonoperatingincomeexpense": -6000000,
        "incomelossfromcontinuingoperationsbeforeincometaxesextraordinaryitemsnoncontrollinginterest": 717000000,
        "incometaxexpensebenefit": 96000000,
        "profitloss": 21000000,
        "netincomelossattributabletononcontrollinginterest": 21000000,
        "netincomeloss": 600000000,
        "preferredstockdividendsincomestatementimpact": 1000000,
        "netincomelossavailabletocommonstockholdersbasic": 599000000,
        "earningspersharebasic": 0.49,
        "weightedaveragenumberofsharesoutstandingbasic": 1218964000,
        "earningspersharediluted": 0.49,
        "weightedaveragenumberofdilutedsharesoutstanding": 1222472000,
        "othercomprehensiveincomelosscashflowhedgegainlossbeforereclassificationaftertax": -8000000,
        "othercomprehensiveincomedefinedbenefitplansnetunamortizedgainlossarisingduringperiodnetoftax": 2000000,
        "othercomprehensiveincomelossreclassificationadjustmentfromaocipensionandotherpostretirementbenefitplansfornetgainlossnetoftax": -2000000,
        "othercomprehensiveincomelossnetoftax": -4000000,
        "comprehensiveincomenetoftaxincludingportionattributabletononcontrollinginterest": 617000000,
        "comprehensiveincomenetoftaxattributabletononcontrollinginterest": 21000000,
        "comprehensiveincomenetoftax": 596000000,
        "othercomprehensiveincomelosscashflowhedgegainlossbeforereclassificationtax": -3000000,
        "othercomprehensiveincomedefinedbenefitplansnetunamortizedgainlossarisingduringperiodtax": 1000000,
        "othercomprehensiveincomelossreclassificationadjustmentfromaocipensionandotherpostretirementbenefitplansfornetgainlosstax": -1000000
    },
    {
        "date": "2022-06-29",
        "symbol": "WMB",
        "period": "Q2",
        "revenues": -402000000,
        "costofgoodsandserviceexcludingdepreciationdepletionandamortization": 40000000,
        "operatingcostsandexpenses": 465000000,
        "depreciationdepletionandamortization": 506000000,
        "sellinggeneralandadministrativeexpense": 160000000,
        "otheroperatingincomeexpensenet": 10000000,
        "costsandexpenses": 2018000000,
        "operatingincomeloss": 472000000,
        "incomelossfromequitymethodinvestments": 163000000,
        "investmentincomenonoperating": 2000000,
        "interestcostsincurred": 286000000,
        "interestcostscapitalizedadjustment": 5000000,
        "othernonoperatingincomeexpense": 6000000,
        "incomelossfromcontinuingoperationsbeforeincometaxesextraordinaryitemsnoncontrollinginterest": 362000000,
        "incometaxexpensebenefit": -45000000,
        "profitloss": 7000000,
        "netincomelossattributabletononcontrollinginterest": 7000000,
        "netincomeloss": 400000000,
        "preferredstockdividendsincomestatementimpact": 0,
        "netincomelossavailabletocommonstockholdersbasic": 400000000,
        "earningspersharebasic": 0.33,
        "weightedaveragenumberofsharesoutstandingbasic": 874000,
        "earningspersharediluted": 0.33,
        "weightedaveragenumberofdilutedsharesoutstanding": 712000,
        "othercomprehensiveincomelosscashflowhedgegainlossbeforereclassificationaftertax": 2000000,
        "othercomprehensiveincomelossreclassificationadjustmentfromaocipensionandotherpostretirementbenefitplansfornetgainlossnetoftax": -3000000,
        "othercomprehensiveincomelossnetoftax": 8000000,
        "comprehensiveincomenetoftaxincludingportionattributabletononcontrollinginterest": 412000000,
        "comprehensiveincomenetoftaxattributabletononcontrollinginterest": 7000000,
        "comprehensiveincomenetoftax": 405000000,
        "othercomprehensiveincomelosscashflowhedgegainlossbeforereclassificationtax": 1000000,
        "othercomprehensiveincomelossreclassificationadjustmentfromaocipensionandotherpostretirementbenefitplansfornetgainlosstax": 0
    },
    {
        "date": "2022-03-30",
        "symbol": "WMB",
        "period": "Q1",
        "revenues": -349000000,
        "costofgoodsandserviceexcludingdepreciationdepletionandamortization": 30000000,
        "operatingcostsandexpenses": 394000000,
        "depreciationdepletionandamortization": 498000000,
        "sellinggeneralandadministrativeexpense": 154000000,
        "otheroperatingincomeexpensenet": 9000000,
        "costsandexpenses": 1870000000,
        "operatingincomeloss": 654000000,
        "incomelossfromequitymethodinvestments": 136000000,
        "investmentincomenonoperating": 1000000,
        "interestcostsincurred": 289000000,
        "interestcostscapitalizedadjustment": 3000000,
        "othernonoperatingincomeexpense": 5000000,
        "incomelossfromcontinuingoperationsbeforeincometaxesextraordinaryitemsnoncontrollinginterest": 510000000,
        "incometaxexpensebenefit": 118000000,
        "profitloss": 12000000,
        "netincomelossattributabletononcontrollinginterest": 12000000,
        "netincomeloss": 380000000,
        "preferredstockdividendsincomestatementimpact": 1000000,
        "netincomelossavailabletocommonstockholdersbasic": 379000000,
        "earningspersharebasic": 0.31,
        "weightedaveragenumberofsharesoutstandingbasic": 1216940000,
        "earningspersharediluted": 0.31,
        "weightedaveragenumberofdilutedsharesoutstanding": 1221279000,
        "othercomprehensiveincomelosscashflowhedgegainlossbeforereclassificationaftertax": 3000000,
        "othercomprehensiveincomelossreclassificationadjustmentfromaocipensionandotherpostretirementbenefitplansfornetgainlossnetoftax": -2000000,
        "othercomprehensiveincomelossnetoftax": 2000000,
        "comprehensiveincomenetoftaxincludingportionattributabletononcontrollinginterest": 397000000,
        "comprehensiveincomenetoftaxattributabletononcontrollinginterest": 12000000,
        "comprehensiveincomenetoftax": 385000000,
        "othercomprehensiveincomelosscashflowhedgegainlossbeforereclassificationtax": 1000000,
        "othercomprehensiveincomelossreclassificationadjustmentfromaocipensionandotherpostretirementbenefitplansfornetgainlosstax": -1000000
    },
    {
        "date": "2021-12-30",
        "symbol": "WMB",
        "period": "Q4",
        "revenues": -261000000,
        "costofgoodsandserviceexcludingdepreciationdepletionandamortization": 34000000,
        "operatingcostsandexpenses": 400000000,
        "depreciationdepletionandamortization": 454000000,
        "sellinggeneralandadministrativeexpense": 169000000,
        "otheroperatingincomeexpensenet": -2000000,
        "costsandexpenses": 2320000000,
        "operatingincomeloss": 937000000,
        "incomelossfromequitymethodinvestments": 185000000,
        "investmentincomenonoperating": 1000000,
        "interestcostsincurred": 298000000,
        "interestcostscapitalizedadjustment": 3000000,
        "othernonoperatingincomeexpense": 2000000,
        "incomelossfromcontinuingoperationsbeforeincometaxesextraordinaryitemsnoncontrollinginterest": 830000000,
        "incometaxexpensebenefit": 198000000,
        "profitloss": 971000000,
        "netincomelossattributabletononcontrollinginterest": 10000000,
        "netincomeloss": 622000000,
        "netincomelossavailabletocommonstockholdersbasic": 621000000,
        "earningspersharebasic": 0.5099999999999999,
        "weightedaveragenumberofsharesoutstandingbasic": -213000,
        "earningspersharediluted": 0.5099999999999999,
        "weightedaveragenumberofdilutedsharesoutstanding": 236000,
        "othercomprehensiveincomelosscashflowhedgegainlossbeforereclassificationaftertax": 3000000,
        "othercomprehensiveincomelosscashflowhedgegainlossreclassificationaftertax": -20000000,
        "othercomprehensiveincomelossreclassificationadjustmentfromaocipensionandotherpostretirementbenefitplansfornetgainlossnetoftax": -2000000,
        "othercomprehensiveincomelossnetoftax": 68000000,
        "comprehensiveincomenetoftaxincludingportionattributabletononcontrollinginterest": 708000000,
        "comprehensiveincomenetoftaxattributabletononcontrollinginterest": 10000000,
        "comprehensiveincomenetoftax": 698000000,
        "othercomprehensiveincomelosscashflowhedgegainlossbeforereclassificationtax": 0,
        "othercomprehensiveincomelossreclassificationadjustmentfromaocipensionandotherpostretirementbenefitplansfornetgainlosstax": -1000000
    },
    {
        "date": "2021-09-29",
        "symbol": "WMB",
        "period": "Q3",
        "revenues": 1506000000,
        "costofgoodsandserviceexcludingdepreciationdepletionandamortization": 1043000000,
        "operatingcostsandexpenses": 409000000,
        "depreciationdepletionandamortization": 487000000,
        "sellinggeneralandadministrativeexpense": 152000000,
        "otheroperatingincomeexpensenet": -1000000,
        "costsandexpenses": 2120000000,
        "operatingincomeloss": 355000000,
        "incomelossfromequitymethodinvestments": 157000000,
        "investmentincomenonoperating": 2000000,
        "interestcostsincurred": 295000000,
        "interestcostscapitalizedadjustment": 3000000,
        "othernonoperatingincomeexpense": 4000000,
        "incomelossfromcontinuingoperationsbeforeincometaxesextraordinaryitemsnoncontrollinginterest": 226000000,
        "incometaxexpensebenefit": 53000000,
        "profitloss": 173000000,
        "netincomelossattributabletononcontrollinginterest": 8000000,
        "netincomeloss": 165000000,
        "preferredstockdividendsincomestatementimpact": 1000000,
        "netincomelossavailabletocommonstockholdersbasic": 164000000,
        "earningspersharebasic": 0.14,
        "weightedaveragenumberofsharesoutstandingbasic": 1215434000,
        "earningspersharediluted": 0.13,
        "weightedaveragenumberofdilutedsharesoutstanding": 1217979000,
        "othercomprehensiveincomelosscashflowhedgegainlossbeforereclassificationaftertax": -17000000,
        "othercomprehensiveincomelosscashflowhedgegainlossreclassificationaftertax": -15000000,
        "othercomprehensiveincomelossreclassificationadjustmentfromaocipensionandotherpostretirementbenefitplansfornetgainlossnetoftax": -3000000,
        "othercomprehensiveincomelossnetoftax": 1000000,
        "comprehensiveincomenetoftaxincludingportionattributabletononcontrollinginterest": 174000000,
        "comprehensiveincomenetoftaxattributabletononcontrollinginterest": 8000000,
        "comprehensiveincomenetoftax": 166000000,
        "othercomprehensiveincomelosscashflowhedgegainlossbeforereclassificationtax": -5000000,
        "othercomprehensiveincomelosscashflowhedgegainlossreclassificationtax": -5000000,
        "othercomprehensiveincomelossreclassificationadjustmentfromaocipensionandotherpostretirementbenefitplansfornetgainlosstax": -1000000
    },
    {
        "date": "2021-06-29",
        "symbol": "WMB",
        "period": "Q2",
        "revenues": 1460000000,
        "costofgoodsandserviceexcludingdepreciationdepletionandamortization": 697000000,
        "operatingcostsandexpenses": 379000000,
        "depreciationdepletionandamortization": 463000000,
        "sellinggeneralandadministrativeexpense": 114000000,
        "otheroperatingincomeexpensenet": -12000000,
        "costsandexpenses": 1683000000,
        "operatingincomeloss": 600000000,
        "incomelossfromequitymethodinvestments": 135000000,
        "investmentincomenonoperating": 2000000,
        "interestcostsincurred": 301000000,
        "interestcostscapitalizedadjustment": 3000000,
        "othernonoperatingincomeexpense": 2000000,
        "incomelossfromcontinuingoperationsbeforeincometaxesextraordinaryitemsnoncontrollinginterest": 441000000,
        "incometaxexpensebenefit": 119000000,
        "profitloss": 322000000,
        "netincomelossattributabletononcontrollinginterest": 18000000,
        "netincomeloss": 304000000,
        "netincomelossavailabletocommonstockholdersbasic": 304000000,
        "earningspersharebasic": 0.25,
        "weightedaveragenumberofsharesoutstandingbasic": 1215250000,
        "earningspersharediluted": 0.25,
        "weightedaveragenumberofdilutedsharesoutstanding": 1217476000,
        "othercomprehensiveincomelosscashflowhedgegainlossbeforereclassificationaftertax": -17000000,
        "othercomprehensiveincomelosscashflowhedgegainlossreclassificationaftertax": -4000000,
        "othercomprehensiveincomelossreclassificationadjustmentfromaocipensionandotherpostretirementbenefitplansfornetgainlossnetoftax": -3000000,
        "othercomprehensiveincomelossnetoftax": -10000000,
        "comprehensiveincomenetoftaxincludingportionattributabletononcontrollinginterest": 312000000,
        "comprehensiveincomenetoftaxattributabletononcontrollinginterest": 18000000,
        "comprehensiveincomenetoftax": 294000000,
        "othercomprehensiveincomelosscashflowhedgegainlossbeforereclassificationtax": -7000000,
        "othercomprehensiveincomelosscashflowhedgegainlossreclassificationtax": -2000000,
        "othercomprehensiveincomelossreclassificationadjustmentfromaocipensionandotherpostretirementbenefitplansfornetgainlosstax": -1000000
    },
    {
        "date": "2021-03-30",
        "symbol": "WMB",
        "period": "Q1",
        "revenues": 1452000000,
        "costofgoodsandserviceexcludingdepreciationdepletionandamortization": 932000000,
        "operatingcostsandexpenses": 360000000,
        "depreciationdepletionandamortization": 438000000,
        "sellinggeneralandadministrativeexpense": 123000000,
        "otheroperatingincomeexpensenet": 1000000,
        "costsandexpenses": 1873000000,
        "operatingincomeloss": 739000000,
        "incomelossfromequitymethodinvestments": 131000000,
        "investmentincomenonoperating": 2000000,
        "interestcostsincurred": 296000000,
        "interestcostscapitalizedadjustment": 2000000,
        "othernonoperatingincomeexpense": -2000000,
        "incomelossfromcontinuingoperationsbeforeincometaxesextraordinaryitemsnoncontrollinginterest": 576000000,
        "incometaxexpensebenefit": 141000000,
        "profitloss": 435000000,
        "netincomelossattributabletononcontrollinginterest": 9000000,
        "netincomeloss": 426000000,
        "preferredstockdividendsincomestatementimpact": 1000000,
        "netincomelossavailabletocommonstockholdersbasic": 425000000,
        "earningspersharebasic": 0.35,
        "weightedaveragenumberofsharesoutstandingbasic": 1214646000,
        "earningspersharediluted": 0.35,
        "weightedaveragenumberofdilutedsharesoutstanding": 1217211000,
        "othercomprehensiveincomelosscashflowhedgegainlossbeforereclassificationaftertax": -9000000,
        "othercomprehensiveincomelosscashflowhedgegainlossreclassificationaftertax": -2000000,
        "othercomprehensiveincomelossreclassificationadjustmentfromaocipensionandotherpostretirementbenefitplansfornetgainlossnetoftax": -3000000,
        "othercomprehensiveincomelossnetoftax": -4000000,
        "comprehensiveincomenetoftaxincludingportionattributabletononcontrollinginterest": 431000000,
        "comprehensiveincomenetoftaxattributabletononcontrollinginterest": 9000000,
        "comprehensiveincomenetoftax": 422000000,
        "othercomprehensiveincomelosscashflowhedgegainlossbeforereclassificationtax": -2000000,
        "othercomprehensiveincomelossreclassificationadjustmentfromaocipensionandotherpostretirementbenefitplansfornetgainlosstax": -1000000
    },
    {
        "date": "2020-12-30",
        "symbol": "WMB",
        "period": "Q4",
        "revenues": 1525000000,
        "costofgoodsandserviceexcludingdepreciationdepletionandamortization": 498000000,
        "operatingcostsandexpenses": 333000000,
        "depreciationdepletionandamortization": 436000000,
        "sellinggeneralandadministrativeexpense": 112000000,
        "otheroperatingincomeexpensenet": 6000000,
        "costsandexpenses": 1574000000,
        "operatingincomeloss": 518000000,
        "incomelossfromequitymethodinvestments": 92000000,
        "investmentincomenonoperating": 2000000,
        "interestcostsincurred": 294000000,
        "interestcostscapitalizedadjustment": 4000000,
        "othernonoperatingincomeexpense": -29000000,
        "incomelossfromcontinuingoperationsbeforeincometaxesextraordinaryitemsnoncontrollinginterest": 185000000,
        "incometaxexpensebenefit": 55000000,
        "profitloss": 130000000,
        "netincomelossattributabletononcontrollinginterest": 14000000,
        "netincomeloss": 116000000,
        "netincomelossavailabletocommonstockholdersbasic": 115000000,
        "earningspersharebasic": 0.09000000000000002,
        "weightedaveragenumberofsharesoutstandingbasic": 119000,
        "earningspersharediluted": 0.09000000000000002,
        "weightedaveragenumberofdilutedsharesoutstanding": 408000,
        "othercomprehensiveincomedefinedbenefitplansnetunamortizedgainlossarisingduringperiodnetoftax": 61000000,
        "othercomprehensiveincomelossreclassificationadjustmentfromaocipensionandotherpostretirementbenefitplansfornetgainlossnetoftax": -4000000,
        "othercomprehensiveincomelossnetoftax": 64000000,
        "comprehensiveincomenetoftaxincludingportionattributabletononcontrollinginterest": 194000000,
        "comprehensiveincomenetoftaxattributabletononcontrollinginterest": 14000000,
        "comprehensiveincomenetoftax": 180000000,
        "othercomprehensiveincomedefinedbenefitplansnetunamortizedgainlossarisingduringperiodtax": 20000000,
        "othercomprehensiveincomelossreclassificationadjustmentfromaocipensionandotherpostretirementbenefitplansfornetgainlosstax": -1000000
    },
    {
        "date": "2020-09-29",
        "symbol": "WMB",
        "period": "Q3",
        "revenues": 1479000000,
        "costofgoodsandserviceexcludingdepreciationdepletionandamortization": 380000000,
        "operatingcostsandexpenses": 336000000,
        "depreciationdepletionandamortization": 426000000,
        "sellinggeneralandadministrativeexpense": 114000000,
        "otheroperatingincomeexpensenet": -15000000,
        "costsandexpenses": 1292000000,
        "operatingincomeloss": 641000000,
        "incomelossfromequitymethodinvestments": 106000000,
        "investmentincomenonoperating": 2000000,
        "interestcostsincurred": 298000000,
        "interestcostscapitalizedadjustment": 6000000,
        "othernonoperatingincomeexpense": -23000000,
        "incomelossfromcontinuingoperationsbeforeincometaxesextraordinaryitemsnoncontrollinginterest": 434000000,
        "incometaxexpensebenefit": 111000000,
        "profitloss": 323000000,
        "netincomelossattributabletononcontrollinginterest": 14000000,
        "netincomeloss": 309000000,
        "netincomelossavailabletocommonstockholdersbasic": 308000000,
        "earningspersharebasic": 0.26,
        "weightedaveragenumberofsharesoutstandingbasic": 202000,
        "earningspersharediluted": 0.26,
        "weightedaveragenumberofdilutedsharesoutstanding": 1447000,
        "othercomprehensiveincomedefinedbenefitplansnetunamortizedgainlossarisingduringperiodnetoftax": 11000000,
        "othercomprehensiveincomelossreclassificationadjustmentfromaocipensionandotherpostretirementbenefitplansfornetgainlossnetoftax": -5000000,
        "othercomprehensiveincomelossnetoftax": 16000000,
        "comprehensiveincomenetoftaxincludingportionattributabletononcontrollinginterest": 339000000,
        "comprehensiveincomenetoftaxattributabletononcontrollinginterest": 14000000,
        "comprehensiveincomenetoftax": 325000000,
        "othercomprehensiveincomedefinedbenefitplansnetunamortizedgainlossarisingduringperiodtax": 4000000,
        "othercomprehensiveincomelossreclassificationadjustmentfromaocipensionandotherpostretirementbenefitplansfornetgainlosstax": -1000000
    },
    {
        "date": "2020-06-29",
        "symbol": "WMB",
        "period": "Q2",
        "othercomprehensiveincomedefinedbenefitplansnetunamortizedgainlossarisingduringperiodtax": 7000000,
        "othercomprehensiveincomelossreclassificationadjustmentfromaocipensionandotherpostretirementbenefitplansfornetgainlosstax": -3000000,
        "profitloss": 315000000,
        "othercomprehensiveincomedefinedbenefitplansnetunamortizedgainlossarisingduringperiodnetoftax": 23000000,
        "othercomprehensiveincomelossreclassificationadjustmentfromaocipensionandotherpostretirementbenefitplansfornetgainlossnetoftax": -6000000,
        "othercomprehensiveincomelossnetoftax": 29000000,
        "comprehensiveincomenetoftaxincludingportionattributabletononcontrollinginterest": 344000000,
        "comprehensiveincomenetoftaxattributabletononcontrollinginterest": 12000000,
        "comprehensiveincomenetoftax": 332000000,
        "revenues": 1446000000,
        "costofgoodsandserviceexcludingdepreciationdepletionandamortization": 271000000,
        "operatingcostsandexpenses": 320000000,
        "depreciationdepletionandamortization": 430000000,
        "sellinggeneralandadministrativeexpense": 127000000,
        "goodwillimpairmentloss": 0,
        "otheroperatingincomeexpensenet": -6000000,
        "costsandexpenses": 1169000000,
        "operatingincomeloss": 612000000,
        "incomelossfromequitymethodinvestments": 108000000,
        "equitymethodinvestmentotherthantemporaryimpairment": 0,
        "investmentincomenonoperating": 1000000,
        "interestcostsincurred": 299000000,
        "interestcostscapitalizedadjustment": 5000000,
        "othernonoperatingincomeexpense": 5000000,
        "incomelossfromcontinuingoperationsbeforeincometaxesextraordinaryitemsnoncontrollinginterest": 432000000,
        "incometaxexpensebenefit": 117000000,
        "netincomelossattributabletononcontrollinginterest": 12000000,
        "netincomeloss": 303000000,
        "preferredstockdividendsincomestatementimpact": 0,
        "netincomelossavailabletocommonstockholdersbasic": 303000000,
        "earningspersharebasic": 0.25,
        "weightedaveragenumberofsharesoutstandingbasic": 291000,
        "earningspersharediluted": 0.25,
        "weightedaveragenumberofdilutedsharesoutstanding": 291000
    },
    {
        "date": "2020-03-30",
        "symbol": "WMB",
        "period": "Q1",
        "othercomprehensiveincomedefinedbenefitplansnetunamortizedgainlossarisingduringperiodtax": -4000000,
        "othercomprehensiveincomelossreclassificationadjustmentfromaocipensionandotherpostretirementbenefitplansfornetgainlosstax": -2000000,
        "profitloss": -570000000,
        "othercomprehensiveincomedefinedbenefitplansnetunamortizedgainlossarisingduringperiodnetoftax": -14000000,
        "othercomprehensiveincomelossreclassificationadjustmentfromaocipensionandotherpostretirementbenefitplansfornetgainlossnetoftax": -8000000,
        "othercomprehensiveincomelossnetoftax": -6000000,
        "comprehensiveincomenetoftaxincludingportionattributabletononcontrollinginterest": -576000000,
        "comprehensiveincomenetoftaxattributabletononcontrollinginterest": -53000000,
        "comprehensiveincomenetoftax": -523000000,
        "revenues": 1474000000,
        "costofgoodsandserviceexcludingdepreciationdepletionandamortization": 396000000,
        "operatingcostsandexpenses": 337000000,
        "depreciationdepletionandamortization": 429000000,
        "sellinggeneralandadministrativeexpense": 113000000,
        "goodwillimpairmentloss": 187000000,
        "otheroperatingincomeexpensenet": -7000000,
        "costsandexpenses": 1482000000,
        "operatingincomeloss": 431000000,
        "incomelossfromequitymethodinvestments": 22000000,
        "equitymethodinvestmentotherthantemporaryimpairment": 938000000,
        "investmentincomenonoperating": 3000000,
        "interestcostsincurred": 301000000,
        "interestcostscapitalizedadjustment": 5000000,
        "othernonoperatingincomeexpense": 4000000,
        "incomelossfromcontinuingoperationsbeforeincometaxesextraordinaryitemsnoncontrollinginterest": -774000000,
        "incometaxexpensebenefit": -204000000,
        "netincomelossattributabletononcontrollinginterest": -53000000,
        "netincomeloss": -517000000,
        "preferredstockdividendsincomestatementimpact": 1000000,
        "netincomelossavailabletocommonstockholdersbasic": -518000000,
        "earningspersharebasic": -0.43,
        "weightedaveragenumberofsharesoutstandingbasic": 1213019000,
        "earningspersharediluted": -0.43,
        "weightedaveragenumberofdilutedsharesoutstanding": 1213019000
    },
    {
        "date": "2019-12-30",
        "symbol": "WMB",
        "period": "Q4",
        "profitloss": -66000000,
        "othercomprehensiveincomelossreclassificationadjustmentfromaocipensionandotherpostretirementbenefitplansfornetgainlossnetoftax": -3000000,
        "othercomprehensiveincomelossnetoftax": 67000000,
        "comprehensiveincomenetoftaxincludingportionattributabletononcontrollinginterest": 1000000,
        "comprehensiveincomenetoftaxattributabletononcontrollinginterest": -190000000,
        "comprehensiveincomenetoftax": 191000000,
        "revenues": 1509000000,
        "operatingcostsandexpenses": 377000000,
        "depreciationdepletionandamortization": 439000000,
        "sellinggeneralandadministrativeexpense": 148000000,
        "otheroperatingincomeexpensenet": 22000000,
        "costsandexpenses": 1873000000,
        "operatingincomeloss": 234000000,
        "incomelossfromequitymethodinvestments": 115000000,
        "investmentincomenonoperating": -25000000,
        "interestcostsincurred": 303000000,
        "interestcostscapitalizedadjustment": 5000000,
        "othernonoperatingincomeexpense": 14000000,
        "incomelossfromcontinuingoperationsbeforeincometaxesextraordinaryitemsnoncontrollinginterest": 40000000,
        "incometaxexpensebenefit": 91000000,
        "netincomelossattributabletononcontrollinginterest": -190000000,
        "netincomeloss": 124000000,
        "netincomelossavailabletocommonstockholdersbasic": 123000000,
        "earningspersharebasic": 0.1,
        "weightedaveragenumberofsharesoutstandingbasic": 99000,
        "earningspersharediluted": 0.1,
        "weightedaveragenumberofdilutedsharesoutstanding": 68000
    },
    {
        "date": "2019-09-29",
        "symbol": "WMB",
        "period": "Q3",
        "othercomprehensiveincomelossreclassificationadjustmentfromaocipensionandotherpostretirementbenefitplansfornetgainlosstax": 0,
        "profitloss": 242000000,
        "othercomprehensiveincomelossreclassificationadjustmentfromaocipensionandotherpostretirementbenefitplansfornetgainlossnetoftax": -4000000,
        "othercomprehensiveincomelossnetoftax": -1000000,
        "comprehensiveincomenetoftaxincludingportionattributabletononcontrollinginterest": 241000000,
        "comprehensiveincomenetoftaxattributabletononcontrollinginterest": 21000000,
        "comprehensiveincomenetoftax": 220000000,
        "revenues": 329000000,
        "operatingcostsandexpenses": 364000000,
        "depreciationdepletionandamortization": 435000000,
        "sellinggeneralandadministrativeexpense": 130000000,
        "otheroperatingincomeexpensenet": 11000000,
        "costsandexpenses": 1371000000,
        "operatingincomeloss": 628000000,
        "incomelossfromequitymethodinvestments": 93000000,
        "investmentincomenonoperating": -107000000,
        "interestcostsincurred": 303000000,
        "interestcostscapitalizedadjustment": 7000000,
        "othernonoperatingincomeexpense": 1000000,
        "incomelossfromcontinuingoperationsbeforeincometaxesextraordinaryitemsnoncontrollinginterest": 319000000,
        "incometaxexpensebenefit": 77000000,
        "netincomelossattributabletononcontrollinginterest": 21000000,
        "netincomeloss": 221000000,
        "netincomelossavailabletocommonstockholdersbasic": 220000000,
        "earningspersharebasic": 0.17999999999999997,
        "weightedaveragenumberofsharesoutstandingbasic": 169000,
        "earningspersharediluted": 0.18999999999999997,
        "weightedaveragenumberofdilutedsharesoutstanding": 113000
    },
    {
        "date": "2019-06-29",
        "symbol": "WMB",
        "period": "Q2",
        "othercomprehensiveincomelossreclassificationadjustmentfromaocipensionandotherpostretirementbenefitplansfornetgainlosstax": -2000000,
        "profitloss": 343000000,
        "othercomprehensiveincomelossreclassificationadjustmentfromaocipensionandotherpostretirementbenefitplansfornetgainlossnetoftax": -2000000,
        "othercomprehensiveincomelossnetoftax": 2000000,
        "comprehensiveincomenetoftaxincludingportionattributabletononcontrollinginterest": 326000000,
        "comprehensiveincomenetoftaxattributabletononcontrollinginterest": 14000000,
        "comprehensiveincomenetoftax": 312000000,
        "revenuefromcontractwithcustomerexcludingassessedtax": 2049000000,
        "salesrevenueservicescommodityconsideration": 74000000,
        "revenues": 3211000000,
        "costofgoodsandservicessold": 483000000,
        "processingcommodityexpenses": 24000000,
        "operatingcostsandexpenses": 387000000,
        "depreciationdepletionandamortization": 424000000,
        "sellinggeneralandadministrativeexpense": 152000000,
        "otheroperatingincomeexpensenet": 3000000,
        "costsandexpenses": 1543000000,
        "operatingincomeloss": 498000000,
        "incomelossfromequitymethodinvestments": 87000000,
        "investmentincomenonoperating": 52000000,
        "interestcostsincurred": 306000000,
        "interestcostscapitalizedadjustment": 10000000,
        "othernonoperatingincomeexpense": 7000000,
        "incomelossfromcontinuingoperationsbeforeincometaxesextraordinaryitemsnoncontrollinginterest": 422000000,
        "incometaxexpensebenefit": 98000000,
        "netincomelossattributabletononcontrollinginterest": 14000000,
        "netincomeloss": 310000000,
        "preferredstockdividendsincomestatementimpact": 0,
        "netincomelossavailabletocommonstockholdersbasic": 310000000,
        "earningspersharebasic": 0.26,
        "weightedaveragenumberofsharesoutstandingbasic": 280000,
        "earningspersharediluted": 0.24999999999999997,
        "weightedaveragenumberofdilutedsharesoutstanding": 238000
    },
    {
        "date": "2019-03-30",
        "symbol": "WMB",
        "period": "Q1",
        "othercomprehensiveincomelossreclassificationadjustmentfromaocipensionandotherpostretirementbenefitplansfornetgainlosstax": -1000000,
        "profitloss": 195000000,
        "othercomprehensiveincomelossreclassificationadjustmentfromaocipensionandotherpostretirementbenefitplansfornetgainlossnetoftax": -3000000,
        "othercomprehensiveincomelossnetoftax": 3000000,
        "comprehensiveincomenetoftaxincludingportionattributabletononcontrollinginterest": 217000000,
        "comprehensiveincomenetoftaxattributabletononcontrollinginterest": 19000000,
        "comprehensiveincomenetoftax": 198000000,
        "revenuefromcontractwithcustomerexcludingassessedtax": 880000000,
        "salesrevenueservicescommodityconsideration": 46000000,
        "revenues": 884000000,
        "costofgoodsandservicessold": 525000000,
        "processingcommodityexpenses": 40000000,
        "operatingcostsandexpenses": 340000000,
        "depreciationdepletionandamortization": 416000000,
        "sellinggeneralandadministrativeexpense": 128000000,
        "otheroperatingincomeexpensenet": -44000000,
        "costsandexpenses": 1493000000,
        "operatingincomeloss": 561000000,
        "incomelossfromequitymethodinvestments": 80000000,
        "equitymethodinvestmentotherthantemporaryimpairment": 74000000,
        "investmentincomenonoperating": 1000000,
        "interestcostsincurred": 306000000,
        "interestcostscapitalizedadjustment": 10000000,
        "othernonoperatingincomeexpense": 11000000,
        "incomelossfromcontinuingoperationsbeforeincometaxesextraordinaryitemsnoncontrollinginterest": 283000000,
        "incometaxexpensebenefit": 69000000,
        "netincomelossattributabletononcontrollinginterest": 19000000,
        "netincomeloss": 195000000,
        "preferredstockdividendsincomestatementimpact": 1000000,
        "netincomelossavailabletocommonstockholdersbasic": 194000000,
        "earningspersharebasic": 0.16,
        "weightedaveragenumberofsharesoutstandingbasic": 1211489000,
        "earningspersharediluted": 0.16,
        "weightedaveragenumberofdilutedsharesoutstanding": 1213592000
    },
    {
        "date": "2018-09-29",
        "symbol": "WMB",
        "period": "Q3",
        "othercomprehensiveincomelossreclassificationadjustmentfromaocipensionandotherpostretirementbenefitplansfornetgainlosstax": -3000000,
        "profitloss": -5000000,
        "othercomprehensiveincomeunrealizedgainlossonderivativesarisingduringperiodnetoftax": -5000000,
        "othercomprehensiveincomelossreclassificationadjustmentfromaocipensionandotherpostretirementbenefitplansfornetgainlossnetoftax": -4000000,
        "othercomprehensiveincomelossnetoftax": 9000000,
        "comprehensiveincomenetoftaxincludingportionattributabletononcontrollinginterest": -260000000,
        "comprehensiveincomenetoftaxattributabletononcontrollinginterest": 320000000,
        "comprehensiveincomenetoftax": 7000000,
        "salesrevenueservicescommodityconsideration": -511000000,
        "revenues": -2310000000,
        "processingcommodityexpenses": -30000000,
        "operatingcostsandexpenses": 0,
        "depreciationdepletionandamortization": -433000000,
        "sellinggeneralandadministrativeexpense": 174000000,
        "otheroperatingincomeexpensenet": 6000000,
        "costsandexpenses": -77000000,
        "operatingincomeloss": 5000000,
        "incomelossfromequitymethodinvestments": -173000000,
        "investmentincomenonoperating": -4000000,
        "interestcostsincurred": -4000000,
        "interestcostscapitalizedadjustment": -3000000,
        "othernonoperatingincomeexpense": 52000000,
        "incomelossfromcontinuingoperationsbeforeincometaxesextraordinaryitemsnoncontrollinginterest": -314000000,
        "incometaxexpensebenefit": -50000000,
        "netincomelossattributabletononcontrollinginterest": -4000000,
        "netincomeloss": 7000000,
        "earningspersharebasic": -0.32999999999999996,
        "weightedaveragenumberofsharesoutstandingbasic": -761671000,
        "earningspersharediluted": -0.32999999999999996,
        "weightedaveragenumberofdilutedsharesoutstanding": -763982000,
        "commonstockdividendspersharedeclared": 0.3399999999999999
    },
    {
        "date": "2018-06-29",
        "symbol": "WMB",
        "period": "Q2",
        "othercomprehensiveincomeunrealizedgainlossonderivativesarisingduringperiodtax": -3000000,
        "othercomprehensiveincomelossreclassificationadjustmentfromaocionderivativestax": -1000000,
        "othercomprehensiveincomedefinedbenefitplansnetunamortizedgainlossarisingduringperiodtax": 1000000,
        "othercomprehensiveincomelossreclassificationadjustmentfromaocipensionandotherpostretirementbenefitplansfornetgainlosstax": -1000000,
        "profitloss": 269000000,
        "othercomprehensiveincomeunrealizedgainlossonderivativesarisingduringperiodnetoftax": -15000000,
        "othercomprehensiveincomelossreclassificationadjustmentfromaocionderivativesnetoftax": -3000000,
        "othercomprehensiveincomedefinedbenefitplansnetunamortizedgainlossarisingduringperiodnetoftax": 4000000,
        "othercomprehensiveincomelossreclassificationadjustmentfromaocipensionandotherpostretirementbenefitplansfornetgainlossnetoftax": -5000000,
        "othercomprehensiveincomelossnetoftax": -3000000,
        "comprehensiveincomenetoftaxincludingportionattributabletononcontrollinginterest": 266000000,
        "comprehensiveincomenetoftaxattributabletononcontrollinginterest": -1000000,
        "comprehensiveincomenetoftax": 1000000,
        "salesrevenueservicesnet": 1335000000,
        "salesrevenueservicescommodityconsideration": 94000000,
        "salesrevenuegoodsnet": 657000000,
        "revenues": 1065000000,
        "costofpurchasedoilandgas": -40000000,
        "processingcommodityexpenses": -26000000,
        "operatingcostsandexpenses": 4000000,
        "depreciationdepletionandamortization": 434000000,
        "sellinggeneralandadministrativeexpense": 130000000,
        "assetimpairmentcharges": 66000000,
        "otheroperatingincomeexpensenet": -1000000,
        "costsandexpenses": -62000000,
        "operatingincomeloss": 6000000,
        "incomelossfromequitymethodinvestments": 92000000,
        "investmentincomenonoperating": -9000000,
        "interestcostsincurred": -4000000,
        "interestcostscapitalizedadjustment": -1000000,
        "othernonoperatingincomeexpense": 26000000,
        "incomelossfromcontinuingoperationsbeforeincometaxesextraordinaryitemsnoncontrollinginterest": 321000000,
        "incometaxexpensebenefit": 52000000,
        "netincomelossattributabletononcontrollinginterest": -1000000,
        "netincomeloss": 1000000,
        "earningspersharebasic": 0.16,
        "weightedaveragenumberofsharesoutstandingbasic": 827868000,
        "earningspersharediluted": 0.16,
        "weightedaveragenumberofdilutedsharesoutstanding": 830107000,
        "commonstockdividendspersharedeclared": 0.34
    },
    {
        "date": "2018-03-30",
        "symbol": "WMB",
        "period": "Q1",
        "othercomprehensiveincomelossreclassificationadjustmentfromaocipensionandotherpostretirementbenefitplansfornetgainlosstax": -1000000,
        "profitloss": 152000000,
        "othercomprehensiveincomeunrealizedgainlossonderivativesarisingduringperiodnetoftax": 1000000,
        "othercomprehensiveincomelossreclassificationadjustmentfromaocipensionandotherpostretirementbenefitplansfornetgainlossnetoftax": -5000000,
        "othercomprehensiveincomelossnetoftax": 5000000,
        "comprehensiveincomenetoftaxincludingportionattributabletononcontrollinginterest": 5000000,
        "comprehensiveincomenetoftaxattributabletononcontrollinginterest": 2000000,
        "comprehensiveincomenetoftax": 3000000,
        "salesrevenueservicesnet": 1346000000,
        "salesrevenueservicescommodityconsideration": 101000000,
        "salesrevenuegoodsnet": 636000000,
        "revenues": 1031000000,
        "costofpurchasedoilandgas": -55000000,
        "processingcommodityexpenses": -35000000,
        "operatingcostsandexpenses": -1000000,
        "depreciationdepletionandamortization": 1000000,
        "sellinggeneralandadministrativeexpense": 132000000,
        "otheroperatingincomeexpensenet": -29000000,
        "costsandexpenses": -90000000,
        "operatingincomeloss": 4000000,
        "incomelossfromequitymethodinvestments": 82000000,
        "investmentincomenonoperating": 4000000,
        "interestcostsincurred": -3000000,
        "interestcostscapitalizedadjustment": -2000000,
        "othernonoperatingincomeexpense": 21000000,
        "incomelossfromcontinuingoperationsbeforeincometaxesextraordinaryitemsnoncontrollinginterest": 5000000,
        "incometaxexpensebenefit": -1000000,
        "netincomelossattributabletononcontrollinginterest": 2000000,
        "netincomeloss": 3000000,
        "earningspersharebasic": 0.18,
        "weightedaveragenumberofsharesoutstandingbasic": 827509000,
        "earningspersharediluted": 0.18,
        "weightedaveragenumberofdilutedsharesoutstanding": 830197000,
        "commonstockdividendspersharedeclared": 0.34
    },
    {
        "date": "2017-09-29",
        "symbol": "WMB",
        "period": "Q3",
        "othercomprehensiveincomeunrealizedgainlossonderivativesarisingduringperiodtax": -2000000,
        "othercomprehensiveincomelossreclassificationadjustmentfromaocionderivativestax": 1000000,
        "othercomprehensiveincomelossamortizationadjustmentfromaocipensionandotherpostretirementbenefitplansfornetpriorservicecostcredittax": -1000000,
        "othercomprehensiveincomelossreclassificationadjustmentfromaocipensionandotherpostretirementbenefitplansfornetgainlosstax": -2000000,
        "profitloss": 125000000,
        "othercomprehensiveincomeunrealizedgainlossonderivativesarisingduringperiodnetoftax": -9000000,
        "othercomprehensiveincomelossreclassificationadjustmentfromaocionderivativesnetoftax": -2000000,
        "othercomprehensiveincomelossreclassificationadjustmentfromaocipensionandotherpostretirementbenefitplansfornetgainlossnetoftax": -4000000,
        "othercomprehensiveincomelossnetoftax": -3000000,
        "comprehensiveincomenetoftaxincludingportionattributabletononcontrollinginterest": 122000000,
        "comprehensiveincomenetoftaxattributabletononcontrollinginterest": 89000000,
        "comprehensiveincomenetoftax": 33000000,
        "salesrevenueservicesnet": 1304000000,
        "salesrevenuegoodsnet": 581000000,
        "revenues": 1885000000,
        "costofpurchasedoilandgas": 504000000,
        "operatingcostsandexpenses": 400000000,
        "depreciationdepletionandamortization": 433000000,
        "sellinggeneralandadministrativeexpense": 138000000,
        "gainlossondispositionofassets1": 1095000000,
        "assetimpairmentcharges": 1019000000,
        "otheroperatingincomeexpensenet": -24000000,
        "costsandexpenses": 1614000000,
        "operatingincomeloss": 277000000,
        "incomelossfromequitymethodinvestments": 115000000,
        "investmentincomenonoperating": 4000000,
        "interestcostsincurred": 275000000,
        "interestcostscapitalizedadjustment": 8000000,
        "othernonoperatingincomeexpense": 20000000,
        "incomelossfromcontinuingoperationsbeforeincometaxesextraordinaryitemsnoncontrollinginterest": 149000000,
        "incometaxexpensebenefit": 24000000,
        "netincomelossattributabletononcontrollinginterest": 92000000,
        "netincomeloss": 33000000,
        "earningspersharebasic": 0.04,
        "weightedaveragenumberofsharesoutstandingbasic": 826779000,
        "earningspersharediluted": 0.04,
        "weightedaveragenumberofdilutedsharesoutstanding": 829368000,
        "commonstockdividendspersharedeclared": 0.3
    },
    {
        "date": "2017-06-29",
        "symbol": "WMB",
        "period": "Q2",
        "othercomprehensiveincomeunrealizedgainlossonderivativesarisingduringperiodtax": 0,
        "othercomprehensiveincomelossreclassificationadjustmentfromaocipensionandotherpostretirementbenefitplansfornetgainlosstax": -2000000,
        "profitloss": 81000000,
        "othercomprehensiveincomeunrealizedgainlossonderivativesarisingduringperiodnetoftax": 1000000,
        "othercomprehensiveincomelossamortizationadjustmentfromaocipensionandotherpostretirementbenefitplansfornetpriorservicecostcreditnetoftax": -1000000,
        "othercomprehensiveincomelossreclassificationadjustmentfromaocipensionandotherpostretirementbenefitplansfornetgainlossnetoftax": -5000000,
        "othercomprehensiveincomelossnetoftax": 3000000,
        "comprehensiveincomenetoftaxincludingportionattributabletononcontrollinginterest": 196000000,
        "comprehensiveincomenetoftaxattributabletononcontrollinginterest": 112000000,
        "comprehensiveincomenetoftax": 84000000,
        "salesrevenueservicesnet": 1276000000,
        "salesrevenuegoodsnet": 642000000,
        "revenues": 1919000000,
        "costofpurchasedoilandgas": 537000000,
        "operatingcostsandexpenses": 389000000,
        "depreciationdepletionandamortization": 433000000,
        "sellinggeneralandadministrativeexpense": 153000000,
        "otheroperatingincomeexpensenet": -5000000,
        "costsandexpenses": 1543000000,
        "operatingincomeloss": 381000000,
        "incomelossfromequitymethodinvestments": 125000000,
        "investmentincomenonoperating": 2000000,
        "interestcostsincurred": 280000000,
        "interestcostscapitalizedadjustment": 9000000,
        "othernonoperatingincomeexpense": 21000000,
        "incomelossfromcontinuingoperationsbeforeincometaxesextraordinaryitemsnoncontrollinginterest": 258000000,
        "incometaxexpensebenefit": -1000000,
        "netincomelossattributabletononcontrollinginterest": 112000000,
        "netincomeloss": 81000000,
        "earningspersharebasic": 0.10000000000000003,
        "weightedaveragenumberofsharesoutstandingbasic": 944000,
        "earningspersharediluted": 0.10000000000000003,
        "weightedaveragenumberofdilutedsharesoutstanding": 1055000,
        "commonstockdividendspersharedeclared": 0.3
    },
    {
        "date": "2017-03-30",
        "symbol": "WMB",
        "period": "Q1",
        "othercomprehensiveincomeunrealizedgainlossonderivativesarisingduringperiodtax": 1000000,
        "othercomprehensiveincomelossreclassificationadjustmentfromaocipensionandotherpostretirementbenefitplansfornetgainlosstax": -3000000,
        "profitloss": 373000000,
        "othercomprehensiveincomeunrealizedgainlossonderivativesarisingduringperiodnetoftax": 3000000,
        "othercomprehensiveincomelossamortizationadjustmentfromaocipensionandotherpostretirementbenefitplansfornetpriorservicecostcreditnetoftax": -1000000,
        "othercomprehensiveincomelossreclassificationadjustmentfromaocipensionandotherpostretirementbenefitplansfornetgainlossnetoftax": -4000000,
        "othercomprehensiveincomelossnetoftax": 5000000,
        "comprehensiveincomenetoftaxincludingportionattributabletononcontrollinginterest": 575000000,
        "comprehensiveincomenetoftaxattributabletononcontrollinginterest": 197000000,
        "comprehensiveincomenetoftax": 378000000,
        "salesrevenueservicesnet": 1256000000,
        "salesrevenuegoodsnet": 727000000,
        "revenues": 1983000000,
        "costofpurchasedoilandgas": 579000000,
        "operatingcostsandexpenses": 368000000,
        "depreciationdepletionandamortization": 442000000,
        "sellinggeneralandadministrativeexpense": 161000000,
        "otheroperatingincomeexpensenet": -5000000,
        "costsandexpenses": 1555000000,
        "operatingincomeloss": 433000000,
        "incomelossfromequitymethodinvestments": 107000000,
        "investmentincomenonoperating": 272000000,
        "interestcostsincurred": 287000000,
        "interestcostscapitalizedadjustment": 7000000,
        "othernonoperatingincomeexpense": 74000000,
        "incomelossfromcontinuingoperationsbeforeincometaxesextraordinaryitemsnoncontrollinginterest": 606000000,
        "incometaxexpensebenefit": -3000000,
        "netincomelossattributabletononcontrollinginterest": 196000000,
        "netincomeloss": 373000000,
        "earningspersharebasic": 0.45,
        "weightedaveragenumberofsharesoutstandingbasic": 824548000,
        "earningspersharediluted": 0.45,
        "weightedaveragenumberofdilutedsharesoutstanding": 826476000,
        "commonstockdividendspersharedeclared": 0.3
    },
    {
        "date": "2016-09-29",
        "symbol": "WMB",
        "period": "Q3",
        "othercomprehensiveincomelossforeigncurrencytranslationadjustmenttax": 25000000,
        "othercomprehensiveincomelossreclassificationadjustmentfromaocipensionandotherpostretirementbenefitplansfornetgainlosstax": -3000000,
        "profitloss": 61000000,
        "othercomprehensiveincomeforeigncurrencytransactionandtranslationgainlossarisingduringperiodnetoftax": -49000000,
        "othercomprehensiveincomelossamortizationadjustmentfromaocipensionandotherpostretirementbenefitplansfornetpriorservicecostcreditnetoftax": -1000000,
        "othercomprehensiveincomelossreclassificationadjustmentfromaocipensionandotherpostretirementbenefitplansfornetgainlossnetoftax": -5000000,
        "othercomprehensiveincomelossnetoftax": 38000000,
        "comprehensiveincomenetoftaxincludingportionattributabletononcontrollinginterest": 207000000,
        "comprehensiveincomenetoftaxattributabletononcontrollinginterest": 108000000,
        "comprehensiveincomenetoftax": 99000000,
        "salesrevenueservicesnet": 1225000000,
        "salesrevenuegoodsnet": 648000000,
        "revenues": 2886000000,
        "costofpurchasedoilandgas": 461000000,
        "operatingcostsandexpenses": 394000000,
        "depreciationdepletionandamortization": 435000000,
        "sellinggeneralandadministrativeexpense": 177000000,
        "otheroperatingincomeexpensenet": -92000000,
        "costsandexpenses": 1560000000,
        "operatingincomeloss": 345000000,
        "incomelossfromequitymethodinvestments": 104000000,
        "equitymethodinvestmentotherthantemporaryimpairment": 0,
        "investmentincomenonoperating": 0,
        "interestcostsincurred": 304000000,
        "interestcostscapitalizedadjustment": 7000000,
        "othernonoperatingincomeexpense": 20000000,
        "incomelossfromcontinuingoperationsbeforeincometaxesextraordinaryitemsnoncontrollinginterest": -474000000,
        "incometaxexpensebenefit": -39000000,
        "netincomelossattributabletononcontrollinginterest": 5000000,
        "netincomeloss": 61000000,
        "earningspersharebasic": 0.07999999999999999,
        "weightedaveragenumberofsharesoutstandingbasic": 88000,
        "earningspersharediluted": 0.07999999999999999,
        "weightedaveragenumberofdilutedsharesoutstanding": 88000,
        "commonstockdividendspersharedeclared": 0.19999999999999996
    },
    {
        "date": "2016-06-29",
        "symbol": "WMB",
        "period": "Q2",
        "othercomprehensiveincomelossforeigncurrencytranslationadjustmenttax": -3000000,
        "othercomprehensiveincomelossreclassificationadjustmentfromaocipensionandotherpostretirementbenefitplansfornetgainlosstax": -3000000,
        "profitloss": -405000000,
        "othercomprehensiveincomeforeigncurrencytransactionandtranslationgainlossarisingduringperiodnetoftax": 10000000,
        "othercomprehensiveincomelossamortizationadjustmentfromaocipensionandotherpostretirementbenefitplansfornetpriorservicecostcreditnetoftax": -1000000,
        "othercomprehensiveincomelossreclassificationadjustmentfromaocipensionandotherpostretirementbenefitplansfornetgainlossnetoftax": -5000000,
        "othercomprehensiveincomelossnetoftax": 9000000,
        "comprehensiveincomenetoftaxincludingportionattributabletononcontrollinginterest": -494000000,
        "comprehensiveincomenetoftaxattributabletononcontrollinginterest": -98000000,
        "comprehensiveincomenetoftax": -396000000,
        "salesrevenueservicesnet": 1202000000,
        "salesrevenuegoodsnet": 534000000,
        "revenues": 1193000000,
        "costofpurchasedoilandgas": 401000000,
        "operatingcostsandexpenses": 394000000,
        "depreciationdepletionandamortization": 446000000,
        "sellinggeneralandadministrativeexpense": 158000000,
        "otheroperatingincomeexpensenet": -15000000,
        "costsandexpenses": 2224000000,
        "operatingincomeloss": -488000000,
        "incomelossfromequitymethodinvestments": 101000000,
        "equitymethodinvestmentotherthantemporaryimpairment": -62000000,
        "investmentincomenonoperating": 18000000,
        "interestcostsincurred": 306000000,
        "interestcostscapitalizedadjustment": 8000000,
        "othernonoperatingincomeexpense": 17000000,
        "incomelossfromcontinuingoperationsbeforeincometaxesextraordinaryitemsnoncontrollinginterest": 6000000,
        "incometaxexpensebenefit": -2000000,
        "netincomelossattributabletononcontrollinginterest": -100000000,
        "netincomeloss": -405000000,
        "earningspersharebasic": -0.54,
        "weightedaveragenumberofsharesoutstandingbasic": 159000,
        "earningspersharediluted": -0.54,
        "weightedaveragenumberofdilutedsharesoutstanding": 159000,
        "commonstockdividendspersharedeclared": 0.64
    },
    {
        "date": "2016-03-30",
        "symbol": "WMB",
        "period": "Q1",
        "othercomprehensiveincomelossforeigncurrencytranslationadjustmenttax": 15000000,
        "othercomprehensiveincomelossreclassificationadjustmentfromaocipensionandotherpostretirementbenefitplansfornetgainlosstax": -3000000,
        "profitloss": -65000000,
        "othercomprehensiveincomeforeigncurrencytransactionandtranslationgainlossarisingduringperiodnetoftax": 89000000,
        "othercomprehensiveincomelossamortizationadjustmentfromaocipensionandotherpostretirementbenefitplansfornetpriorservicecostcreditnetoftax": -1000000,
        "othercomprehensiveincomelossreclassificationadjustmentfromaocipensionandotherpostretirementbenefitplansfornetgainlossnetoftax": -5000000,
        "othercomprehensiveincomelossnetoftax": 64000000,
        "comprehensiveincomenetoftaxincludingportionattributabletononcontrollinginterest": 80000000,
        "comprehensiveincomenetoftaxattributabletononcontrollinginterest": 81000000,
        "comprehensiveincomenetoftax": -1000000,
        "salesrevenueservicesnet": 1229000000,
        "salesrevenuegoodsnet": 431000000,
        "revenues": 1222000000,
        "costofpurchasedoilandgas": 318000000,
        "operatingcostsandexpenses": 391000000,
        "depreciationdepletionandamortization": 445000000,
        "sellinggeneralandadministrativeexpense": 221000000,
        "otheroperatingincomeexpensenet": -23000000,
        "costsandexpenses": 1398000000,
        "operatingincomeloss": 262000000,
        "incomelossfromequitymethodinvestments": 97000000,
        "equitymethodinvestmentotherthantemporaryimpairment": 112000000,
        "investmentincomenonoperating": 18000000,
        "interestcostsincurred": 306000000,
        "interestcostscapitalizedadjustment": 15000000,
        "othernonoperatingincomeexpense": 15000000,
        "incomelossfromcontinuingoperationsbeforeincometaxesextraordinaryitemsnoncontrollinginterest": 7000000,
        "incometaxexpensebenefit": -3000000,
        "netincomelossattributabletononcontrollinginterest": 52000000,
        "netincomeloss": -65000000,
        "earningspersharebasic": -0.09,
        "weightedaveragenumberofsharesoutstandingbasic": 750332000,
        "earningspersharediluted": -0.09,
        "weightedaveragenumberofdilutedsharesoutstanding": 750332000,
        "commonstockdividendspersharedeclared": 0.64
    },
    {
        "date": "2015-09-29",
        "symbol": "WMB",
        "period": "Q3",
        "othercomprehensiveincomelossforeigncurrencytranslationadjustmenttax": -14000000,
        "othercomprehensiveincomelossreclassificationadjustmentfromaocipensionandotherpostretirementbenefitplansfornetgainlosstax": -5000000,
        "profitloss": -40000000,
        "othercomprehensiveincomelossamortizationadjustmentfromaocipensionandotherpostretirementbenefitplansfornetpriorservicecostcreditnetoftax": 0,
        "othercomprehensiveincomelossreclassificationadjustmentfromaocipensionandotherpostretirementbenefitplansfornetgainlossnetoftax": -7000000,
        "othercomprehensiveincomelossnetoftax": -41000000,
        "comprehensiveincomenetoftaxincludingportionattributabletononcontrollinginterest": -238000000,
        "comprehensiveincomenetoftaxattributabletononcontrollinginterest": -157000000,
        "comprehensiveincomenetoftax": -81000000,
        "salesrevenueservicesnet": 1239000000,
        "salesrevenuegoodsnet": -1120000000,
        "revenues": 1232000000,
        "costofpurchasedoilandgas": 426000000,
        "operatingcostsandexpenses": 403000000,
        "depreciationdepletionandamortization": 432000000,
        "sellinggeneralandadministrativeexpense": 177000000,
        "otheroperatingincomeexpensenet": -5000000,
        "costsandexpenses": 1443000000,
        "operatingincomeloss": 356000000,
        "incomelossfromequitymethodinvestments": 92000000,
        "interestcostsincurred": 280000000,
        "interestcostscapitalizedadjustment": 17000000,
        "othernonoperatingincomeexpense": 20000000,
        "incomelossfromcontinuingoperationsbeforeincometaxesextraordinaryitemsnoncontrollinginterest": -22000000,
        "incometaxexpensebenefit": -4000000,
        "netincomelossattributabletononcontrollinginterest": -133000000,
        "netincomeloss": -40000000,
        "earningspersharebasic": -0.06,
        "weightedaveragenumberofsharesoutstandingbasic": 390000,
        "earningspersharediluted": -0.04999999999999999,
        "weightedaveragenumberofdilutedsharesoutstanding": 218000,
        "commonstockdividendspersharedeclared": 0.6400000000000002
    },
    {
        "date": "2015-06-29",
        "symbol": "WMB",
        "period": "Q2",
        "othercomprehensiveincomelossforeigncurrencytranslationadjustmenttax": 6000000,
        "othercomprehensiveincomelossamortizationadjustmentfromaocipensionandotherpostretirementbenefitplansfornetpriorservicecostcredittax": 0,
        "othercomprehensiveincomelossreclassificationadjustmentfromaocipensionandotherpostretirementbenefitplansfornetgainlosstax": -4000000,
        "profitloss": 114000000,
        "othercomprehensiveincomelossamortizationadjustmentfromaocipensionandotherpostretirementbenefitplansfornetpriorservicecostcreditnetoftax": -1000000,
        "othercomprehensiveincomelossreclassificationadjustmentfromaocipensionandotherpostretirementbenefitplansfornetgainlossnetoftax": -7000000,
        "othercomprehensiveincomelossnetoftax": 11000000,
        "comprehensiveincomenetoftaxincludingportionattributabletononcontrollinginterest": 199000000,
        "comprehensiveincomenetoftaxattributabletononcontrollinginterest": 74000000,
        "comprehensiveincomenetoftax": 125000000,
        "salesrevenueservicesnet": 1241000000,
        "salesrevenuegoodsnet": 598000000,
        "revenues": 1231000000,
        "costofpurchasedoilandgas": 494000000,
        "operatingcostsandexpenses": 437000000,
        "depreciationdepletionandamortization": 428000000,
        "sellinggeneralandadministrativeexpense": 174000000,
        "otheroperatingincomeexpensenet": -40000000,
        "costsandexpenses": 1447000000,
        "operatingincomeloss": 392000000,
        "incomelossfromequitymethodinvestments": 93000000,
        "interestcostsincurred": 278000000,
        "interestcostscapitalizedadjustment": 16000000,
        "othernonoperatingincomeexpense": 34000000,
        "incomelossfromcontinuingoperationsbeforeincometaxesextraordinaryitemsnoncontrollinginterest": 28000000,
        "incometaxexpensebenefit": -10000000,
        "netincomelossattributabletononcontrollinginterest": 69000000,
        "netincomeloss": 114000000,
        "earningspersharebasic": 0.16,
        "weightedaveragenumberofsharesoutstandingbasic": 590000,
        "earningspersharediluted": 0.15,
        "weightedaveragenumberofdilutedsharesoutstanding": 375000,
        "commonstockdividendspersharedeclared": 0.59
    },
    {
        "date": "2015-03-30",
        "symbol": "WMB",
        "period": "Q1",
        "othercomprehensiveincomelossforeigncurrencytranslationadjustmenttax": -16000000,
        "othercomprehensiveincomelossamortizationadjustmentfromaocipensionandotherpostretirementbenefitplansfornetpriorservicecostcredittax": -1000000,
        "othercomprehensiveincomelossreclassificationadjustmentfromaocipensionandotherpostretirementbenefitplansfornetgainlosstax": -4000000,
        "profitloss": 70000000,
        "othercomprehensiveincomelossforeigncurrencytransactionandtranslationadjustmentnetoftax": -95000000,
        "othercomprehensiveincomelossamortizationadjustmentfromaocipensionandotherpostretirementbenefitplansfornetpriorservicecostcreditnetoftax": -1000000,
        "othercomprehensiveincomelossreclassificationadjustmentfromaocipensionandotherpostretirementbenefitplansfornetgainlossnetoftax": -7000000,
        "othercomprehensiveincomelossnetoftax": -54000000,
        "comprehensiveincomenetoftaxincludingportionattributabletononcontrollinginterest": -76000000,
        "comprehensiveincomenetoftaxattributabletononcontrollinginterest": -92000000,
        "comprehensiveincomenetoftax": 16000000,
        "salesrevenueservicesnet": 1197000000,
        "salesrevenuegoodsnet": 519000000,
        "revenues": 1192000000,
        "costofpurchasedoilandgas": 462000000,
        "operatingcostsandexpenses": 387000000,
        "depreciationdepletionandamortization": 427000000,
        "sellinggeneralandadministrativeexpense": 196000000,
        "otheroperatingincomeexpensenet": -17000000,
        "costsandexpenses": 1489000000,
        "operatingincomeloss": 227000000,
        "incomelossfromequitymethodinvestments": 51000000,
        "interestcostsincurred": 273000000,
        "interestcostscapitalizedadjustment": 22000000,
        "othernonoperatingincomeexpense": 16000000,
        "incomelossfromcontinuingoperationsbeforeincometaxesextraordinaryitemsnoncontrollinginterest": -9000000,
        "incometaxexpensebenefit": 3000000,
        "netincomelossattributabletononcontrollinginterest": -57000000,
        "netincomeloss": 70000000,
        "earningspersharebasic": 0.09,
        "weightedaveragenumberofsharesoutstandingbasic": 748079000,
        "earningspersharediluted": 0.09,
        "weightedaveragenumberofdilutedsharesoutstanding": 752028000,
        "commonstockdividendspersharedeclared": 0.58
    },
    {
        "date": "2014-09-29",
        "symbol": "WMB",
        "period": "Q3",
        "othercomprehensiveincomelossforeigncurrencytranslationadjustmenttax": -13000000,
        "othercomprehensiveincomelossamortizationadjustmentfromaocipensionandotherpostretirementbenefitplansfornetpriorservicecostcredittax": -1000000,
        "othercomprehensiveincomelossreclassificationadjustmentfromaocipensionandotherpostretirementbenefitplansfornetgainlosstax": -4000000,
        "profitloss": 1654000000,
        "othercomprehensiveincomelossforeigncurrencytransactionandtranslationadjustmentnetoftax": -51000000,
        "othercomprehensiveincomelossamortizationadjustmentfromaocipensionandotherpostretirementbenefitplansfornetpriorservicecostcreditnetoftax": -1000000,
        "othercomprehensiveincomelossreclassificationadjustmentfromaocipensionandotherpostretirementbenefitplansfornetgainlossnetoftax": -6000000,
        "othercomprehensiveincomelossnetoftax": 17000000,
        "comprehensiveincomenetoftaxincludingportionattributabletononcontrollinginterest": 1662000000,
        "comprehensiveincomenetoftaxattributabletononcontrollinginterest": 12000000,
        "comprehensiveincomenetoftax": 1650000000,
        "salesrevenueservicesnet": 1127000000,
        "salesrevenuegoodsnet": 942000000,
        "revenues": 2299000000,
        "costofpurchasedoilandgas": 807000000,
        "operatingcostsandexpenses": 412000000,
        "depreciationdepletionandamortization": 369000000,
        "sellinggeneralandadministrativeexpense": 171000000,
        "insuredeventgainloss": 0,
        "otheroperatingincomeexpensenet": -3000000,
        "costsandexpenses": 1762000000,
        "operatingincomeloss": 357000000,
        "incomelossfromequitymethodinvestments": -116000000,
        "investmentincomenonoperating": 11000000,
        "interestcostsincurred": 262000000,
        "interestcostscapitalizedadjustment": 52000000,
        "othernonoperatingincomeexpense": 10000000,
        "incomelossfromcontinuingoperationsbeforeincometaxesextraordinaryitemsnoncontrollinginterest": -223000000,
        "incometaxexpensebenefit": -78000000,
        "incomelossfromcontinuingoperationsincludingportionattributabletononcontrollinginterest": 1708000000,
        "netincomelossattributabletononcontrollinginterest": 30000000,
        "netincomeloss": 1678000000,
        "incomelossfromcontinuingoperations": 1678000000,
        "incomelossfromcontinuingoperationsperbasicshare": 2.36,
        "earningspersharebasic": 2.35,
        "weightedaveragenumberofsharesoutstandingbasic": -671517000,
        "incomelossfromcontinuingoperationsperdilutedshare": 2.34,
        "earningspersharediluted": 2.33,
        "weightedaveragenumberofdilutedsharesoutstanding": -675481000,
        "commonstockdividendspersharedeclared": 0.5599999999999998
    },
    {
        "date": "2014-06-29",
        "symbol": "WMB",
        "period": "Q2",
        "othercomprehensiveincomelossforeigncurrencytranslationadjustmenttax": 9000000,
        "othercomprehensiveincomelossamortizationadjustmentfromaocipensionandotherpostretirementbenefitplansfornetpriorservicecostcredittax": -1000000,
        "othercomprehensiveincomelossreclassificationadjustmentfromaocipensionandotherpostretirementbenefitplansfornetgainlosstax": -4000000,
        "profitloss": 127000000,
        "othercomprehensiveincomelossforeigncurrencytransactionandtranslationadjustmentnetoftax": 37000000,
        "othercomprehensiveincomelossamortizationadjustmentfromaocipensionandotherpostretirementbenefitplansfornetpriorservicecostcreditnetoftax": -1000000,
        "othercomprehensiveincomelossreclassificationadjustmentfromaocipensionandotherpostretirementbenefitplansfornetgainlossnetoftax": -6000000,
        "othercomprehensiveincomelossnetoftax": 42000000,
        "comprehensiveincomenetoftaxincludingportionattributabletononcontrollinginterest": 169000000,
        "comprehensiveincomenetoftaxattributabletononcontrollinginterest": 37000000,
        "comprehensiveincomenetoftax": 132000000,
        "salesrevenueservicesnet": 825000000,
        "salesrevenuegoodsnet": 853000000,
        "revenues": -4000000,
        "costofpurchasedoilandgas": 724000000,
        "operatingcostsandexpenses": 308000000,
        "depreciationdepletionandamortization": 214000000,
        "sellinggeneralandadministrativeexpense": 136000000,
        "insuredeventgainloss": 42000000,
        "otheroperatingincomeexpensenet": -27000000,
        "costsandexpenses": 1367000000,
        "operatingincomeloss": 361000000,
        "incomelossfromequitymethodinvestments": 32000000,
        "interestcostsincurred": 192000000,
        "interestcostscapitalizedadjustment": 29000000,
        "investmentincomenonoperating": 18000000,
        "othernonoperatingincomeexpense": 4000000,
        "incomelossfromcontinuingoperationsbeforeincometaxesextraordinaryitemsnoncontrollinginterest": 207000000,
        "incometaxexpensebenefit": 84000000,
        "incomelossfromcontinuingoperationsincludingportionattributabletononcontrollinginterest": 123000000,
        "incomelossfromdiscontinuedoperationsnetoftax": 4000000,
        "netincomelossattributabletononcontrollinginterest": 24000000,
        "netincomeloss": 103000000,
        "incomelossfromcontinuingoperations": 99000000,
        "incomelossfromdiscontinuedoperationsnetoftaxattributabletoreportingentity": 4000000,
        "incomelossfromcontinuingoperationsperbasicshare": 0.14,
        "incomelossfromdiscontinuedoperationsnetoftaxperbasicshare": 0.01,
        "earningspersharebasic": 0.15,
        "weightedaveragenumberofsharesoutstandingbasic": 696553000,
        "incomelossfromcontinuingoperationsperdilutedshare": 0.14,
        "incomelossfromdiscontinuedoperationsnetoftaxperdilutedshare": 0.01,
        "earningspersharediluted": 0.15,
        "weightedaveragenumberofdilutedsharesoutstanding": 700696000,
        "commonstockdividendspersharedeclared": 0.425
    },
    {
        "date": "2014-03-30",
        "symbol": "WMB",
        "period": "Q1",
        "othercomprehensiveincomelossforeigncurrencytranslationadjustmenttax": -1000000,
        "othercomprehensiveincomelossamortizationadjustmentfromaocipensionandotherpostretirementbenefitplansfornetpriorservicecostcredittax": -1000000,
        "othercomprehensiveincomelossreclassificationadjustmentfromaocipensionandotherpostretirementbenefitplansfornetgainlosstax": -3000000,
        "profitloss": 140000000,
        "othercomprehensiveincomelossforeigncurrencytransactionandtranslationadjustmentnetoftax": -44000000,
        "othercomprehensiveincomelossamortizationadjustmentfromaocipensionandotherpostretirementbenefitplansfornetpriorservicecostcreditnetoftax": -1000000,
        "othercomprehensiveincomelossreclassificationadjustmentfromaocipensionandotherpostretirementbenefitplansfornetgainlossnetoftax": -6000000,
        "othercomprehensiveincomelossnetoftax": -44000000,
        "comprehensiveincomenetoftaxincludingportionattributabletononcontrollinginterest": 157000000,
        "comprehensiveincomenetoftaxattributabletononcontrollinginterest": 56000000,
        "comprehensiveincomenetoftax": 101000000,
        "salesrevenueservicesnet": 819000000,
        "salesrevenuegoodsnet": 930000000,
        "revenues": -3000000,
        "costofpurchasedoilandgas": 769000000,
        "operatingcostsandexpenses": 298000000,
        "depreciationdepletionandamortization": 214000000,
        "sellinggeneralandadministrativeexpense": 150000000,
        "insuredeventgainloss": 119000000,
        "otheroperatingincomeexpensenet": -17000000,
        "costsandexpenses": 1329000000,
        "operatingincomeloss": 460000000,
        "incomelossfromequitymethodinvestments": 6000000,
        "interestcostsincurred": 169000000,
        "interestcostscapitalizedadjustment": 29000000,
        "investmentincomenonoperating": 14000000,
        "othernonoperatingincomeexpense": 1000000,
        "incomelossfromcontinuingoperationsbeforeincometaxesextraordinaryitemsnoncontrollinginterest": -7000000,
        "incometaxexpensebenefit": 2000000,
        "incomelossfromcontinuingoperationsincludingportionattributabletononcontrollinginterest": 196000000,
        "netincomelossattributabletononcontrollinginterest": 56000000,
        "netincomeloss": 140000000,
        "incomelossfromcontinuingoperations": 140000000,
        "incomelossfromcontinuingoperationsperbasicshare": 0.2,
        "earningspersharebasic": 0.2,
        "weightedaveragenumberofsharesoutstandingbasic": 684773000,
        "incomelossfromcontinuingoperationsperdilutedshare": 0.2,
        "earningspersharediluted": 0.2,
        "weightedaveragenumberofdilutedsharesoutstanding": 688904000,
        "commonstockdividendspersharedeclared": 0.4025
    },
    {
        "date": "2013-09-29",
        "symbol": "WMB",
        "period": "Q3",
        "profitloss": -178000000,
        "othercomprehensiveincomelossforeigncurrencytransactionandtranslationadjustmentnetoftax": 20000000,
        "othercomprehensiveincomelossnetoftax": -20000000,
        "comprehensiveincomenetoftaxincludingportionattributabletononcontrollinginterest": 253000000,
        "comprehensiveincomenetoftaxattributabletononcontrollinginterest": 56000000,
        "comprehensiveincomenetoftax": 197000000,
        "salesrevenueservicesnet": 736000000,
        "salesrevenuegoodsnet": -2149000000,
        "revenues": 299000000,
        "costofgoodssold": 710000000,
        "operatingcostsandexpenses": 269000000,
        "sellinggeneralandadministrativeexpense": 130000000,
        "otheroperatingincomeexpensenet": 18000000,
        "costsandexpenses": 1287000000,
        "operatingincomeloss": 376000000,
        "incomelossfromequitymethodinvestments": 63000000,
        "interestcostsincurred": 151000000,
        "interestcostscapitalizedadjustment": 27000000,
        "investmentincomenonoperating": 23000000,
        "othernonoperatingincomeexpense": 1000000,
        "incomelossfromcontinuingoperationsbeforeincometaxesextraordinaryitemsnoncontrollinginterest": -628000000,
        "incometaxexpensebenefit": -113000000,
        "incomelossfromcontinuingoperationsincludingportionattributabletononcontrollinginterest": 414000000,
        "incomelossfromdiscontinuedoperationsnetoftax": -1000000,
        "netincomelossattributabletononcontrollinginterest": 56000000,
        "netincomeloss": 141000000,
        "incomelossfromcontinuingoperations": 143000000,
        "incomelossfromdiscontinuedoperationsnetoftaxattributabletoreportingentity": -2000000,
        "incomelossfromcontinuingoperationsperbasicshare": 0.20000000000000007,
        "earningspersharebasic": 0.20000000000000007,
        "weightedaveragenumberofsharesoutstandingbasic": -682201000,
        "incomelossfromcontinuingoperationsperdilutedshare": 0.21000000000000005,
        "earningspersharediluted": 0.21000000000000005,
        "weightedaveragenumberofdilutedsharesoutstanding": -687060000,
        "commonstockdividendspersharedeclared": 0.3662500000000001
    },
    {
        "date": "2013-06-29",
        "symbol": "WMB",
        "period": "Q2",
        "incomelossfromcontinuingoperationsperbasicshare": 0.22,
        "incomelossfromdiscontinuedoperationsnetoftaxperbasicshare": -0.01,
        "earningspersharebasic": 0.21,
        "incomelossfromcontinuingoperationsperdilutedshare": 0.22,
        "incomelossfromdiscontinuedoperationsnetoftaxperdilutedshare": -0.01,
        "earningspersharediluted": 0.21,
        "salesrevenueservicesnet": 721000000,
        "salesrevenuegoodsnet": 1046000000,
        "revenues": -39000000,
        "costofgoodssold": 801000000,
        "operatingcostsandexpenses": 291000000,
        "depreciationandamortization": 198000000,
        "sellinggeneralandadministrativeexpense": 123000000,
        "otheroperatingincomeexpensenet": -2000000,
        "costsandexpenses": 1417000000,
        "operatingincomeloss": 393000000,
        "incomelossfromequitymethodinvestments": 3000000,
        "interestcostsincurred": 151000000,
        "interestcostscapitalizedadjustment": 24000000,
        "investmentincomenonoperating": 26000000,
        "othernonoperatingincomeexpense": 2000000,
        "incomelossfromcontinuingoperationsbeforeincometaxesextraordinaryitemsnoncontrollinginterest": 302000000,
        "incometaxexpensebenefit": 102000000,
        "incomelossfromcontinuingoperationsincludingportionattributabletononcontrollinginterest": 200000000,
        "incomelossfromdiscontinuedoperationsnetoftax": -8000000,
        "profitloss": 192000000,
        "netincomelossattributabletononcontrollinginterest": 50000000,
        "netincomeloss": 142000000,
        "incomelossfromcontinuingoperations": 149000000,
        "incomelossfromdiscontinuedoperationsnetoftaxattributabletoreportingentity": -7000000,
        "weightedaveragenumberofsharesoutstandingbasic": 682893000,
        "weightedaveragenumberofdilutedsharesoutstanding": 686924000,
        "commonstockdividendspersharedeclared": 0.3525,
        "othercomprehensiveincomelossforeigncurrencytransactionandtranslationadjustmentnetoftax": -30000000,
        "othercomprehensiveincomereclassificationofdefinedbenefitplansnetgainlossrecognizedinnetperiodicbenefitcostnetoftax": 10000000,
        "othercomprehensiveincomelossnetoftax": -20000000,
        "comprehensiveincomenetoftaxincludingportionattributabletononcontrollinginterest": 172000000,
        "comprehensiveincomenetoftaxattributabletononcontrollinginterest": 50000000,
        "comprehensiveincomenetoftax": 122000000,
        "othercomprehensiveincomelossreclassificationpensionandotherpostretirementbenefitplansnetgainlossrecognizedinnetperiodicbenefitcosttax": -5000000
    },
    {
        "date": "2013-03-30",
        "symbol": "WMB",
        "period": "Q1",
        "incomelossfromcontinuingoperationsperbasicshare": 0.24,
        "earningspersharebasic": 0.24,
        "incomelossfromcontinuingoperationsperdilutedshare": 0.23,
        "earningspersharediluted": 0.23,
        "salesrevenueservicesnet": 706000000,
        "salesrevenuegoodsnet": 1104000000,
        "revenues": -39000000,
        "costofgoodssold": 790000000,
        "operatingcostsandexpenses": 260000000,
        "depreciationandamortization": 210000000,
        "sellinggeneralandadministrativeexpense": 132000000,
        "otheroperatingincomeexpensenet": 8000000,
        "costsandexpenses": 1384000000,
        "operatingincomeloss": 470000000,
        "incomelossfromequitymethodinvestments": 18000000,
        "interestcostsincurred": 152000000,
        "interestcostscapitalizedadjustment": 24000000,
        "investmentincomenonoperating": 13000000,
        "othernonoperatingincomeexpense": -2000000,
        "incomelossfromcontinuingoperationsbeforeincometaxesextraordinaryitemsnoncontrollinginterest": 327000000,
        "incometaxexpensebenefit": -6000000,
        "incomelossfromcontinuingoperationsincludingportionattributabletononcontrollinginterest": 15000000,
        "incomelossfromdiscontinuedoperationsnetoftax": -1000000,
        "profitloss": 161000000,
        "netincomelossattributabletononcontrollinginterest": 69000000,
        "netincomeloss": 161000000,
        "incomelossfromcontinuingoperations": 162000000,
        "incomelossfromdiscontinuedoperationsnetoftaxattributabletoreportingentity": -1000000,
        "weightedaveragenumberofsharesoutstandingbasic": 682052000,
        "weightedaveragenumberofdilutedsharesoutstanding": 687143000,
        "commonstockdividendspersharedeclared": 0.33875,
        "othercomprehensiveincomelossforeigncurrencytransactionandtranslationadjustmentnetoftax": -21000000,
        "othercomprehensiveincomelossamortizationpensionandotherpostretirementbenefitplansnetpriorservicecostrecognizedinnetperiodicpensioncostnetoftax": 1000000,
        "othercomprehensiveincomereclassificationofdefinedbenefitplansnetgainlossrecognizedinnetperiodicbenefitcostnetoftax": 10000000,
        "othercomprehensiveincomelossnetoftax": 9000000,
        "comprehensiveincomenetoftaxincludingportionattributabletononcontrollinginterest": 218000000,
        "comprehensiveincomenetoftaxattributabletononcontrollinginterest": 69000000,
        "comprehensiveincomenetoftax": 149000000,
        "othercomprehensiveincomelossreclassificationpensionandotherpostretirementbenefitplansnetgainlossrecognizedinnetperiodicbenefitcosttax": -6000000
    },
    {
        "date": "2012-09-29",
        "symbol": "WMB",
        "period": "Q3",
        "revenues": -3910000000,
        "costsandoperatingexpenses": -2699000000,
        "sellinggeneralandadministrativeexpense": 96000000,
        "otheroperatingincomeexpensenet": 0,
        "othergeneralexpense": 43000000,
        "operatingincomeloss": 416000000,
        "interestcostsincurred": 140000000,
        "investingincomeloss": 33000000,
        "othernonoperatingincomeexpense": 0,
        "incomelossfromcontinuingoperationsbeforeincometaxesextraordinaryitemsnoncontrollinginterest": 277000000,
        "incometaxexpensebenefit": 77000000,
        "incomelossfromcontinuingoperationsincludingportionattributabletononcontrollinginterest": 200000000,
        "incomelossfromdiscontinuedoperationsnetoftax": 3000000,
        "profitloss": 48000000,
        "netincomelossattributabletononcontrollinginterest": 48000000,
        "netincomeloss": 155000000,
        "incomelossfromcontinuingoperations": 152000000,
        "incomelossfromdiscontinuedoperationsnetoftaxattributabletoreportingentity": 3000000,
        "incomelossfromcontinuingoperationsperbasicshare": 0.25,
        "incomelossfromdiscontinuedoperationsnetoftaxperbasicshare": 0,
        "earningspersharebasic": 0.2499999999999999,
        "weightedaveragenumberofsharesoutstandingbasic": 6531000,
        "incomelossfromcontinuingoperationsperdilutedshare": 0.25,
        "incomelossfromdiscontinuedoperationsnetoftaxperdilutedshare": 0,
        "earningspersharediluted": 0.2499999999999999,
        "weightedaveragenumberofdilutedsharesoutstanding": 6195000,
        "commonstockdividendspersharedeclared": 0.31250000000000006,
        "othercomprehensiveincomeunrealizedgainlossonderivativesarisingduringperiodnetoftax": -9000000,
        "othercomprehensiveincomereclassificationofdefinedbenefitplansnetgainlossrecognizedinnetperiodicbenefitcostnetoftax": 10000000,
        "comprehensiveincomenetoftaxincludingportionattributabletononcontrollinginterest": 222000000,
        "comprehensiveincomenetoftaxattributabletononcontrollinginterest": 40000000,
        "comprehensiveincomenetoftax": 182000000,
        "othercomprehensiveincomeunrealizedgainlossonderivativesarisingduringperiodtax": 21000000
    },
    {
        "date": "2012-06-29",
        "symbol": "WMB",
        "period": "Q2",
        "revenues": 3882000000,
        "costsandoperatingexpenses": 1353000000,
        "sellinggeneralandadministrativeexpense": 102000000,
        "otheroperatingincomeexpensenet": -9000000,
        "othergeneralexpense": 50000000,
        "operatingincomeloss": 382000000,
        "interestcostsincurred": 140000000,
        "investingincomeloss": 30000000,
        "othernonoperatingincomeexpense": 3000000,
        "incomelossfromcontinuingoperationsbeforeincometaxesextraordinaryitemsnoncontrollinginterest": 237000000,
        "incometaxexpensebenefit": 71000000,
        "incomelossfromcontinuingoperationsincludingportionattributabletononcontrollinginterest": 166000000,
        "incomelossfromdiscontinuedoperationsnetoftax": -1000000,
        "profitloss": 33000000,
        "netincomelossattributabletononcontrollinginterest": 33000000,
        "netincomeloss": 132000000,
        "incomelossfromcontinuingoperations": 133000000,
        "incomelossfromdiscontinuedoperationsnetoftaxattributabletoreportingentity": -1000000,
        "incomelossfromcontinuingoperationsperbasicshare": 0.20999999999999996,
        "incomelossfromdiscontinuedoperationsnetoftaxperbasicshare": -0.010000000000000009,
        "earningspersharebasic": 0.20000000000000007,
        "weightedaveragenumberofsharesoutstandingbasic": 14126000,
        "incomelossfromcontinuingoperationsperdilutedshare": 0.21000000000000008,
        "incomelossfromdiscontinuedoperationsnetoftaxperdilutedshare": -0.010000000000000009,
        "earningspersharediluted": 0.20000000000000007,
        "weightedaveragenumberofdilutedsharesoutstanding": 13050000,
        "commonstockdividendspersharedeclared": 0.3,
        "othercomprehensiveincomeunrealizedgainlossonderivativesarisingduringperiodnetoftax": 40000000,
        "othercomprehensiveincomereclassificationadjustmentonderivativesincludedinnetincomenetoftax": -5000000,
        "othercomprehensiveincomeforeigncurrencytransactionandtranslationadjustmentnetoftaxperiodincreasedecrease": -17000000,
        "othercomprehensiveincomereclassificationofdefinedbenefitplansnetgainlossrecognizedinnetperiodicbenefitcostnetoftax": 10000000,
        "othercomprehensiveincomereclassificationadjustmentforsaleofsecuritiesincludedinnetincomenetoftax": 0,
        "othercomprehensiveincomelossnetoftaxperiodincreasedecrease": 14000000,
        "comprehensiveincomenetoftaxincludingportionattributabletononcontrollinginterest": 189000000,
        "comprehensiveincomenetoftaxattributabletononcontrollinginterest": 47000000,
        "comprehensiveincomenetoftax": 142000000,
        "othercomprehensiveincomeunrealizedgainlossonderivativesarisingduringperiodtax": -14000000,
        "othercomprehensiveincomereclassificationofdefinedbenefitplansnetgainlossrecognizedinnetperiodicbenefitcosttax": -6000000,
        "othercomprehensiveincomereclassificationadjustmentforsaleofsecuritiesincludedinnetincometax": 0
    },
    {
        "date": "2012-03-30",
        "symbol": "WMB",
        "period": "Q1",
        "revenues": -17000000,
        "costsandoperatingexpenses": 1348000000,
        "sellinggeneralandadministrativeexpense": 96000000,
        "otheroperatingincomeexpensenet": -8000000,
        "segmentcostsexpenses": 1452000000,
        "othergeneralexpense": 40000000,
        "operatingincomeloss": 567000000,
        "interestcostsincurred": 141000000,
        "interestcapitalized": 10000000,
        "investingincomeloss": 100000000,
        "othernonoperatingincomeexpense": -4000000,
        "incomelossfromcontinuingoperationsbeforeincometaxesextraordinaryitemsnoncontrollinginterest": 492000000,
        "incometaxexpensebenefit": 133000000,
        "incomelossfromcontinuingoperationsincludingportionattributabletononcontrollinginterest": 359000000,
        "incomelossfromdiscontinuedoperationsnetoftax": 136000000,
        "profitloss": 72000000,
        "netincomelossattributabletononcontrollinginterest": 72000000,
        "netincomeloss": 423000000,
        "incomelossfromcontinuingoperations": 287000000,
        "incomelossfromdiscontinuedoperationsnetoftaxattributabletoreportingentity": 136000000,
        "incomelossfromcontinuingoperationsperbasicshare": 0.48,
        "incomelossfromdiscontinuedoperationsnetoftaxperbasicshare": 0.23,
        "earningspersharebasic": 0.71,
        "weightedaveragenumberofsharesoutstandingbasic": 593231000,
        "incomelossfromcontinuingoperationsperdilutedshare": 0.47,
        "incomelossfromdiscontinuedoperationsnetoftaxperdilutedshare": 0.23,
        "earningspersharediluted": 0.7,
        "weightedaveragenumberofdilutedsharesoutstanding": 600520000,
        "commonstockdividendspersharedeclared": 0.25875,
        "othercomprehensiveincomeunrealizedgainlossonderivativesarisingduringperiodnetoftax": -6000000,
        "othercomprehensiveincomereclassificationadjustmentonderivativesincludedinnetincomenetoftax": 1000000,
        "othercomprehensiveincomeforeigncurrencytransactionandtranslationadjustmentnetoftaxperiodincreasedecrease": 19000000,
        "othercomprehensiveincomereclassificationofdefinedbenefitplansnetgainlossrecognizedinnetperiodicbenefitcostnetoftax": 9000000,
        "othercomprehensiveincomereclassificationadjustmentforsaleofsecuritiesincludedinnetincomenetoftax": -3000000,
        "othercomprehensiveincomelossnetoftaxperiodincreasedecrease": -2000000,
        "comprehensiveincomenetoftaxincludingportionattributabletononcontrollinginterest": 515000000,
        "comprehensiveincomenetoftaxattributabletononcontrollinginterest": 70000000,
        "comprehensiveincomenetoftax": 445000000,
        "othercomprehensiveincomeunrealizedgainlossonderivativesarisingduringperiodtax": 2000000,
        "othercomprehensiveincomereclassificationofdefinedbenefitplansnetgainlossrecognizedinnetperiodicbenefitcosttax": -5000000,
        "othercomprehensiveincomereclassificationadjustmentforsaleofsecuritiesincludedinnetincometax": 2000000
    },
    {
        "date": "2011-09-29",
        "symbol": "WMB",
        "period": "Q3",
        "revenues": 347000000,
        "costsandoperatingexpenses": -3833000000,
        "sellinggeneralandadministrativeexpense": 130000000,
        "otheroperatingincomeexpensenet": 12000000,
        "othergeneralexpense": 54000000,
        "operatingincomeloss": -999000000,
        "incometaxexpensebenefit": 55000000,
        "incomelossfromcontinuingoperationsincludingportionattributabletononcontrollinginterest": 347000000,
        "incomelossfromdiscontinuedoperationsnetoftax": -5000000,
        "profitloss": -345000000,
        "netincomelossattributabletononcontrollinginterest": 70000000,
        "netincomeloss": 272000000,
        "incomelossfromcontinuingoperations": 277000000,
        "incomelossfromdiscontinuedoperationsnetoftaxattributabletoreportingentity": -5000000,
        "incomelossfromcontinuingoperationsperbasicshare": 0.47,
        "incomelossfromdiscontinuedoperationsnetoftaxperbasicshare": -0.009999999999999997,
        "earningspersharebasic": 0.45999999999999974,
        "weightedaveragenumberofsharesoutstandingbasic": 441000,
        "incomelossfromcontinuingoperationsperdilutedshare": 0.45999999999999996,
        "incomelossfromdiscontinuedoperationsnetoftaxperdilutedshare": -0.009999999999999997,
        "earningspersharediluted": 0.45000000000000007,
        "weightedaveragenumberofdilutedsharesoutstanding": 153000,
        "commonstockdividendspersharedeclared": 0.2
    },
    {
        "date": "2011-06-29",
        "symbol": "WMB",
        "period": "Q2",
        "revenues": 738000000,
        "costsandoperatingexpenses": 1938000000,
        "sellinggeneralandadministrativeexpense": 134000000,
        "otheroperatingincomeexpensenet": -1000000,
        "othergeneralexpense": 47000000,
        "operatingincomeloss": 898000000,
        "interestanddebtexpense": 156000000,
        "othernonoperatingincomeexpense": 0,
        "incometaxexpensebenefit": 145000000,
        "incomelossfromcontinuingoperationsincludingportionattributabletononcontrollinginterest": 300000000,
        "incomelossfromdiscontinuedoperationsnetoftax": -3000000,
        "profitloss": 485000000,
        "netincomelossattributabletononcontrollinginterest": 70000000,
        "netincomeloss": 227000000,
        "incomelossfromcontinuingoperations": 230000000,
        "incomelossfromdiscontinuedoperationsnetoftaxattributabletoreportingentity": -3000000,
        "incomelossfromcontinuingoperationsperbasicshare": 0.3899999999999999,
        "incomelossfromdiscontinuedoperationsnetoftaxperbasicshare": -0.01,
        "earningspersharebasic": 0.38,
        "weightedaveragenumberofsharesoutstandingbasic": 664000,
        "incomelossfromcontinuingoperationsperdilutedshare": 0.3899999999999999,
        "incomelossfromdiscontinuedoperationsnetoftaxperdilutedshare": -0.01,
        "earningspersharediluted": 0.38,
        "weightedaveragenumberofdilutedsharesoutstanding": 530000,
        "commonstockdividendspersharedeclared": 0.2
    },
    {
        "date": "2011-03-30",
        "symbol": "WMB",
        "period": "Q1",
        "revenues": 4000000,
        "costsandoperatingexpenses": 1908000000,
        "sellinggeneralandadministrativeexpense": 137000000,
        "otheroperatingincomeexpensenet": -1000000,
        "totalsegmentcostsexpenses": 2044000000,
        "othergeneralexpense": 51000000,
        "operatingincomeloss": -51000000,
        "interestanddebtexpense": 158000000,
        "interestcostscapitalized": -9000000,
        "investingincomenet": 51000000,
        "othernonoperatingincomeexpense": 4000000,
        "incomelossfromcontinuingoperationsbeforeincometaxes": 386000000,
        "incometaxexpensebenefit": -6000000,
        "incomelossfromcontinuingoperationsincludingportionattributabletononcontrollinginterest": 392000000,
        "incomelossfromdiscontinuedoperationsnetoftax": -8000000,
        "profitloss": 63000000,
        "netincomelossattributabletononcontrollinginterest": 63000000,
        "netincomeloss": 321000000,
        "incomelossfromcontinuingoperations": 329000000,
        "incomelossfromdiscontinuedoperationsnetoftaxattributabletoreportingentity": -8000000,
        "incomelossfromcontinuingoperationsperbasicshare": 0.56,
        "incomelossfromdiscontinuedoperationsnetoftaxperbasicshare": -0.01,
        "earningspersharebasic": 0.55,
        "weightedaveragenumberofsharesoutstandingbasic": 586977000,
        "incomelossfromcontinuingoperationsperdilutedshare": 0.55,
        "incomelossfromdiscontinuedoperationsnetoftaxperdilutedshare": -0.01,
        "earningspersharediluted": 0.54,
        "weightedaveragenumberofdilutedsharesoutstanding": 596567000,
        "commonstockdividendspersharedeclared": 0.125
    },
    {
        "date": "2010-03-30",
        "symbol": "WMB",
        "period": "Q1",
        "intercompanyeliminations": -308000000,
        "revenues": 1458000000,
        "costsandoperatingexpenses": 1922000000,
        "sellinggeneralandadministrativeexpense": 111000000,
        "totalsegmentcostsexpenses": 2033000000,
        "generalcorporateexpenses": -85000000,
        "operatingincomeloss": 388000000,
        "interestanddebtexpense": -164000000,
        "interestcapitalized": 17000000,
        "investingincomeloss": 39000000,
        "earlydebtretirementcosts": -606000000,
        "othernonoperatingincomeexpense": -7000000,
        "incomefromcontinuingoperationsbeforeincometaxes": -243000000,
        "incometaxexpensebenefit": -95000000,
        "incomelossfromcontinuingoperationsincludingportionattributabletononcontrollinginterest": -148000000,
        "incomelossfromdiscontinuedoperationsnetoftax": 2000000,
        "profitloss": -193000000,
        "netincomelossattributabletononcontrollinginterest": 47000000,
        "netincomeloss": -193000000,
        "incomelossfromcontinuingoperations": -195000000,
        "incomelossfromdiscontinuedoperationsnetoftaxattributabletoreportingentity": 2000000,
        "incomelossfromcontinuingoperationsperbasicshare": -0.33,
        "earningspersharebasic": -0.33,
        "weightedaveragenumberofsharesoutstandingbasic": 583929000,
        "incomelossfromcontinuingoperationsperdilutedshare": -0.33,
        "earningspersharediluted": -0.33,
        "weightedaveragenumberofdilutedsharesoutstanding": 583929000,
        "commonstockdividendspersharedeclared": 0.11
    }
]