[
    {
        "date": "2024-09-29",
        "symbol": "CMI",
        "period": "Q3",
        "revenues": 10386000000,
        "costofrevenue": 6285000000,
        "grossprofit": 2171000000,
        "sellinggeneralandadministrativeexpense": 807000000,
        "researchanddevelopmentexpense": 359000000,
        "incomelossfromequitymethodinvestments": 99000000,
        "otheroperatingincomeexpensenet": -54000000,
        "operatingincomeloss": 1050000000,
        "interestexpensenonoperating": 83000000,
        "othernonoperatingincomeexpense": 76000000,
        "incomelossincludingportionattributabletononcontrollinginterest": 1043000000,
        "incometaxexpensebenefit": 200000000,
        "profitloss": 843000000,
        "netincomelossattributabletononcontrollinginterest": 34000000,
        "netincomelossavailabletocommonstockholdersbasic": 809000000,
        "earningspersharebasic": 5.9,
        "earningspersharediluted": 5.86,
        "weightedaveragenumberofsharesoutstandingbasic": 137200000,
        "incrementalcommonsharesattributabletosharebasedpaymentarrangements": 900000,
        "weightedaveragenumberofdilutedsharesoutstanding": 138100000,
        "othercomprehensiveincomelosspensionandotherpostretirementbenefitplansadjustmentnetoftax": -5000000,
        "othercomprehensiveincomelossforeigncurrencytransactionandtranslationadjustmentnetoftax": 165000000,
        "othercomprehensiveincomelosscashflowhedgegainlossafterreclassificationandtax": -7000000,
        "othercomprehensiveincomelossnetoftax": 163000000,
        "comprehensiveincomenetoftaxincludingportionattributabletononcontrollinginterest": 1006000000,
        "comprehensiveincomenetoftaxattributabletononcontrollinginterest": 36000000,
        "comprehensiveincomenetoftax": 970000000
    },
    {
        "date": "2024-06-29",
        "symbol": "CMI",
        "period": "Q2",
        "revenues": 8796000000,
        "costofrevenue": 6603000000,
        "grossprofit": 2193000000,
        "sellinggeneralandadministrativeexpense": 828000000,
        "researchanddevelopmentexpense": 379000000,
        "incomelossfromequitymethodinvestments": 103000000,
        "otheroperatingincomeexpensenet": -44000000,
        "operatingincomeloss": 1045000000,
        "interestexpense": 109000000,
        "othernonoperatingincomeexpense": 41000000,
        "incomelossincludingportionattributabletononcontrollinginterest": 977000000,
        "incometaxexpensebenefit": 225000000,
        "profitloss": 752000000,
        "netincomelossattributabletononcontrollinginterest": 26000000,
        "netincomelossavailabletocommonstockholdersbasic": 726000000,
        "earningspersharebasic": 5.3,
        "earningspersharediluted": 5.26,
        "weightedaveragenumberofsharesoutstandingbasic": 137100000,
        "incrementalcommonsharesattributabletosharebasedpaymentarrangements": 800000,
        "weightedaveragenumberofdilutedsharesoutstanding": 137900000,
        "othercomprehensiveincomelosspensionandotherpostretirementbenefitplansadjustmentnetoftax": -13000000,
        "othercomprehensiveincomelossforeigncurrencytransactionandtranslationadjustmentnetoftax": -83000000,
        "othercomprehensiveincomelosscashflowhedgegainlossafterreclassificationandtax": -3000000,
        "othercomprehensiveincomelossnetoftax": -73000000,
        "comprehensiveincomenetoftaxincludingportionattributabletononcontrollinginterest": 679000000,
        "comprehensiveincomenetoftaxattributabletononcontrollinginterest": 24000000,
        "comprehensiveincomenetoftax": 655000000
    },
    {
        "date": "2024-03-30",
        "symbol": "CMI",
        "period": "Q1",
        "revenues": 8403000000,
        "costofrevenue": 6362000000,
        "grossprofit": 2041000000,
        "sellinggeneralandadministrativeexpense": 839000000,
        "researchanddevelopmentexpense": 369000000,
        "incomelossfromequitymethodinvestments": 123000000,
        "otheroperatingincomeexpensenet": -33000000,
        "operatingincomeloss": 923000000,
        "interestexpense": 89000000,
        "othernonoperatingincomeexpense": 1387000000,
        "incomelossincludingportionattributabletononcontrollinginterest": 2221000000,
        "incometaxexpensebenefit": 193000000,
        "profitloss": 2028000000,
        "netincomelossattributabletononcontrollinginterest": 35000000,
        "netincomelossavailabletocommonstockholdersbasic": 1993000000,
        "earningspersharebasic": 14.1,
        "earningspersharediluted": 14.03,
        "weightedaveragenumberofsharesoutstandingbasic": 141300000,
        "incrementalcommonsharesattributabletosharebasedpaymentarrangements": 800000,
        "weightedaveragenumberofdilutedsharesoutstanding": 142100000,
        "othercomprehensiveincomelosspensionandotherpostretirementbenefitplansadjustmentnetoftax": 13000000,
        "othercomprehensiveincomelossforeigncurrencytransactionandtranslationadjustmentnetoftax": -60000000,
        "othercomprehensiveincomelosscashflowhedgegainlossafterreclassificationandtax": 12000000,
        "othercomprehensiveincomelossnetoftax": -61000000,
        "comprehensiveincomenetoftaxincludingportionattributabletononcontrollinginterest": 1967000000,
        "comprehensiveincomenetoftaxattributabletononcontrollinginterest": 32000000,
        "comprehensiveincomenetoftax": 1935000000
    },
    {
        "date": "2023-12-30",
        "symbol": "CMI",
        "period": "Q4",
        "revenues": 6619000000,
        "costofrevenue": 6542000000,
        "grossprofit": 2001000000,
        "sellinggeneralandadministrativeexpense": 876000000,
        "researchanddevelopmentexpense": 390000000,
        "incomelossfromequitymethodinvestments": 113000000,
        "otheroperatingincomeexpensenet": -2060000000,
        "operatingincomeloss": -1212000000,
        "interestexpense": 92000000,
        "othernonoperatingincomeexpense": 74000000,
        "incomelossincludingportionattributabletononcontrollinginterest": -1230000000,
        "incometaxexpensebenefit": 163000000,
        "profitloss": -1401000000,
        "netincomelossattributabletononcontrollinginterest": 38000000,
        "netincomelossavailabletocommonstockholdersbasic": -1431000000,
        "earningspersharebasic": -10.1,
        "earningspersharediluted": -10.04,
        "othercomprehensiveincomelosspensionandotherpostretirementbenefitplansadjustmentnetoftax": 417000000,
        "othercomprehensiveincomelossforeigncurrencytransactionandtranslationadjustmentnetoftax": 283000000,
        "othercomprehensiveincomelosscashflowhedgegainlossafterreclassificationandtax": -18000000,
        "othercomprehensiveincomelossnetoftax": -79000000,
        "comprehensiveincomenetoftaxincludingportionattributabletononcontrollinginterest": -1545000000,
        "comprehensiveincomenetoftaxattributabletononcontrollinginterest": 41000000,
        "comprehensiveincomenetoftax": -1586000000
    },
    {
        "date": "2023-09-29",
        "symbol": "CMI",
        "period": "Q3",
        "revenues": 8431000000,
        "costofrevenue": 6360000000,
        "grossprofit": 2071000000,
        "sellinggeneralandadministrativeexpense": 831000000,
        "researchanddevelopmentexpense": 376000000,
        "incomelossfromequitymethodinvestments": 118000000,
        "otheroperatingincomeexpensenet": -32000000,
        "operatingincomeloss": 950000000,
        "interestexpense": 97000000,
        "othernonoperatingincomeexpense": 25000000,
        "incomelossincludingportionattributabletononcontrollinginterest": 878000000,
        "incometaxexpensebenefit": 188000000,
        "profitloss": 690000000,
        "netincomelossattributabletononcontrollinginterest": 34000000,
        "netincomelossavailabletocommonstockholdersbasic": 656000000,
        "earningspersharebasic": 4.63,
        "earningspersharediluted": 4.59,
        "weightedaveragenumberofsharesoutstandingbasic": 141800000,
        "incrementalcommonsharesattributabletosharebasedpaymentarrangements": 1000000,
        "weightedaveragenumberofdilutedsharesoutstanding": 142800000,
        "othercomprehensiveincomelosspensionandotherpostretirementbenefitplansadjustmentnetoftax": -3000000,
        "othercomprehensiveincomelossforeigncurrencytransactionandtranslationadjustmentnetoftax": -163000000,
        "othercomprehensiveincomelosscashflowhedgegainlossafterreclassificationandtax": 19000000,
        "othercomprehensiveincomelossnetoftax": -141000000,
        "comprehensiveincomenetoftaxincludingportionattributabletononcontrollinginterest": 549000000,
        "comprehensiveincomenetoftaxattributabletononcontrollinginterest": 27000000,
        "comprehensiveincomenetoftax": 522000000
    },
    {
        "date": "2023-06-30",
        "symbol": "CMI",
        "period": "Q2",
        "revenues": 8638000000,
        "costofrevenue": 6490000000,
        "grossprofit": 2148000000,
        "sellinggeneralandadministrativeexpense": 873000000,
        "researchanddevelopmentexpense": 384000000,
        "incomelossfromequitymethodinvestments": 133000000,
        "otheroperatingincomeexpensenet": -27000000,
        "operatingincomeloss": 997000000,
        "interestexpense": 99000000,
        "othernonoperatingincomeexpense": 51000000,
        "incomelossincludingportionattributabletononcontrollinginterest": 949000000,
        "incometaxexpensebenefit": 212000000,
        "profitloss": 737000000,
        "netincomelossattributabletononcontrollinginterest": 17000000,
        "netincomelossavailabletocommonstockholdersbasic": 720000000,
        "earningspersharebasic": 5.08,
        "earningspersharediluted": 5.05,
        "weightedaveragenumberofsharesoutstandingbasic": 141700000,
        "incrementalcommonsharesattributabletosharebasedpaymentarrangements": 800000,
        "weightedaveragenumberofdilutedsharesoutstanding": 142500000,
        "othercomprehensiveincomelosspensionandotherpostretirementbenefitplansadjustmentnetoftax": -2000000,
        "othercomprehensiveincomelossforeigncurrencytransactionandtranslationadjustmentnetoftax": -110000000,
        "othercomprehensiveincomelosscashflowhedgegainlossafterreclassificationandtax": 12000000,
        "othercomprehensiveincomelossnetoftax": -96000000,
        "comprehensiveincomenetoftaxincludingportionattributabletononcontrollinginterest": 641000000,
        "comprehensiveincomenetoftaxattributabletononcontrollinginterest": 15000000,
        "comprehensiveincomenetoftax": 626000000
    },
    {
        "date": "2023-03-30",
        "symbol": "CMI",
        "period": "Q1",
        "revenues": 10377000000,
        "costofrevenue": 6424000000,
        "grossprofit": 2029000000,
        "sellinggeneralandadministrativeexpense": 753000000,
        "researchanddevelopmentexpense": 350000000,
        "incomelossfromequitymethodinvestments": 119000000,
        "otheroperatingincomeexpensenet": -19000000,
        "operatingincomeloss": 1026000000,
        "interestexpense": 87000000,
        "othernonoperatingincomeexpense": 90000000,
        "incomelossincludingportionattributabletononcontrollinginterest": 1029000000,
        "incometaxexpensebenefit": 223000000,
        "profitloss": 814000000,
        "netincomelossattributabletononcontrollinginterest": 16000000,
        "netincomelossavailabletocommonstockholdersbasic": 790000000,
        "earningspersharebasic": 5.58,
        "earningspersharediluted": 5.55,
        "weightedaveragenumberofsharesoutstandingbasic": 141500000,
        "incrementalcommonsharesattributabletosharebasedpaymentarrangements": 900000,
        "weightedaveragenumberofdilutedsharesoutstanding": 142400000,
        "othercomprehensiveincomelosspensionandotherpostretirementbenefitplansadjustmentnetoftax": 9000000,
        "othercomprehensiveincomelossforeigncurrencytransactionandtranslationadjustmentnetoftax": 82000000,
        "othercomprehensiveincomelosscashflowhedgegainlossafterreclassificationandtax": -3000000,
        "othercomprehensiveincomelossnetoftax": -3000000,
        "comprehensiveincomenetoftaxincludingportionattributabletononcontrollinginterest": 876000000,
        "comprehensiveincomenetoftaxattributabletononcontrollinginterest": 19000000,
        "comprehensiveincomenetoftax": 857000000
    },
    {
        "date": "2022-12-31",
        "symbol": "CMI",
        "period": "Q4",
        "revenues": 15819000000,
        "costofrevenue": 5951000000,
        "grossprofit": 1819000000,
        "sellinggeneralandadministrativeexpense": 742000000,
        "researchanddevelopmentexpense": 333000000,
        "incomelossfromequitymethodinvestments": 88000000,
        "otheroperatingincomeexpensenet": -30000000,
        "operatingincomeloss": 802000000,
        "interestexpense": 87000000,
        "othernonoperatingincomeexpense": 63000000,
        "incometaxexpensebenefit": 134000000,
        "profitloss": 1062000000,
        "netincomelossattributabletononcontrollinginterest": 13000000,
        "netincomelossavailabletocommonstockholdersbasic": 631000000,
        "earningspersharebasic": 4.459999999999999,
        "earningspersharediluted": 4.439999999999999,
        "othercomprehensiveincomelosspensionandotherpostretirementbenefitplansadjustmentnetoftax": 109000000,
        "othercomprehensiveincomelossforeigncurrencytransactionandtranslationadjustmentnetoftax": 236000000,
        "othercomprehensiveincomelosscashflowhedgegainlossafterreclassificationandtax": -6000000,
        "othercomprehensiveincomelossnetoftax": 141000000,
        "comprehensiveincomenetoftaxincludingportionattributabletononcontrollinginterest": 765000000,
        "comprehensiveincomenetoftaxattributabletononcontrollinginterest": 11000000,
        "comprehensiveincomenetoftax": 754000000
    },
    {
        "date": "2022-09-30",
        "symbol": "CMI",
        "period": "Q3",
        "revenues": 7333000000,
        "costofrevenue": 5691000000,
        "grossprofit": 1642000000,
        "sellinggeneralandadministrativeexpense": 708000000,
        "researchanddevelopmentexpense": 348000000,
        "incomelossfromequitymethodinvestments": 70000000,
        "otheroperatingincomeexpensenet": -30000000,
        "operatingincomeloss": 626000000,
        "interestexpense": 61000000,
        "othernonoperatingincomeexpense": 43000000,
        "incomelossincludingportionattributabletononcontrollinginterest": 608000000,
        "incometaxexpensebenefit": 199000000,
        "profitloss": 409000000,
        "netincomelossattributabletononcontrollinginterest": 9000000,
        "netincomelossavailabletocommonstockholdersbasic": 400000000,
        "earningspersharebasic": 2.83,
        "earningspersharediluted": 2.82,
        "weightedaveragenumberofsharesoutstandingbasic": 141100000,
        "incrementalcommonsharesattributabletosharebasedpaymentarrangements": 900000,
        "weightedaveragenumberofdilutedsharesoutstanding": 142000000,
        "revenuefromrelatedparties": 295000000,
        "othercomprehensiveincomelosspensionandotherpostretirementbenefitplansadjustmentnetoftax": -6000000,
        "othercomprehensiveincomelossforeigncurrencytransactionandtranslationadjustmentnetoftax": -379000000,
        "othercomprehensiveincomelosscashflowhedgegainlossafterreclassificationandtax": 41000000,
        "othercomprehensiveincomelossnetoftax": -332000000,
        "comprehensiveincomenetoftaxincludingportionattributabletononcontrollinginterest": 77000000,
        "comprehensiveincomenetoftaxattributabletononcontrollinginterest": -6000000,
        "comprehensiveincomenetoftax": 83000000
    },
    {
        "date": "2022-06-30",
        "symbol": "CMI",
        "period": "Q2",
        "revenues": 6586000000,
        "costofrevenue": 4860000000,
        "grossprofit": 1726000000,
        "sellinggeneralandadministrativeexpense": 622000000,
        "researchanddevelopmentexpense": 299000000,
        "incomelossfromequitymethodinvestments": 95000000,
        "otheroperatingincomeexpensenet": -3000000,
        "operatingincomeloss": 897000000,
        "interestexpense": 34000000,
        "othernonoperatingincomeexpense": -8000000,
        "incomelossincludingportionattributabletononcontrollinginterest": 855000000,
        "incometaxexpensebenefit": 148000000,
        "profitloss": 707000000,
        "netincomelossattributabletononcontrollinginterest": 5000000,
        "netincomelossavailabletocommonstockholdersbasic": 702000000,
        "earningspersharebasic": 4.97,
        "earningspersharediluted": 4.94,
        "weightedaveragenumberofsharesoutstandingbasic": 141200000,
        "incrementalcommonsharesattributabletosharebasedpaymentarrangements": 800000,
        "weightedaveragenumberofdilutedsharesoutstanding": 142000000,
        "revenuefromrelatedparties": 281000000,
        "othercomprehensiveincomelosspensionandotherpostretirementbenefitplansadjustmentnetoftax": -6000000,
        "othercomprehensiveincomelossforeigncurrencytransactionandtranslationadjustmentnetoftax": -245000000,
        "othercomprehensiveincomelosscashflowhedgegainlossafterreclassificationandtax": 43000000,
        "othercomprehensiveincomelossnetoftax": -196000000,
        "comprehensiveincomenetoftaxincludingportionattributabletononcontrollinginterest": 511000000,
        "comprehensiveincomenetoftaxattributabletononcontrollinginterest": -10000000,
        "comprehensiveincomenetoftax": 521000000
    },
    {
        "date": "2022-03-30",
        "symbol": "CMI",
        "period": "Q1",
        "revenues": -1664000000,
        "costofrevenue": 4853000000,
        "grossprofit": 1532000000,
        "sellinggeneralandadministrativeexpense": 615000000,
        "researchanddevelopmentexpense": 298000000,
        "incomelossfromequitymethodinvestments": 96000000,
        "otheroperatingincomeexpensenet": -111000000,
        "operatingincomeloss": 604000000,
        "interestexpense": 17000000,
        "othernonoperatingincomeexpense": -9000000,
        "incomelossincludingportionattributabletononcontrollinginterest": 578000000,
        "incometaxexpensebenefit": 155000000,
        "profitloss": 5000000,
        "netincomelossattributabletononcontrollinginterest": 5000000,
        "netincomelossavailabletocommonstockholdersbasic": 418000000,
        "earningspersharebasic": 2.94,
        "earningspersharediluted": 2.92,
        "weightedaveragenumberofsharesoutstandingbasic": 142200000,
        "incrementalcommonsharesattributabletosharebasedpaymentarrangements": 900000,
        "weightedaveragenumberofdilutedsharesoutstanding": 143100000,
        "revenuefromrelatedparties": 344000000,
        "othercomprehensiveincomelosspensionandotherpostretirementbenefitplansadjustmentnetoftax": -16000000,
        "othercomprehensiveincomelossforeigncurrencytransactionandtranslationadjustmentnetoftax": 4000000,
        "othercomprehensiveincomelosscashflowhedgegainlossafterreclassificationandtax": 28000000,
        "othercomprehensiveincomelossnetoftax": 28000000,
        "comprehensiveincomenetoftaxincludingportionattributabletononcontrollinginterest": 471000000,
        "comprehensiveincomenetoftaxattributabletononcontrollinginterest": -3000000,
        "comprehensiveincomenetoftax": 474000000
    },
    {
        "date": "2021-12-31",
        "symbol": "CMI",
        "period": "Q4",
        "revenues": 5850000000,
        "costofrevenue": 4533000000,
        "grossprofit": 1317000000,
        "sellinggeneralandadministrativeexpense": 629000000,
        "researchanddevelopmentexpense": 288000000,
        "incomelossfromequitymethodinvestments": 109000000,
        "otheroperatingincomeexpensenet": -14000000,
        "operatingincomeloss": 495000000,
        "interestexpense": 26000000,
        "othernonoperatingincomeexpense": 45000000,
        "incometaxexpensebenefit": 114000000,
        "profitloss": -203000000,
        "netincomelossattributabletononcontrollinginterest": 6000000,
        "netincomelossavailabletocommonstockholdersbasic": 394000000,
        "earningspersharebasic": 2.7800000000000002,
        "earningspersharediluted": 2.75,
        "revenuefromrelatedparties": 427000000,
        "othercomprehensiveincomelosspensionandotherpostretirementbenefitplansadjustmentnetoftax": -326000000,
        "othercomprehensiveincomelossnetoftax": 367000000,
        "comprehensiveincomenetoftaxincludingportionattributabletononcontrollinginterest": 740000000,
        "comprehensiveincomenetoftaxattributabletononcontrollinginterest": 6000000,
        "comprehensiveincomenetoftax": 734000000
    },
    {
        "date": "2021-10-03",
        "symbol": "CMI",
        "period": "Q3",
        "revenues": 5968000000,
        "costofrevenue": 4554000000,
        "grossprofit": 1414000000,
        "sellinggeneralandadministrativeexpense": 571000000,
        "researchanddevelopmentexpense": 266000000,
        "incomelossfromequitymethodinvestments": 94000000,
        "otheroperatingincomeexpensenet": -5000000,
        "operatingincomeloss": 666000000,
        "interestexpense": 28000000,
        "othernonoperatingincomeexpense": 37000000,
        "incomelossincludingportionattributabletononcontrollinginterest": 675000000,
        "incometaxexpensebenefit": 134000000,
        "profitloss": 1144000000,
        "netincomelossattributabletononcontrollinginterest": 7000000,
        "netincomelossavailabletocommonstockholdersbasic": 534000000,
        "earningspersharebasic": 3.7200000000000015,
        "earningspersharediluted": 3.6899999999999995,
        "weightedaveragenumberofsharesoutstandingbasic": -146900000,
        "incrementalcommonsharesattributabletosharebasedpaymentarrangements": -1400000,
        "weightedaveragenumberofdilutedsharesoutstanding": -148300000,
        "revenuefromrelatedparties": 385000000,
        "othercomprehensiveincomelosspensionandotherpostretirementbenefitplansadjustmentnetoftax": -17000000,
        "othercomprehensiveincomelossforeigncurrencytransactionandtranslationadjustmentnetoftax": 0,
        "othercomprehensiveincomelossnetoftax": -7000000,
        "comprehensiveincomenetoftaxincludingportionattributabletononcontrollinginterest": 561000000,
        "comprehensiveincomenetoftaxattributabletononcontrollinginterest": 9000000,
        "comprehensiveincomenetoftax": 552000000
    },
    {
        "date": "2021-07-04",
        "symbol": "CMI",
        "period": "Q2",
        "revenues": 6111000000,
        "costofrevenue": 4633000000,
        "grossprofit": 1478000000,
        "sellinggeneralandadministrativeexpense": 600000000,
        "researchanddevelopmentexpense": 276000000,
        "incomelossfromequitymethodinvestments": 137000000,
        "otheroperatingincomeexpensenet": -4000000,
        "operatingincomeloss": 735000000,
        "interestexpense": 29000000,
        "othernonoperatingincomeexpense": 73000000,
        "incomelossincludingportionattributabletononcontrollinginterest": 779000000,
        "incometaxexpensebenefit": 167000000,
        "profitloss": 612000000,
        "netincomelossattributabletononcontrollinginterest": 12000000,
        "netincomelossavailabletocommonstockholdersbasic": 600000000,
        "earningspersharebasic": 4.14,
        "earningspersharediluted": 4.1,
        "weightedaveragenumberofsharesoutstandingbasic": 145100000,
        "incrementalcommonsharesattributabletosharebasedpaymentarrangements": 1400000,
        "weightedaveragenumberofdilutedsharesoutstanding": 146500000,
        "revenuefromrelatedparties": 423000000,
        "othercomprehensiveincomelosspensionandotherpostretirementbenefitplansadjustmentnetoftax": -17000000,
        "othercomprehensiveincomelossforeigncurrencytransactionandtranslationadjustmentnetoftax": 22000000,
        "othercomprehensiveincomelossderivativesqualifyingashedgesnetoftax": -38000000,
        "othercomprehensiveincomelossnetoftax": 1000000,
        "comprehensiveincomenetoftaxincludingportionattributabletononcontrollinginterest": 613000000,
        "comprehensiveincomenetoftaxattributabletononcontrollinginterest": 5000000,
        "comprehensiveincomenetoftax": 608000000
    },
    {
        "date": "2021-04-04",
        "symbol": "CMI",
        "period": "Q1",
        "revenues": 6092000000,
        "costofrevenue": 4606000000,
        "grossprofit": 1486000000,
        "sellinggeneralandadministrativeexpense": 574000000,
        "researchanddevelopmentexpense": 260000000,
        "incomelossfromequitymethodinvestments": 166000000,
        "otheroperatingincomeexpensenet": -8000000,
        "operatingincomeloss": 810000000,
        "interestexpense": 28000000,
        "othernonoperatingincomeexpense": 1000000,
        "incomelossincludingportionattributabletononcontrollinginterest": 783000000,
        "incometaxexpensebenefit": 172000000,
        "profitloss": 611000000,
        "netincomelossattributabletononcontrollinginterest": 8000000,
        "netincomelossavailabletocommonstockholdersbasic": 603000000,
        "earningspersharebasic": 4.1,
        "earningspersharediluted": 4.07,
        "weightedaveragenumberofsharesoutstandingbasic": 147000000,
        "incrementalcommonsharesattributabletosharebasedpaymentarrangements": 1300000,
        "weightedaveragenumberofdilutedsharesoutstanding": 148300000,
        "revenuefromrelatedparties": 478000000,
        "othercomprehensiveincomelosspensionandotherpostretirementbenefitplansadjustmentnetoftax": -29000000,
        "othercomprehensiveincomelossforeigncurrencytransactionandtranslationadjustmentnetoftax": -56000000,
        "othercomprehensiveincomelossderivativesqualifyingashedgesnetoftax": 72000000,
        "othercomprehensiveincomelossnetoftax": 45000000,
        "comprehensiveincomenetoftaxincludingportionattributabletononcontrollinginterest": 656000000,
        "comprehensiveincomenetoftaxattributabletononcontrollinginterest": 8000000,
        "comprehensiveincomenetoftax": 648000000
    },
    {
        "date": "2020-12-31",
        "symbol": "CMI",
        "period": "Q4",
        "revenues": 5830000000,
        "costofrevenue": 4469000000,
        "grossprofit": 1361000000,
        "sellinggeneralandadministrativeexpense": 576000000,
        "researchanddevelopmentexpense": 255000000,
        "incomelossfromequitymethodinvestments": 110000000,
        "otheroperatingincomeexpensenet": -11000000,
        "operatingincomeloss": 629000000,
        "interestexpense": 29000000,
        "othernonoperatingincomeexpense": 50000000,
        "incometaxexpensebenefit": 125000000,
        "profitloss": 510000000,
        "netincomelossattributabletononcontrollinginterest": 9000000,
        "netincomelossavailabletocommonstockholdersbasic": 501000000,
        "earningspersharebasic": 3.3899999999999997,
        "earningspersharediluted": 3.38,
        "revenuefromrelatedparties": 377000000,
        "othercomprehensiveincomelosspensionandotherpostretirementbenefitplansadjustmentnetoftax": 35000000,
        "othercomprehensiveincomelossforeigncurrencytransactionandtranslationadjustmentnetoftax": 133000000,
        "othercomprehensiveincomelossderivativesqualifyingashedgesnetoftax": 29000000,
        "othercomprehensiveincomelossnetoftax": 127000000,
        "comprehensiveincomenetoftaxincludingportionattributabletononcontrollinginterest": 637000000,
        "comprehensiveincomenetoftax": 626000000
    },
    {
        "date": "2020-09-27",
        "symbol": "CMI",
        "period": "Q3",
        "revenues": 5118000000,
        "costofrevenue": 3769000000,
        "grossprofit": 1349000000,
        "sellinggeneralandadministrativeexpense": 533000000,
        "researchanddevelopmentexpense": 224000000,
        "incomelossfromequitymethodinvestments": 98000000,
        "otheroperatingincomeexpensenet": -20000000,
        "operatingincomeloss": 670000000,
        "investmentincomeinterest": 4000000,
        "interestexpense": 25000000,
        "othernonoperatingincomeexpense": 37000000,
        "incomelossincludingportionattributabletononcontrollinginterest": 686000000,
        "incometaxexpensebenefit": 182000000,
        "profitloss": 504000000,
        "netincomelossattributabletononcontrollinginterest": 3000000,
        "netincomelossavailabletocommonstockholdersbasic": 501000000,
        "earningspersharebasic": 3.39,
        "earningspersharediluted": 3.36,
        "weightedaveragenumberofsharesoutstandingbasic": 147900000,
        "incrementalcommonsharesattributabletosharebasedpaymentarrangements": 1000000,
        "weightedaveragenumberofdilutedsharesoutstanding": 148900000,
        "revenuefromrelatedparties": 311000000,
        "othercomprehensiveincomelosspensionandotherpostretirementbenefitplansadjustmentnetoftax": -16000000,
        "othercomprehensiveincomelossforeigncurrencytransactionandtranslationadjustmentnetoftax": 111000000,
        "othercomprehensiveincomelossderivativesqualifyingashedgesnetoftax": 18000000,
        "othercomprehensiveincomelossnetoftax": 145000000,
        "comprehensiveincomenetoftaxincludingportionattributabletononcontrollinginterest": 649000000,
        "comprehensiveincomenetoftaxattributabletononcontrollinginterest": 13000000,
        "comprehensiveincomenetoftax": 636000000
    },
    {
        "date": "2020-06-28",
        "symbol": "CMI",
        "period": "Q2",
        "revenues": 3852000000,
        "costofrevenue": 2962000000,
        "grossprofit": 890000000,
        "sellinggeneralandadministrativeexpense": 470000000,
        "researchanddevelopmentexpense": 189000000,
        "incomelossfromequitymethodinvestments": 115000000,
        "otheroperatingincomeexpensenet": -10000000,
        "operatingincomeloss": 336000000,
        "investmentincomeinterest": 4000000,
        "interestexpense": 23000000,
        "othernonoperatingincomeexpense": 45000000,
        "incomelossincludingportionattributabletononcontrollinginterest": 362000000,
        "incometaxexpensebenefit": 93000000,
        "profitloss": 269000000,
        "netincomelossattributabletononcontrollinginterest": -7000000,
        "netincomelossavailabletocommonstockholdersbasic": 276000000,
        "earningspersharebasic": 1.87,
        "earningspersharediluted": 1.86,
        "weightedaveragenumberofsharesoutstandingbasic": 147600000,
        "incrementalcommonsharesattributabletosharebasedpaymentarrangements": 400000,
        "weightedaveragenumberofdilutedsharesoutstanding": 148000000,
        "revenuefromrelatedparties": 338000000,
        "othercomprehensiveincomelosspensionandotherpostretirementbenefitplansadjustmentnetoftax": -16000000,
        "othercomprehensiveincomelossforeigncurrencytransactionandtranslationadjustmentnetoftax": -11000000,
        "othercomprehensiveincomelossderivativesqualifyingashedgesnetoftax": -2000000,
        "othercomprehensiveincomelossnetoftax": 3000000,
        "comprehensiveincomenetoftaxincludingportionattributabletononcontrollinginterest": 272000000,
        "comprehensiveincomenetoftaxattributabletononcontrollinginterest": -12000000,
        "comprehensiveincomenetoftax": 284000000
    },
    {
        "date": "2020-03-29",
        "symbol": "CMI",
        "period": "Q1",
        "revenues": 5011000000,
        "costofrevenue": 3717000000,
        "grossprofit": 1294000000,
        "sellinggeneralandadministrativeexpense": 546000000,
        "researchanddevelopmentexpense": 238000000,
        "incomelossfromequitymethodinvestments": 129000000,
        "otheroperatingincomeexpensenet": -5000000,
        "operatingincomeloss": 634000000,
        "investmentincomeinterest": 7000000,
        "interestexpense": 23000000,
        "othernonoperatingincomeexpense": 37000000,
        "incomelossincludingportionattributabletononcontrollinginterest": 655000000,
        "incometaxexpensebenefit": 127000000,
        "profitloss": 528000000,
        "netincomelossattributabletononcontrollinginterest": 17000000,
        "netincomelossavailabletocommonstockholdersbasic": 511000000,
        "earningspersharebasic": 3.42,
        "earningspersharediluted": 3.41,
        "weightedaveragenumberofsharesoutstandingbasic": 149300000,
        "incrementalcommonsharesattributabletosharebasedpaymentarrangements": 400000,
        "weightedaveragenumberofdilutedsharesoutstanding": 149700000,
        "revenuefromrelatedparties": 257000000,
        "othercomprehensiveincomelosspensionandotherpostretirementbenefitplansadjustmentnetoftax": -2000000,
        "othercomprehensiveincomelossforeigncurrencytransactionandtranslationadjustmentnetoftax": -162000000,
        "othercomprehensiveincomelossderivativesqualifyingashedgesnetoftax": -79000000,
        "othercomprehensiveincomelossnetoftax": -239000000,
        "comprehensiveincomenetoftaxincludingportionattributabletononcontrollinginterest": 289000000,
        "comprehensiveincomenetoftax": 289000000
    },
    {
        "date": "2019-12-31",
        "symbol": "CMI",
        "period": "Q4",
        "profitloss": 298000000,
        "othercomprehensiveincomelosspensionandotherpostretirementbenefitplansadjustmentnetoftax": 65000000,
        "othercomprehensiveincomelossforeigncurrencytransactionandtranslationadjustmentnetoftax": 45000000,
        "othercomprehensiveincomelossderivativesqualifyingashedgesnetoftax": 29000000,
        "othercomprehensiveincomelossnetoftax": 9000000,
        "comprehensiveincomenetoftaxincludingportionattributabletononcontrollinginterest": 307000000,
        "comprehensiveincomenetoftaxattributabletononcontrollinginterest": -5000000,
        "comprehensiveincomenetoftax": 312000000,
        "revenues": 5578000000,
        "costofrevenue": 4265000000,
        "grossprofit": 1313000000,
        "sellinggeneralandadministrativeexpense": 632000000,
        "researchanddevelopmentexpense": 271000000,
        "incomelossfromequitymethodinvestments": 74000000,
        "otheroperatingincomeexpensenet": -11000000,
        "operatingincomeloss": 354000000,
        "investmentincomeinterest": 8000000,
        "interestexpense": 22000000,
        "othernonoperatingincomeexpense": 23000000,
        "incometaxexpensebenefit": 65000000,
        "netincomelossattributabletononcontrollinginterest": -2000000,
        "netincomelossavailabletocommonstockholdersbasic": 300000000,
        "earningspersharebasic": 2.039999999999999,
        "earningspersharediluted": 2.04,
        "revenuefromrelatedparties": 309000000
    },
    {
        "date": "2019-09-29",
        "symbol": "CMI",
        "period": "Q3",
        "profitloss": 616000000,
        "othercomprehensiveincomelosspensionandotherpostretirementbenefitplansadjustmentnetoftax": -6000000,
        "othercomprehensiveincomelossforeigncurrencytransactionandtranslationadjustmentnetoftax": -182000000,
        "othercomprehensiveincomelossderivativesqualifyingashedgesnetoftax": -29000000,
        "othercomprehensiveincomelossnetoftax": -205000000,
        "comprehensiveincomenetoftaxincludingportionattributabletononcontrollinginterest": 411000000,
        "comprehensiveincomenetoftaxattributabletononcontrollinginterest": -11000000,
        "comprehensiveincomenetoftax": 422000000,
        "revenues": 5768000000,
        "costofrevenue": 4274000000,
        "grossprofit": 1494000000,
        "sellinggeneralandadministrativeexpense": 600000000,
        "researchanddevelopmentexpense": 242000000,
        "incomelossfromequitymethodinvestments": 68000000,
        "otheroperatingincomeexpensenet": -21000000,
        "operatingincomeloss": 699000000,
        "investmentincomeinterest": 14000000,
        "interestexpense": 26000000,
        "othernonoperatingincomeexpense": 68000000,
        "incomelossincludingportionattributabletononcontrollinginterest": 755000000,
        "incometaxexpensebenefit": 139000000,
        "netincomelossattributabletononcontrollinginterest": -6000000,
        "netincomelossavailabletocommonstockholdersbasic": 622000000,
        "earningspersharebasic": 3.99,
        "earningspersharediluted": 3.97,
        "weightedaveragenumberofsharesoutstandingbasic": 155900000,
        "incrementalcommonsharesattributabletosharebasedpaymentarrangements": 700000,
        "weightedaveragenumberofdilutedsharesoutstanding": 156600000,
        "revenuefromrelatedparties": 280000000
    },
    {
        "date": "2019-06-30",
        "symbol": "CMI",
        "period": "Q2",
        "profitloss": 685000000,
        "othercomprehensiveincomelosspensionandotherpostretirementbenefitplansadjustmentnetoftax": -7000000,
        "othercomprehensiveincomelossforeigncurrencytransactionandtranslationadjustmentnetoftax": -99000000,
        "othercomprehensiveincomelossderivativesqualifyingashedgesnetoftax": -10000000,
        "othercomprehensiveincomelossavailableforsalesecuritiesadjustmentnetoftax": 1000000,
        "othercomprehensiveincomelossnetoftax": -101000000,
        "comprehensiveincomenetoftaxincludingportionattributabletononcontrollinginterest": 584000000,
        "comprehensiveincomenetoftaxattributabletononcontrollinginterest": 10000000,
        "comprehensiveincomenetoftax": 574000000,
        "revenues": 6221000000,
        "costofrevenue": 4580000000,
        "grossprofit": 1641000000,
        "sellinggeneralandadministrativeexpense": 629000000,
        "researchanddevelopmentexpense": 251000000,
        "incomelossfromequitymethodinvestments": 96000000,
        "otheroperatingincomeexpensenet": -9000000,
        "operatingincomeloss": 848000000,
        "investmentincomeinterest": 12000000,
        "interestexpense": 29000000,
        "othernonoperatingincomeexpense": 40000000,
        "incomelossincludingportionattributabletononcontrollinginterest": 871000000,
        "incometaxexpensebenefit": 186000000,
        "netincomelossattributabletononcontrollinginterest": 10000000,
        "netincomelossavailabletocommonstockholdersbasic": 675000000,
        "earningspersharebasic": 4.29,
        "earningspersharediluted": 4.27,
        "weightedaveragenumberofsharesoutstandingbasic": 157400000,
        "incrementalcommonsharesattributabletosharebasedpaymentarrangements": 600000,
        "weightedaveragenumberofdilutedsharesoutstanding": 158000000,
        "revenuefromrelatedparties": 317000000
    },
    {
        "date": "2019-03-31",
        "symbol": "CMI",
        "period": "Q1",
        "profitloss": 669000000,
        "othercomprehensiveincomelosspensionandotherpostretirementbenefitplansadjustmentnetoftax": 11000000,
        "othercomprehensiveincomelossforeigncurrencytransactionandtranslationadjustmentnetoftax": 84000000,
        "othercomprehensiveincomelossderivativesqualifyingashedgesnetoftax": -1000000,
        "othercomprehensiveincomelossavailableforsalesecuritiesadjustmentnetoftax": -1000000,
        "othercomprehensiveincomelossnetoftax": 71000000,
        "comprehensiveincomenetoftaxincludingportionattributabletononcontrollinginterest": 740000000,
        "comprehensiveincomenetoftaxattributabletononcontrollinginterest": 9000000,
        "comprehensiveincomenetoftax": 731000000,
        "revenues": 6004000000,
        "costofrevenue": 4472000000,
        "grossprofit": 1532000000,
        "sellinggeneralandadministrativeexpense": 593000000,
        "researchanddevelopmentexpense": 237000000,
        "incomelossfromequitymethodinvestments": 92000000,
        "otheroperatingincomeexpensenet": 5000000,
        "operatingincomeloss": 799000000,
        "investmentincomeinterest": 12000000,
        "interestexpense": 32000000,
        "othernonoperatingincomeexpense": 66000000,
        "incomelossincludingportionattributabletononcontrollinginterest": 845000000,
        "incometaxexpensebenefit": 176000000,
        "netincomelossattributabletononcontrollinginterest": 6000000,
        "netincomelossavailabletocommonstockholdersbasic": 663000000,
        "earningspersharebasic": 4.22,
        "earningspersharediluted": 4.2,
        "weightedaveragenumberofsharesoutstandingbasic": 157200000,
        "incrementalcommonsharesattributabletosharebasedpaymentarrangements": 500000,
        "weightedaveragenumberofdilutedsharesoutstanding": 157700000,
        "revenuefromrelatedparties": 285000000
    },
    {
        "date": "2018-12-31",
        "symbol": "CMI",
        "period": "Q4",
        "profitloss": 610000000,
        "othercomprehensiveincomelosspensionandotherpostretirementbenefitplansadjustmentnetoftax": 16000000,
        "othercomprehensiveincomelossforeigncurrencytransactionandtranslationadjustmentnetoftax": 18000000,
        "othercomprehensiveincomelossnetoftax": -89000000,
        "comprehensiveincomenetoftaxincludingportionattributabletononcontrollinginterest": 613000000,
        "comprehensiveincomenetoftaxattributabletononcontrollinginterest": 42000000,
        "comprehensiveincomenetoftax": 571000000,
        "costofrevenue": 4580000000,
        "grossprofit": 1546000000,
        "sellinggeneralandadministrativeexpense": 643000000,
        "researchanddevelopmentexpense": 244000000,
        "incomelossfromequitymethodinvestments": 79000000,
        "otheroperatingincomeexpensenet": -7000000,
        "operatingincomeloss": 731000000,
        "investmentincomeinterest": 9000000,
        "interestexpense": 32000000,
        "othernonoperatingincomeexpense": 2000000,
        "incometaxexpensebenefit": 100000000,
        "netincomelossavailabletocommonstockholdersbasic": 579000000,
        "earningspersharebasic": 3.6100000000000003,
        "earningspersharediluted": 3.6000000000000014,
        "revenuefromrelatedparties": 316000000
    },
    {
        "date": "2018-09-30",
        "symbol": "CMI",
        "period": "Q3",
        "profitloss": 698000000,
        "othercomprehensiveincomelosspensionandotherpostretirementbenefitplansadjustmentnetoftax": -13000000,
        "othercomprehensiveincomelossforeigncurrencytransactionandtranslationadjustmentnetoftax": -159000000,
        "othercomprehensiveincomelossderivativesqualifyingashedgesnetoftax": -3000000,
        "othercomprehensiveincomelossnetoftax": -149000000,
        "comprehensiveincomenetoftaxincludingportionattributabletononcontrollinginterest": 549000000,
        "comprehensiveincomenetoftaxattributabletononcontrollinginterest": -11000000,
        "comprehensiveincomenetoftax": 560000000,
        "revenues": 5943000000,
        "costofrevenue": 4392000000,
        "grossprofit": 1551000000,
        "sellinggeneralandadministrativeexpense": 604000000,
        "researchanddevelopmentexpense": 229000000,
        "incomelossfromequitymethodinvestments": 90000000,
        "otheroperatingincomeexpensenet": -5000000,
        "operatingincomeloss": 803000000,
        "investmentincomeinterest": 9000000,
        "interestexpense": 30000000,
        "othernonoperatingincomeexpense": 23000000,
        "incomelossincludingportionattributabletononcontrollinginterest": 805000000,
        "incometaxexpensebenefit": 107000000,
        "netincomelossattributabletononcontrollinginterest": 6000000,
        "netincomelossavailabletocommonstockholdersbasic": 692000000,
        "earningspersharebasic": 4.29,
        "earningspersharediluted": 4.28,
        "weightedaveragenumberofsharesoutstandingbasic": 161300000,
        "incrementalcommonsharesattributabletosharebasedpaymentarrangements": 500000,
        "weightedaveragenumberofdilutedsharesoutstanding": 161800000,
        "commonstockdividendspersharedeclared": 1.14,
        "revenuefromrelatedparties": 314000000
    },
    {
        "date": "2018-07-01",
        "symbol": "CMI",
        "period": "Q2",
        "profitloss": 554000000,
        "othercomprehensiveincomelosspensionandotherpostretirementbenefitplansadjustmentnetoftax": -13000000,
        "othercomprehensiveincomelossforeigncurrencytransactionandtranslationadjustmentnetoftax": -299000000,
        "othercomprehensiveincomelossderivativesqualifyingashedgesnetoftax": 0,
        "othercomprehensiveincomelossnetoftax": -194000000,
        "comprehensiveincomenetoftaxincludingportionattributabletononcontrollinginterest": 268000000,
        "comprehensiveincomenetoftaxattributabletononcontrollinginterest": -7000000,
        "comprehensiveincomenetoftax": 275000000,
        "salesrevenuenet": 13260000000,
        "costofrevenue": 4692000000,
        "grossprofit": 1440000000,
        "sellinggeneralandadministrativeexpense": 613000000,
        "researchanddevelopmentexpense": 219000000,
        "incomelossfromequitymethodinvestments": 110000000,
        "otheroperatingincomeexpensenet": 4000000,
        "operatingincomeloss": 722000000,
        "investmentincomeinterest": 10000000,
        "interestexpense": 28000000,
        "othernonoperatingincomeexpense": 11000000,
        "incometaxexpensebenefit": 161000000,
        "netincomelossavailabletocommonstockholdersbasic": 545000000,
        "earningspersharebasic": 3.33,
        "earningspersharediluted": 3.3099999999999996,
        "weightedaveragenumberofsharesoutstandingbasic": -600000,
        "incrementalcommonsharesattributabletosharebasedpaymentarrangements": -100000,
        "weightedaveragenumberofdilutedsharesoutstanding": -700000,
        "commonstockdividendspersharedeclared": 1.08,
        "revenuefromrelatedparties": 340000000
    },
    {
        "date": "2018-04-01",
        "symbol": "CMI",
        "period": "Q1",
        "profitloss": 325000000,
        "othercomprehensiveincomelosspensionandotherpostretirementbenefitplansadjustmentnetoftax": -8000000,
        "othercomprehensiveincomelossforeigncurrencytransactionandtranslationadjustmentnetoftax": 84000000,
        "othercomprehensiveincomelossderivativesqualifyingashedgesnetoftax": 7000000,
        "othercomprehensiveincomelossnetoftax": 99000000,
        "comprehensiveincomenetoftaxincludingportionattributabletononcontrollinginterest": 424000000,
        "comprehensiveincomenetoftaxattributabletononcontrollinginterest": -7000000,
        "comprehensiveincomenetoftax": 431000000,
        "salesrevenuenet": 5570000000,
        "costofrevenue": 4370000000,
        "grossprofit": 1200000000,
        "sellinggeneralandadministrativeexpense": 577000000,
        "researchanddevelopmentexpense": 210000000,
        "incomelossfromequitymethodinvestments": 115000000,
        "otheroperatingincomeexpensenet": 2000000,
        "operatingincomeloss": 530000000,
        "investmentincomeinterest": 7000000,
        "interestexpense": 24000000,
        "othernonoperatingincomeexpense": 10000000,
        "incomelossfromcontinuingoperationsbeforeincometaxesextraordinaryitemsnoncontrollinginterest": 523000000,
        "incometaxexpensebenefit": 198000000,
        "netincomelossavailabletocommonstockholdersbasic": 325000000,
        "earningspersharebasic": 1.97,
        "earningspersharediluted": 1.96,
        "weightedaveragenumberofsharesoutstandingbasic": 164900000,
        "incrementalcommonsharesattributabletosharebasedpaymentarrangements": 800000,
        "weightedaveragenumberofdilutedsharesoutstanding": 165700000,
        "commonstockdividendspersharedeclared": 1.08,
        "revenuefromrelatedparties": 297000000
    },
    {
        "date": "2017-12-31",
        "symbol": "CMI",
        "period": "Q4",
        "profitloss": -283000000,
        "othercomprehensiveincomelosspensionandotherpostretirementbenefitplansadjustmentnetoftax": 56000000,
        "othercomprehensiveincomelossforeigncurrencytransactionandtranslationadjustmentnetoftax": 59000000,
        "othercomprehensiveincomelossnetoftax": 23000000,
        "comprehensiveincomenetoftaxincludingportionattributabletononcontrollinginterest": -300000000,
        "comprehensiveincomenetoftaxattributabletononcontrollinginterest": -27000000,
        "comprehensiveincomenetoftax": -273000000,
        "salesrevenuenet": 17870000000,
        "costofrevenue": 4102000000,
        "grossprofit": 1374000000,
        "sellinggeneralandadministrativeexpense": 633000000,
        "researchanddevelopmentexpense": 439000000,
        "otheroperatingincomeexpensenet": 10000000,
        "operatingincomeloss": 595000000,
        "investmentincomeinterest": 13000000,
        "interestexpense": 24000000,
        "othernonoperatingincomeexpense": 18000000,
        "incomelossfromcontinuingoperationsbeforeincometaxesextraordinaryitemsnoncontrollinginterest": 596000000,
        "incometaxexpensebenefit": 905000000,
        "netincomelossattributabletononcontrollinginterest": -35000000,
        "netincomelossavailabletocommonstockholdersbasic": -274000000,
        "earningspersharebasic": -1.6300000000000003,
        "earningspersharediluted": -1.62,
        "revenuefromrelatedparties": 339000000
    },
    {
        "date": "2017-10-01",
        "symbol": "CMI",
        "period": "Q3",
        "profitloss": 457000000,
        "othercomprehensiveincomelosspensionandotherpostretirementbenefitplansadjustmentnetoftax": -16000000,
        "othercomprehensiveincomelossforeigncurrencytransactionandtranslationadjustmentnetoftax": 94000000,
        "othercomprehensiveincomelossderivativesqualifyingashedgesnetoftax": -1000000,
        "othercomprehensiveincomelossnetoftax": 109000000,
        "comprehensiveincomenetoftaxincludingportionattributabletononcontrollinginterest": 566000000,
        "comprehensiveincomenetoftaxattributabletononcontrollinginterest": 2000000,
        "comprehensiveincomenetoftax": 564000000,
        "salesrevenuenet": 5285000000,
        "costofrevenue": 3946000000,
        "grossprofit": 1339000000,
        "sellinggeneralandadministrativeexpense": 624000000,
        "researchanddevelopmentexpense": 213000000,
        "incomelossfromequitymethodinvestments": 95000000,
        "otheroperatingincomeexpensenet": 32000000,
        "operatingincomeloss": 629000000,
        "investmentincomeinterest": 4000000,
        "interestexpense": 18000000,
        "othernonoperatingincomeexpense": 7000000,
        "incomelossfromcontinuingoperationsbeforeincometaxesextraordinaryitemsnoncontrollinginterest": 622000000,
        "incometaxexpensebenefit": 165000000,
        "netincomelossattributabletononcontrollinginterest": 4000000,
        "netincomelossavailabletocommonstockholdersbasic": 453000000,
        "earningspersharebasic": 2.72,
        "earningspersharediluted": 2.71,
        "weightedaveragenumberofsharesoutstandingbasic": 166300000,
        "incrementalcommonsharesattributabletosharebasedpaymentarrangements": 700000,
        "weightedaveragenumberofdilutedsharesoutstanding": 167000000,
        "commonstockdividendspersharedeclared": 1.08,
        "revenuefromrelatedparties": 285000000
    },
    {
        "date": "2017-07-02",
        "symbol": "CMI",
        "period": "Q2",
        "profitloss": 424000000,
        "othercomprehensiveincomelossforeigncurrencytransactionandtranslationadjustmentnetoftax": 102000000,
        "othercomprehensiveincomelossderivativesqualifyingashedgesnetoftax": 0,
        "othercomprehensiveincomelosspensionandotherpostretirementbenefitplansadjustmentnetoftax": -15000000,
        "othercomprehensiveincomelossnetoftax": 117000000,
        "comprehensiveincomenetoftaxincludingportionattributabletononcontrollinginterest": 559000000,
        "comprehensiveincomenetoftaxattributabletononcontrollinginterest": 18000000,
        "comprehensiveincomenetoftax": 541000000,
        "salesrevenuenet": -7316000000,
        "costofrevenue": 3829000000,
        "grossprofit": 1249000000,
        "sellinggeneralandadministrativeexpense": 596000000,
        "researchanddevelopmentexpense": -58000000,
        "equityroyaltyandinterestincomefrominvestees": -82000000,
        "otheroperatingincomeexpensenet": 18000000,
        "operatingincomeloss": 595000000,
        "investmentincomeinterest": -1000000,
        "interestexpense": 21000000,
        "othernonoperatingincomeexpense": 20000000,
        "incomelossfromcontinuingoperationsbeforeincometaxesextraordinaryitemsnoncontrollinginterest": 599000000,
        "incometaxexpensebenefit": 158000000,
        "netincomelossattributabletononcontrollinginterest": 17000000,
        "netincomelossavailabletocommonstockholdersbasic": 424000000,
        "earningspersharebasic": 2.5400000000000005,
        "earningspersharediluted": 2.52,
        "weightedaveragenumberofsharesoutstandingbasic": -100000,
        "incrementalcommonsharesattributabletosharebasedpaymentarrangements": 0,
        "weightedaveragenumberofdilutedsharesoutstanding": -100000,
        "commonstockdividendspersharedeclared": 1.025,
        "revenuefromrelatedparties": 283000000
    },
    {
        "date": "2017-04-01",
        "symbol": "CMI",
        "period": "Q1",
        "profitloss": 396000000,
        "othercomprehensiveincomelossforeigncurrencytransactionandtranslationadjustmentnetoftax": 80000000,
        "othercomprehensiveincomelossderivativesqualifyingashedgesnetoftax": 1000000,
        "othercomprehensiveincomelosspensionandotherpostretirementbenefitplansadjustmentnetoftax": -21000000,
        "othercomprehensiveincomelossnetoftax": 89000000,
        "comprehensiveincomenetoftaxincludingportionattributabletononcontrollinginterest": 507000000,
        "comprehensiveincomenetoftaxattributabletononcontrollinginterest": 22000000,
        "comprehensiveincomenetoftax": 485000000,
        "salesrevenuenet": 4589000000,
        "costofrevenue": 3461000000,
        "grossprofit": 1128000000,
        "sellinggeneralandadministrativeexpense": 537000000,
        "researchanddevelopmentexpense": 158000000,
        "equityroyaltyandinterestincomefrominvestees": 108000000,
        "otheroperatingincomeexpensenet": 5000000,
        "operatingincomeloss": 546000000,
        "investmentincomeinterest": 2000000,
        "interestexpense": 18000000,
        "othernonoperatingincomeexpense": 18000000,
        "incomelossfromcontinuingoperationsbeforeincometaxesextraordinaryitemsnoncontrollinginterest": 548000000,
        "incometaxexpensebenefit": 143000000,
        "netincomelossattributabletononcontrollinginterest": 9000000,
        "netincomelossavailabletocommonstockholdersbasic": 396000000,
        "earningspersharebasic": 2.36,
        "earningspersharediluted": 2.36,
        "weightedaveragenumberofsharesoutstandingbasic": 167500000,
        "incrementalcommonsharesattributabletosharebasedpaymentarrangements": 500000,
        "weightedaveragenumberofdilutedsharesoutstanding": 168000000,
        "commonstockdividendspersharedeclared": 1.025,
        "revenuefromrelatedparties": 267000000
    },
    {
        "date": "2016-10-02",
        "symbol": "CMI",
        "period": "Q3",
        "profitloss": 697000000,
        "othercomprehensiveincomelossforeigncurrencytransactionandtranslationadjustmentnetoftax": -29000000,
        "othercomprehensiveincomelossderivativesqualifyingashedgesnetoftax": 7000000,
        "othercomprehensiveincomelosspensionandotherpostretirementbenefitplansadjustmentnetoftax": -13000000,
        "othercomprehensiveincomelossnetoftax": -12000000,
        "comprehensiveincomenetoftaxincludingportionattributabletononcontrollinginterest": 291000000,
        "comprehensiveincomenetoftaxattributabletononcontrollinginterest": 14000000,
        "comprehensiveincomenetoftax": 277000000,
        "salesrevenuenet": -6659000000,
        "costofrevenue": 3108000000,
        "grossprofit": 1079000000,
        "sellinggeneralandadministrativeexpense": 513000000,
        "researchanddevelopmentexpense": -73000000,
        "equityroyaltyandinterestincomefrominvestees": -54000000,
        "otheroperatingincomeexpensenet": 39000000,
        "operatingincomeloss": 384000000,
        "investmentincomeinterest": -3000000,
        "interestexpense": 16000000,
        "othernonoperatingincomeexpense": 8000000,
        "incomelossfromcontinuingoperationsbeforeincometaxesextraordinaryitemsnoncontrollinginterest": 382000000,
        "incometaxexpensebenefit": -134000000,
        "netincomelossattributabletononcontrollinginterest": 11000000,
        "netincomelossavailabletocommonstockholdersbasic": 289000000,
        "earningspersharebasic": 1.71,
        "earningspersharediluted": 1.7200000000000002,
        "weightedaveragenumberofsharesoutstandingbasic": -171100000,
        "incrementalcommonsharesattributabletosharebasedpaymentarrangements": -200000,
        "weightedaveragenumberofdilutedsharesoutstanding": -171300000,
        "commonstockdividendspersharedeclared": 1.025,
        "revenuefromrelatedparties": 275000000
    },
    {
        "date": "2016-07-03",
        "symbol": "CMI",
        "period": "Q2",
        "profitloss": -2000000,
        "othercomprehensiveincomelossforeigncurrencytransactionandtranslationadjustmentnetoftax": -213000000,
        "othercomprehensiveincomelossderivativesqualifyingashedgesnetoftax": -6000000,
        "othercomprehensiveincomelosspensionandotherpostretirementbenefitplansadjustmentnetoftax": -9000000,
        "othercomprehensiveincomelossavailableforsalesecuritiesadjustmentnetoftax": 1000000,
        "othercomprehensiveincomelossnetoftax": -203000000,
        "comprehensiveincomenetoftaxincludingportionattributabletononcontrollinginterest": 218000000,
        "comprehensiveincomenetoftaxattributabletononcontrollinginterest": 15000000,
        "comprehensiveincomenetoftax": 203000000,
        "salesrevenuenet": -1218000000,
        "costofrevenue": 3331000000,
        "grossprofit": 1197000000,
        "sellinggeneralandadministrativeexpense": 524000000,
        "researchanddevelopmentexpense": 48000000,
        "equityroyaltyandinterestincomefrominvestees": 11000000,
        "otheroperatingincomeexpensenet": -39000000,
        "operatingincomeloss": 567000000,
        "investmentincomeinterest": 1000000,
        "interestexpense": 16000000,
        "othernonoperatingincomeexpense": 18000000,
        "incomelossfromcontinuingoperationsbeforeincometaxesextraordinaryitemsnoncontrollinginterest": 575000000,
        "incometaxexpensebenefit": -2000000,
        "netincomelossattributabletononcontrollinginterest": 21000000,
        "netincomelossavailabletocommonstockholdersbasic": 406000000,
        "earningspersharebasic": 2.41,
        "earningspersharediluted": 2.4,
        "weightedaveragenumberofsharesoutstandingbasic": 168800000,
        "incrementalcommonsharesattributabletosharebasedpaymentarrangements": 200000,
        "weightedaveragenumberofdilutedsharesoutstanding": 169000000,
        "commonstockdividendspersharedeclared": 0.975,
        "revenuefromrelatedparties": 276000000
    },
    {
        "date": "2016-04-02",
        "symbol": "CMI",
        "period": "Q1",
        "profitloss": 321000000,
        "othercomprehensiveincomelossforeigncurrencytransactionandtranslationadjustmentnetoftax": -57000000,
        "othercomprehensiveincomelossderivativesqualifyingashedgesnetoftax": -21000000,
        "othercomprehensiveincomelosspensionandotherpostretirementbenefitplansadjustmentnetoftax": -9000000,
        "othercomprehensiveincomelossnetoftax": -69000000,
        "comprehensiveincomenetoftaxincludingportionattributabletononcontrollinginterest": 264000000,
        "comprehensiveincomenetoftaxattributabletononcontrollinginterest": 12000000,
        "comprehensiveincomenetoftax": 252000000,
        "salesrevenuenet": 4291000000,
        "costofrevenue": 3235000000,
        "grossprofit": 1056000000,
        "sellinggeneralandadministrativeexpense": 490000000,
        "researchanddevelopmentexpense": 166000000,
        "equityroyaltyandinterestincomefrominvestees": 72000000,
        "otheroperatingincomeexpensenet": -2000000,
        "operatingincomeloss": 470000000,
        "investmentincomeinterest": 6000000,
        "interestexpense": 19000000,
        "othernonoperatingincomeexpense": 8000000,
        "incomelossfromcontinuingoperationsbeforeincometaxesextraordinaryitemsnoncontrollinginterest": 465000000,
        "incometaxexpensebenefit": 132000000,
        "netincomelossattributabletononcontrollinginterest": 12000000,
        "netincomelossavailabletocommonstockholdersbasic": 321000000,
        "earningspersharebasic": 1.87,
        "earningspersharediluted": 1.87,
        "weightedaveragenumberofsharesoutstandingbasic": 171800000,
        "incrementalcommonsharesattributabletosharebasedpaymentarrangements": 200000,
        "weightedaveragenumberofdilutedsharesoutstanding": 172000000,
        "commonstockdividendspersharedeclared": 0.975,
        "revenuefromrelatedparties": 242000000
    },
    {
        "date": "2015-12-30",
        "symbol": "CMI",
        "period": "Q4",
        "profitloss": 1008000000,
        "othercomprehensiveincomelossforeigncurrencytransactionandtranslationadjustmentnetoftax": -53000000,
        "othercomprehensiveincomelosspensionandotherpostretirementbenefitplansadjustmentnetoftax": 28000000,
        "othercomprehensiveincomelossavailableforsalesecuritiesadjustmentnetoftax": 0,
        "othercomprehensiveincomelossnetoftax": -90000000,
        "comprehensiveincomenetoftaxincludingportionattributabletononcontrollinginterest": 88000000,
        "comprehensiveincomenetoftaxattributabletononcontrollinginterest": 17000000,
        "comprehensiveincomenetoftax": 71000000,
        "salesrevenuenet": 7463000000,
        "costofrevenue": 3554000000,
        "grossprofit": 1212000000,
        "sellinggeneralandadministrativeexpense": 508000000,
        "researchanddevelopmentexpense": -163000000,
        "equityroyaltyandinterestincomefrominvestees": -55000000,
        "operatingincomeloss": 229000000,
        "investmentincomeinterest": -4000000,
        "interestexpense": 18000000,
        "othernonoperatingincomeexpense": -11000000,
        "incomelossfromcontinuingoperationsbeforeincometaxesextraordinaryitemsnoncontrollinginterest": -1247000000,
        "incometaxexpensebenefit": -145000000,
        "netincomelossattributabletononcontrollinginterest": 17000000,
        "netincomelossavailabletocommonstockholdersbasic": 161000000,
        "earningspersharebasic": 0.9400000000000008,
        "earningspersharediluted": 0.9399999999999991,
        "revenuefromrelatedparties": 253000000
    },
    {
        "date": "2015-09-27",
        "symbol": "CMI",
        "period": "Q3",
        "profitloss": 5000000,
        "othercomprehensiveincomelosspensionandotherpostretirementbenefitplansadjustmentnetoftax": -15000000,
        "othercomprehensiveincomelossforeigncurrencytransactionandtranslationadjustmentnetoftax": -221000000,
        "othercomprehensiveincomelossavailableforsalesecuritiesadjustmentnetoftax": -1000000,
        "othercomprehensiveincomelossderivativesqualifyingashedgesnetoftax": 7000000,
        "othercomprehensiveincomelossnetoftax": -187000000,
        "comprehensiveincomenetoftaxincludingportionattributabletononcontrollinginterest": 192000000,
        "comprehensiveincomenetoftaxattributabletononcontrollinginterest": -1000000,
        "comprehensiveincomenetoftax": 193000000,
        "salesrevenuenet": 6000000,
        "costofrevenue": 3412000000,
        "grossprofit": 1208000000,
        "sellinggeneralandadministrativeexpense": 530000000,
        "researchanddevelopmentexpense": 14000000,
        "equityroyaltyandinterestincomefrominvestees": 10000000,
        "otheroperatingincomeexpensenet": -2000000,
        "operatingincomeloss": 557000000,
        "investmentincomeinterest": 1000000,
        "interestexpense": 16000000,
        "othernonoperatingincomeexpense": 11000000,
        "incomelossfromcontinuingoperationsbeforeincometaxesextraordinaryitemsnoncontrollinginterest": 6000000,
        "incometaxexpensebenefit": 1000000,
        "netincomelossattributabletononcontrollinginterest": 12000000,
        "netincomelossavailabletocommonstockholdersbasic": 380000000,
        "earningspersharebasic": 2.15,
        "earningspersharediluted": 2.14,
        "weightedaveragenumberofsharesoutstandingbasic": 177000000,
        "incrementalcommonsharesattributabletosharebasedpaymentarrangements": 400000,
        "weightedaveragenumberofdilutedsharesoutstanding": 177400000,
        "commonstockdividendspersharedeclared": 0.975,
        "revenuefromrelatedparties": 274000000
    },
    {
        "date": "2015-06-28",
        "symbol": "CMI",
        "period": "Q2",
        "profitloss": -1000000,
        "othercomprehensiveincomelosspensionandotherpostretirementbenefitplansadjustmentnetoftax": -15000000,
        "othercomprehensiveincomelossforeigncurrencytransactionandtranslationadjustmentnetoftax": 145000000,
        "othercomprehensiveincomelossavailableforsalesecuritiesadjustmentnetoftax": 1000000,
        "othercomprehensiveincomelossderivativesqualifyingashedgesnetoftax": 8000000,
        "othercomprehensiveincomelossnetoftax": 174000000,
        "comprehensiveincomenetoftaxincludingportionattributabletononcontrollinginterest": 665000000,
        "comprehensiveincomenetoftaxattributabletononcontrollinginterest": 20000000,
        "comprehensiveincomenetoftax": 645000000,
        "salesrevenuenet": -1421000000,
        "costofrevenue": 3683000000,
        "grossprofit": 1332000000,
        "sellinggeneralandadministrativeexpense": 537000000,
        "researchanddevelopmentexpense": 15000000,
        "equityroyaltyandinterestincomefrominvestees": 8000000,
        "operatingincomeloss": 723000000,
        "investmentincomeinterest": 1000000,
        "interestexpense": 17000000,
        "othernonoperatingincomeexpense": -8000000,
        "incomelossfromcontinuingoperationsbeforeincometaxesextraordinaryitemsnoncontrollinginterest": 704000000,
        "incometaxexpensebenefit": 1000000,
        "netincomelossattributabletononcontrollinginterest": 25000000,
        "netincomelossavailabletocommonstockholdersbasic": 471000000,
        "earningspersharebasic": 2.63,
        "earningspersharediluted": 2.62,
        "weightedaveragenumberofsharesoutstandingbasic": 179200000,
        "incrementalcommonsharesattributabletosharebasedpaymentarrangements": 400000,
        "weightedaveragenumberofdilutedsharesoutstanding": 179600000,
        "commonstockdividendspersharedeclared": 0.78,
        "revenuefromrelatedparties": 357000000
    },
    {
        "date": "2015-03-28",
        "symbol": "CMI",
        "period": "Q1",
        "profitloss": 387000000,
        "othercomprehensiveincomelosspensionandotherpostretirementbenefitplansadjustmentnetoftax": -13000000,
        "othercomprehensiveincomelossforeigncurrencytransactionandtranslationadjustmentnetoftax": -176000000,
        "othercomprehensiveincomelossavailableforsalesecuritiesadjustmentnetoftax": -1000000,
        "othercomprehensiveincomelossnetoftax": -167000000,
        "comprehensiveincomenetoftaxincludingportionattributabletononcontrollinginterest": 240000000,
        "comprehensiveincomenetoftaxattributabletononcontrollinginterest": 20000000,
        "comprehensiveincomenetoftax": 220000000,
        "salesrevenuenet": 4709000000,
        "costofrevenue": 3514000000,
        "grossprofit": 1195000000,
        "sellinggeneralandadministrativeexpense": 517000000,
        "researchanddevelopmentexpense": 195000000,
        "equityroyaltyandinterestincomefrominvestees": 68000000,
        "otheroperatingincomeexpensenet": -3000000,
        "operatingincomeloss": 548000000,
        "investmentincomeinterest": 5000000,
        "interestexpense": 14000000,
        "othernonoperatingincomeexpense": 9000000,
        "incomelossfromcontinuingoperationsbeforeincometaxesextraordinaryitemsnoncontrollinginterest": 548000000,
        "incometaxexpensebenefit": 144000000,
        "netincomelossattributabletononcontrollinginterest": 17000000,
        "netincomelossavailabletocommonstockholdersbasic": 387000000,
        "earningspersharebasic": 2.14,
        "earningspersharediluted": 2.14,
        "weightedaveragenumberofsharesoutstandingbasic": 180600000,
        "incrementalcommonsharesattributabletosharebasedpaymentarrangements": 400000,
        "weightedaveragenumberofdilutedsharesoutstanding": 181000000,
        "commonstockdividendspersharedeclared": 0.78,
        "revenuefromrelatedparties": 325000000
    },
    {
        "date": "2014-09-28",
        "symbol": "CMI",
        "period": "Q3",
        "profitloss": -1000000,
        "othercomprehensiveincomelossforeigncurrencytransactionandtranslationadjustmentnetoftax": -172000000,
        "othercomprehensiveincomelossderivativesqualifyingashedgesnetoftax": -5000000,
        "othercomprehensiveincomelosspensionandotherpostretirementbenefitplansadjustmentnetoftax": -14000000,
        "othercomprehensiveincomelossavailableforsalesecuritiesadjustmentnetoftax": -1000000,
        "othercomprehensiveincomelossnetoftax": -158000000,
        "comprehensiveincomenetoftaxincludingportionattributabletononcontrollinginterest": 275000000,
        "comprehensiveincomenetoftaxattributabletononcontrollinginterest": 10000000,
        "comprehensiveincomenetoftax": 265000000,
        "salesrevenuenet": -1259000000,
        "costofrevenue": -1000000,
        "grossprofit": 1284000000,
        "sellinggeneralandadministrativeexpense": 529000000,
        "researchanddevelopmentexpense": 64000000,
        "equityroyaltyandinterestincomefrominvestees": 40000000,
        "otheroperatingincomeexpensenet": 3000000,
        "operatingincomeloss": 659000000,
        "investmentincomeinterest": 1000000,
        "interestexpense": 15000000,
        "othernonoperatingincomeexpense": -1000000,
        "incomelossfromcontinuingoperationsbeforeincometaxesextraordinaryitemsnoncontrollinginterest": -2000000,
        "incometaxexpensebenefit": 4000000,
        "netincomelossattributabletononcontrollinginterest": 16000000,
        "netincomelossavailabletocommonstockholdersbasic": 423000000,
        "earningspersharebasic": 2.32,
        "earningspersharediluted": 2.32,
        "weightedaveragenumberofsharesoutstandingbasic": 182200000,
        "incrementalcommonsharesattributabletosharebasedpaymentarrangements": 500000,
        "weightedaveragenumberofdilutedsharesoutstanding": 182700000,
        "commonstockdividendspersharedeclared": 0.78,
        "revenuefromrelatedparties": 518000000
    },
    {
        "date": "2014-06-29",
        "symbol": "CMI",
        "period": "Q2",
        "profitloss": -2000000,
        "othercomprehensiveincomelossforeigncurrencytransactionandtranslationadjustmentnetoftax": 79000000,
        "othercomprehensiveincomelossderivativesqualifyingashedgesnetoftax": 3000000,
        "othercomprehensiveincomelosspensionandotherpostretirementbenefitplansadjustmentnetoftax": -10000000,
        "othercomprehensiveincomelossavailableforsalesecuritiesadjustmentnetoftax": -9000000,
        "othercomprehensiveincomelossnetoftax": 79000000,
        "comprehensiveincomenetoftaxincludingportionattributabletononcontrollinginterest": 555000000,
        "comprehensiveincomenetoftaxattributabletononcontrollinginterest": 23000000,
        "comprehensiveincomenetoftax": 532000000,
        "salesrevenuenet": 743000000,
        "costofrevenue": 1000000,
        "grossprofit": 1227000000,
        "sellinggeneralandadministrativeexpense": 535000000,
        "researchanddevelopmentexpense": 3000000,
        "equityroyaltyandinterestincomefrominvestees": 9000000,
        "otheroperatingincomeexpensenet": -6000000,
        "operatingincomeloss": 612000000,
        "investmentincomeinterest": 4000000,
        "interestexpense": 15000000,
        "othernonoperatingincomeexpense": -12000000,
        "incomelossfromcontinuingoperationsbeforeincometaxesextraordinaryitemsnoncontrollinginterest": -2000000,
        "incometaxexpensebenefit": 4000000,
        "netincomelossattributabletononcontrollinginterest": 26000000,
        "netincomelossavailabletocommonstockholdersbasic": 446000000,
        "earningspersharebasic": 2.44,
        "earningspersharediluted": 2.43,
        "weightedaveragenumberofsharesoutstandingbasic": 182800000,
        "incrementalcommonsharesattributabletosharebasedpaymentarrangements": 400000,
        "weightedaveragenumberofdilutedsharesoutstanding": 183200000,
        "commonstockdividendspersharedeclared": 0.625,
        "revenuefromrelatedparties": 546000000
    },
    {
        "date": "2014-03-29",
        "symbol": "CMI",
        "period": "Q1",
        "profitloss": 10000000,
        "othercomprehensiveincomelossforeigncurrencytransactionandtranslationadjustmentnetoftax": 31000000,
        "othercomprehensiveincomelossderivativesqualifyingashedgesnetoftax": 2000000,
        "othercomprehensiveincomelosspensionandotherpostretirementbenefitplansadjustmentnetoftax": -4000000,
        "othercomprehensiveincomelossavailableforsalesecuritiesadjustmentnetoftax": -2000000,
        "othercomprehensiveincomelossnetoftax": 2000000,
        "comprehensiveincomenetoftaxincludingportionattributabletononcontrollinginterest": 393000000,
        "comprehensiveincomenetoftaxattributabletononcontrollinginterest": 26000000,
        "comprehensiveincomenetoftax": 367000000,
        "salesrevenuenet": 2563000000,
        "costofrevenue": 2000000,
        "grossprofit": 1116000000,
        "sellinggeneralandadministrativeexpense": 502000000,
        "researchanddevelopmentexpense": 19000000,
        "equityroyaltyandinterestincomefrominvestees": 9000000,
        "otheroperatingincomeexpensenet": -1000000,
        "operatingincomeloss": 513000000,
        "investmentincomeinterest": 2000000,
        "interestexpense": 17000000,
        "othernonoperatingincomeexpense": -1000000,
        "incomelossfromcontinuingoperationsbeforeincometaxesextraordinaryitemsnoncontrollinginterest": 15000000,
        "incometaxexpensebenefit": 5000000,
        "netincomelossattributabletononcontrollinginterest": 20000000,
        "netincomelossavailabletocommonstockholdersbasic": 338000000,
        "earningspersharebasic": 1.83,
        "earningspersharediluted": 1.83,
        "weightedaveragenumberofsharesoutstandingbasic": 184300000,
        "incrementalcommonsharesattributabletosharebasedpaymentarrangements": 400000,
        "weightedaveragenumberofdilutedsharesoutstanding": 184700000,
        "commonstockdividendspersharedeclared": 0.625,
        "revenuefromrelatedparties": 592000000
    },
    {
        "date": "2013-09-29",
        "symbol": "CMI",
        "period": "Q3",
        "profitloss": 17000000,
        "othercomprehensiveincomelossforeigncurrencytransactionandtranslationadjustmentnetoftax": 95000000,
        "othercomprehensiveincomelossderivativesqualifyingashedgesnetoftax": 10000000,
        "othercomprehensiveincomelosspensionandotherpostretirementbenefitplansadjustmentnetoftax": -16000000,
        "othercomprehensiveincomelossavailableforsalesecuritiesadjustmentnetoftax": 1000000,
        "othercomprehensiveincomelossnetoftax": 131000000,
        "comprehensiveincomenetoftaxincludingportionattributabletononcontrollinginterest": 496000000,
        "comprehensiveincomenetoftaxattributabletononcontrollinginterest": 10000000,
        "comprehensiveincomenetoftax": 486000000,
        "salesrevenuenet": 784000000,
        "costofrevenue": 2000000,
        "grossprofit": 1109000000,
        "sellinggeneralandadministrativeexpense": 492000000,
        "researchanddevelopmentexpense": 18000000,
        "equityroyaltyandinterestincomefrominvestees": 5000000,
        "otheroperatingincomeexpensenet": -11000000,
        "operatingincomeloss": 524000000,
        "investmentincomeinterest": 1000000,
        "interestexpense": 8000000,
        "othernonoperatingincomeexpense": -1000000,
        "incomelossfromcontinuingoperationsbeforeincometaxesextraordinaryitemsnoncontrollinginterest": 4000000,
        "incometaxexpensebenefit": 8000000,
        "netincomelossattributabletononcontrollinginterest": 19000000,
        "netincomelossavailabletocommonstockholdersbasic": 355000000,
        "earningspersharebasic": 1.91,
        "earningspersharediluted": 1.9,
        "weightedaveragenumberofsharesoutstandingbasic": 186000000,
        "incrementalcommonsharesattributabletosharebasedpaymentarrangements": 500000,
        "weightedaveragenumberofdilutedsharesoutstanding": 186500000,
        "commonstockdividendspersharedeclared": 0.625,
        "revenuefromrelatedparties": 553000000
    },
    {
        "date": "2013-06-30",
        "symbol": "CMI",
        "period": "Q2",
        "revenuefromrelatedparties": 576000000,
        "salesrevenuenet": 2000000,
        "costofrevenue": -1000000,
        "grossprofit": 1153000000,
        "sellinggeneralandadministrativeexpense": 484000000,
        "researchanddevelopmentexpense": 177000000,
        "equityroyaltyandinterestincomefrominvestees": 37000000,
        "otheroperatingincomeexpensenet": 10000000,
        "operatingincomeloss": 610000000,
        "investmentincomeinterest": 10000000,
        "interestexpense": 8000000,
        "othernonoperatingincomeexpense": 1000000,
        "incomelossfromcontinuingoperationsbeforeincometaxesextraordinaryitemsnoncontrollinginterest": 1000000,
        "incometaxexpensebenefit": -1000000,
        "profitloss": 441000000,
        "netincomelossattributabletononcontrollinginterest": 27000000,
        "netincomelossavailabletocommonstockholdersbasic": 414000000,
        "earningspersharebasic": 2.2,
        "earningspersharediluted": 2.2,
        "weightedaveragenumberofsharesoutstandingbasic": 187800000,
        "incrementalcommonsharesattributabletosharebasedpaymentarrangements": 400000,
        "weightedaveragenumberofdilutedsharesoutstanding": 188200000,
        "commonstockdividendspersharedeclared": 0.5,
        "othercomprehensiveincomelossforeigncurrencytransactionandtranslationadjustmentnetoftax": -46000000,
        "othercomprehensiveincomelossderivativesqualifyingashedgesnetoftax": -6000000,
        "othercomprehensiveincomelosspensionandotherpostretirementbenefitplansadjustmentnetoftax": -21000000,
        "othercomprehensiveincomelossavailableforsalesecuritiesadjustmentnetoftax": 7000000,
        "othercomprehensiveincomelossnetoftax": -24000000,
        "comprehensiveincomenetoftaxincludingportionattributabletononcontrollinginterest": 417000000,
        "comprehensiveincomenetoftaxattributabletononcontrollinginterest": 7000000,
        "comprehensiveincomenetoftax": 410000000
    },
    {
        "date": "2013-03-30",
        "symbol": "CMI",
        "period": "Q1",
        "revenuefromrelatedparties": 552000000,
        "salesrevenuenet": -923000000,
        "costofrevenue": -2000000,
        "grossprofit": 957000000,
        "sellinggeneralandadministrativeexpense": 444000000,
        "researchanddevelopmentexpense": 2000000,
        "equityroyaltyandinterestincomefrominvestees": 45000000,
        "otheroperatingincomeexpensenet": 1000000,
        "operatingincomeloss": 414000000,
        "investmentincomeinterest": 2000000,
        "interestexpense": 6000000,
        "othernonoperatingincomeexpense": 10000000,
        "incomelossfromcontinuingoperationsbeforeincometaxesextraordinaryitemsnoncontrollinginterest": 24000000,
        "incometaxexpensebenefit": 8000000,
        "profitloss": 16000000,
        "netincomelossattributabletononcontrollinginterest": 30000000,
        "netincomelossavailabletocommonstockholdersbasic": 282000000,
        "earningspersharebasic": 1.5,
        "earningspersharediluted": 1.49,
        "weightedaveragenumberofsharesoutstandingbasic": 188400000,
        "incrementalcommonsharesattributabletosharebasedpaymentarrangements": 400000,
        "weightedaveragenumberofdilutedsharesoutstanding": 188800000,
        "commonstockdividendspersharedeclared": 0.5,
        "othercomprehensiveincomelossforeigncurrencytransactionandtranslationadjustmentnetoftax": -150000000,
        "othercomprehensiveincomelossavailableforsalesecuritiesadjustmentnetoftax": -10000000,
        "othercomprehensiveincomelossderivativesqualifyingashedgesnetoftax": -6000000,
        "othercomprehensiveincomelosspensionandotherpostretirementbenefitplansadjustmentnetoftax": -19000000,
        "othercomprehensiveincomelossnetoftax": -6000000,
        "comprehensiveincomenetoftaxincludingportionattributabletononcontrollinginterest": 165000000,
        "comprehensiveincomenetoftaxattributabletononcontrollinginterest": 28000000,
        "comprehensiveincomenetoftax": 137000000
    },
    {
        "date": "2012-09-30",
        "symbol": "CMI",
        "period": "Q3",
        "revenuefromrelatedparties": 579000000,
        "salesrevenuenet": -12055000000,
        "costofrevenue": 3076000000,
        "grossprofit": 1042000000,
        "sellinggeneralandadministrativeexpense": 456000000,
        "researchanddevelopmentexpense": 1000000,
        "equityroyaltyandinterestincomefrominvestees": 50000000,
        "otheroperatingincomeexpensenet": -1000000,
        "operatingincomeloss": 493000000,
        "investmentincomeinterest": 0,
        "interestexpense": 9000000,
        "othernonoperatingincomeexpense": -2000000,
        "incomelossfromcontinuingoperationsbeforeincometaxesextraordinaryitemsnoncontrollinginterest": 487000000,
        "incometaxexpensebenefit": 117000000,
        "profitloss": 18000000,
        "netincomelossattributabletononcontrollinginterest": 18000000,
        "netincomelossavailabletocommonstockholdersbasic": 352000000,
        "earningspersharebasic": 1.8699999999999997,
        "earningspersharediluted": 1.87,
        "weightedaveragenumberofsharesoutstandingbasic": -500000,
        "weightedaveragenumberofdilutedsharesoutstanding": -500000,
        "commonstockdividendspersharedeclared": 0.5,
        "comprehensiveincomenetoftaxincludingportionattributabletononcontrollinginterest": 525000000,
        "comprehensiveincomenetoftaxattributabletononcontrollinginterest": 35000000,
        "comprehensiveincomenetoftax": 490000000
    },
    {
        "date": "2012-07-01",
        "symbol": "CMI",
        "period": "Q2",
        "revenuefromrelatedparties": 622000000,
        "salesrevenuenet": 4452000000,
        "costofrevenue": 3242000000,
        "grossprofit": 1210000000,
        "sellinggeneralandadministrativeexpense": 487000000,
        "researchanddevelopmentexpense": 2000000,
        "equityroyaltyandinterestincomefrominvestees": -7000000,
        "otheroperatingincomeexpensenet": 2000000,
        "operatingincomeloss": 648000000,
        "investmentincomeinterest": -7000000,
        "interestexpense": 8000000,
        "othernonoperatingincomeexpense": 14000000,
        "incomelossfromcontinuingoperationsbeforeincometaxesextraordinaryitemsnoncontrollinginterest": 661000000,
        "incometaxexpensebenefit": 166000000,
        "profitloss": 26000000,
        "netincomelossattributabletononcontrollinginterest": 26000000,
        "netincomelossavailabletocommonstockholdersbasic": 469000000,
        "earningspersharebasic": 2.47,
        "earningspersharediluted": 2.4699999999999998,
        "weightedaveragenumberofsharesoutstandingbasic": -300000,
        "incrementalcommonsharesattributabletosharebasedpaymentarrangements": 0,
        "weightedaveragenumberofdilutedsharesoutstanding": -300000,
        "commonstockdividendspersharedeclared": 0.4,
        "comprehensiveincomenetoftaxincludingportionattributabletononcontrollinginterest": 338000000,
        "comprehensiveincomenetoftaxattributabletononcontrollinginterest": 2000000,
        "comprehensiveincomenetoftax": 336000000
    },
    {
        "date": "2012-03-31",
        "symbol": "CMI",
        "period": "Q1",
        "revenuefromrelatedparties": 669000000,
        "salesrevenuenet": 4472000000,
        "costofrevenue": 3274000000,
        "grossprofit": 1198000000,
        "sellinggeneralandadministrativeexpense": 475000000,
        "researchanddevelopmentexpense": 1000000,
        "equityroyaltyandinterestincomefrominvestees": 104000000,
        "otheroperatingincomeexpensenet": 2000000,
        "operatingincomeloss": 648000000,
        "investmentincomeinterest": 8000000,
        "interestexpense": 8000000,
        "othernonoperatingincomeexpense": 2000000,
        "incomelossfromcontinuingoperationsbeforeincometaxesextraordinaryitemsnoncontrollinginterest": 650000000,
        "incometaxexpensebenefit": 175000000,
        "profitloss": 20000000,
        "netincomelossattributabletononcontrollinginterest": 20000000,
        "netincomelossavailabletocommonstockholdersbasic": 455000000,
        "earningspersharebasic": 2.39,
        "earningspersharediluted": 2.38,
        "weightedaveragenumberofsharesoutstandingbasic": 190400000,
        "incrementalcommonsharesattributabletosharebasedpaymentarrangements": 400000,
        "weightedaveragenumberofdilutedsharesoutstanding": 190800000,
        "commonstockdividendspersharedeclared": 0.4,
        "othercomprehensiveincomeforeigncurrencytransactionandtranslationadjustmentnetoftaxperiodincreasedecrease": 106000000,
        "othercomprehensiveincomederivativesqualifyingashedgesnetoftaxperiodincreasedecrease": 19000000,
        "othercomprehensiveincomedefinedbenefitplansadjustmentnetoftaxperiodincreasedecrease": 11000000,
        "othercomprehensiveincomeothernetoftax": -1000000,
        "othercomprehensiveincomelossnetoftaxperiodincreasedecrease": 10000000,
        "comprehensiveincomenetoftaxincludingportionattributabletononcontrollinginterest": 610000000,
        "comprehensiveincomenetoftaxattributabletononcontrollinginterest": 30000000,
        "comprehensiveincomenetoftax": 580000000
    },
    {
        "date": "2011-09-25",
        "symbol": "CMI",
        "period": "Q3",
        "revenuefromrelatedparties": 640000000,
        "salesrevenuenet": 4626000000,
        "costofrevenue": 3438000000,
        "grossprofit": 1188000000,
        "sellinggeneralandadministrativeexpense": 489000000,
        "researchanddevelopmentexpense": -284000000,
        "equityroyaltyandinterestincomefrominvestees": 44000000,
        "operatingincomeloss": 639000000,
        "investmentincomeinterest": -14000000,
        "interestexpense": 11000000,
        "othernonoperatingincomeexpense": -8000000,
        "incometaxexpensebenefit": 157000000,
        "profitloss": 472000000,
        "netincomelossattributabletononcontrollinginterest": 20000000,
        "earningspersharebasic": 2.3499999999999996,
        "earningspersharediluted": 2.3500000000000005,
        "weightedaveragenumberofsharesoutstandingbasic": -800000,
        "weightedaveragenumberofdilutedsharesoutstanding": -800000,
        "commonstockdividendspersharedeclared": 0.4000000000000001
    },
    {
        "date": "2011-06-26",
        "symbol": "CMI",
        "period": "Q2",
        "salesrevenuenet": 4641000000,
        "costofrevenue": 3438000000,
        "grossprofit": 1203000000,
        "sellinggeneralandadministrativeexpense": 463000000,
        "researchanddevelopmentexpense": 157000000,
        "equityroyaltyandinterestincomefrominvestees": -12000000,
        "otheroperatingincomeexpensenet": 0,
        "operatingincomeloss": 768000000,
        "investmentincomeinterest": 10000000,
        "interestexpense": 13000000,
        "othernonoperatingincomeexpense": -3000000,
        "incometaxexpensebenefit": 225000000,
        "profitloss": 537000000,
        "netincomelossattributabletononcontrollinginterest": 32000000,
        "netincomeloss": 505000000,
        "earningspersharebasic": 2.6100000000000003,
        "earningspersharediluted": 2.59,
        "weightedaveragenumberofsharesoutstandingbasic": -900000,
        "incrementalcommonsharesattributabletosharebasedpaymentarrangements": 0,
        "weightedaveragenumberofdilutedsharesoutstanding": -900000,
        "commonstockdividendspersharedeclared": 0.2625,
        "revenuefromrelatedparties": 635000000
    },
    {
        "date": "2011-03-26",
        "symbol": "CMI",
        "period": "Q1",
        "revenuefromrelatedparties": 599000000,
        "salesrevenuenet": 3860000000,
        "costofrevenue": 2903000000,
        "grossprofit": 957000000,
        "sellinggeneralandadministrativeexpense": 389000000,
        "researchanddevelopmentexpense": 129000000,
        "equityroyaltyandinterestincomefrominvestees": 96000000,
        "otheroperatingincomeexpensenet": -6000000,
        "operatingincomeloss": 529000000,
        "investmentincomeinterest": 6000000,
        "interestexpense": 10000000,
        "othernonoperatingincomeexpense": -3000000,
        "incomebeforeincometaxesandnoncontrollinginterests": 522000000,
        "incometaxexpensebenefit": 157000000,
        "profitloss": 365000000,
        "netincomelossattributabletononcontrollinginterest": 22000000,
        "netincomeloss": 343000000,
        "earningspersharebasic": 1.75,
        "earningspersharediluted": 1.75,
        "weightedaveragenumberofsharesoutstandingbasic": 195500000,
        "incrementalcommonsharesattributabletosharebasedpaymentarrangements": 600000,
        "weightedaveragenumberofdilutedsharesoutstanding": 196100000,
        "commonstockdividendspersharedeclared": 0.2625
    },
    {
        "date": "2010-09-26",
        "symbol": "CMI",
        "period": "Q3",
        "revenuefromrelatedparties": 580000000,
        "salesrevenuenet": 3401000000,
        "costofrevenue": 2571000000,
        "grossprofit": 830000000,
        "sellinggeneralandadministrativeexpense": 375000000,
        "researchanddevelopmentexpense": 30000000,
        "equityroyaltyandinterestincomefrominvestees": 33000000,
        "otheroperatingincomeexpensenet": -5000000,
        "operatingincomeloss": 435000000,
        "investmentincomeinterest": 1000000,
        "interestexpense": 11000000,
        "othernonoperatingincomeexpense": 8000000,
        "incomebeforeincometaxesandnoncontrollinginterests": 438000000,
        "incometaxexpensebenefit": 129000000,
        "profitloss": 26000000,
        "netincomelossattributabletononcontrollinginterest": 26000000,
        "netincomeloss": 283000000,
        "earningspersharebasic": 1.45,
        "earningspersharediluted": 1.44,
        "weightedaveragenumberofsharesoutstandingbasic": 195800000,
        "incrementalcommonsharesattributabletosharebasedpaymentarrangements": 500000,
        "weightedaveragenumberofdilutedsharesoutstanding": 196300000,
        "commonstockdividendspersharedeclared": 0.2625
    },
    {
        "date": "2010-06-27",
        "symbol": "CMI",
        "period": "Q2",
        "revenuefromrelatedparties": 516000000,
        "salesrevenuenet": 3208000000,
        "costofrevenue": 2455000000,
        "grossprofit": 753000000,
        "sellinggeneralandadministrativeexpense": 354000000,
        "researchanddevelopmentexpense": -41000000,
        "equityroyaltyandinterestincomefrominvestees": -16000000,
        "otheroperatingincomeexpensenet": -4000000,
        "operatingincomeloss": 396000000,
        "investmentincomeinterest": -2000000,
        "interestexpense": 9000000,
        "othernonoperatingincomeexpense": 0,
        "incomebeforeincometaxesandnoncontrollinginterests": 392000000,
        "incometaxexpensebenefit": 122000000,
        "profitloss": 419000000,
        "netincomelossattributabletononcontrollinginterest": 24000000,
        "netincomeloss": 246000000,
        "earningspersharebasic": 1.25,
        "earningspersharediluted": 1.25,
        "weightedaveragenumberofsharesoutstandingbasic": -800000,
        "incrementalcommonsharesattributabletosharebasedpaymentarrangements": 0,
        "weightedaveragenumberofdilutedsharesoutstanding": -800000,
        "commonstockdividendspersharedeclared": 0.175
    },
    {
        "date": "2010-03-27",
        "symbol": "CMI",
        "period": "Q1",
        "revenuefromrelatedparties": 428000000,
        "salesrevenuenet": 2478000000,
        "costofrevenue": 1877000000,
        "grossprofit": 601000000,
        "sellinggeneralandadministrativeexpense": 335000000,
        "researchanddevelopmentexpense": 92000000,
        "equityroyaltyandinterestincomefrominvestees": 76000000,
        "otheroperatingincomeexpensenet": -4000000,
        "operatingincomeloss": 246000000,
        "investmentincomeinterest": 3000000,
        "interestexpense": 9000000,
        "othernonoperatingincomeexpense": 17000000,
        "incomebeforeincometaxesandnoncontrollinginterests": 257000000,
        "incometaxexpensebenefit": 87000000,
        "profitloss": 21000000,
        "netincomelossattributabletononcontrollinginterest": 21000000,
        "netincomeloss": 149000000,
        "earningspersharebasic": 0.75,
        "earningspersharediluted": 0.75,
        "weightedaveragenumberofsharesoutstandingbasic": 198400000,
        "incrementalcommonsharesattributabletosharebasedpaymentarrangements": 300000,
        "weightedaveragenumberofdilutedsharesoutstanding": 198700000,
        "commonstockdividendspersharedeclared": 0.175
    },
    {
        "date": "2009-09-26",
        "symbol": "CMI",
        "period": "Q3",
        "salesrevenuenet": 2530000000,
        "costofrevenue": 2027000000,
        "grossprofit": 503000000,
        "sellinggeneralandadministrativeexpense": 304000000,
        "researchanddevelopmentexpense": 90000000,
        "equityroyaltyandinterestincomefrominvestees": 57000000,
        "restructuringcharges": 22000000,
        "otheroperatingincomeexpensenet": 3000000,
        "operatingincomeloss": 147000000,
        "investmentincomeinterest": 2000000,
        "interestexpense": 9000000,
        "othernonoperatingincomeexpense": 6000000,
        "incomebeforeincometaxesandnoncontrollinginterests": 146000000,
        "incometaxexpensebenefit": 36000000,
        "profitloss": 110000000,
        "netincomelossattributabletononcontrollinginterest": 15000000,
        "netincomeloss": 95000000,
        "earningspersharebasic": 0.48,
        "earningspersharediluted": 0.48,
        "weightedaveragenumberofsharesoutstandingbasic": 197400000,
        "incrementalcommonsharesattributabletosharebasedpaymentarrangements": 400000,
        "weightedaveragenumberofdilutedsharesoutstanding": 197800000,
        "commonstockdividendspersharedeclared": 0.175,
        "revenuefromrelatedparties": 428000000
    },
    {
        "date": "2009-06-27",
        "symbol": "CMI",
        "period": "Q2",
        "salesrevenuenet": 2431000000,
        "costofrevenue": 1983000000,
        "grossprofit": 448000000,
        "sellinggeneralandadministrativeexpense": 287000000,
        "researchanddevelopmentexpense": 79000000,
        "equityroyaltyandinterestincomefrominvestees": 57000000,
        "restructuringcharges": 7000000,
        "otheroperatingincomeexpensenet": -11000000,
        "operatingincomeloss": 121000000,
        "investmentincomeinterest": 1000000,
        "interestexpense": 10000000,
        "othernonoperatingincomeexpense": -13000000,
        "incomebeforeincometaxesandnoncontrollinginterests": 99000000,
        "incometaxexpensebenefit": 29000000,
        "profitloss": 70000000,
        "netincomelossattributabletononcontrollinginterest": 14000000,
        "netincomeloss": 56000000,
        "earningspersharebasic": 0.28,
        "earningspersharediluted": 0.28,
        "weightedaveragenumberofsharesoutstandingbasic": 197100000,
        "dilutiveeffectofstockcompensationawards": 300000,
        "weightedaveragenumberofdilutedsharesoutstanding": 197400000,
        "commonstockdividendspersharedeclared": 0.175
    }
]