[
    {
        "date": "2024-09-29",
        "symbol": "DDOG",
        "period": "Q3",
        "revenuefromcontractwithcustomerexcludingassessedtax": 462400000,
        "costofgoodsandservicessold": 137756000,
        "grossprofit": 552260000,
        "researchanddevelopmentexpense": 291802000,
        "sellingandmarketingexpense": 187772000,
        "generalandadministrativeexpense": 52408000,
        "operatingexpenses": 531982000,
        "operatingincomeloss": 20278000,
        "interestexpensenonoperating": 1574000,
        "investmentincomeinterestandothernonoperatingincomeexpense": 37432000,
        "interestincomeexpensenonoperatingnet": 35858000,
        "incomelossfromcontinuingoperationsbeforeincometaxesextraordinaryitemsnoncontrollinginterest": 56136000,
        "incometaxexpensebenefit": 4400000,
        "netincomeloss": 51697000,
        "netincomelossavailabletocommonstockholdersbasic": 4009000,
        "netincomelossavailabletocommonstockholdersdiluted": 4009000,
        "earningspersharebasic": 0.15,
        "earningspersharediluted": 0.15,
        "weightedaveragenumberofsharesoutstandingbasic": 26174000,
        "weightedaveragenumberofdilutedsharesoutstanding": 26174000,
        "othercomprehensiveincomeforeigncurrencytransactionandtranslationadjustmentnetoftaxportionattributabletoparent": 4039000,
        "othercomprehensiveincomeavailableforsalesecuritiesadjustmentnetoftaxportionattributabletoparent": 18280000,
        "othercomprehensiveincomelossnetoftaxportionattributabletoparent": 22319000,
        "comprehensiveincomenetoftax": 74016000
    },
    {
        "date": "2024-03-30",
        "symbol": "DDOG",
        "period": "Q1",
        "revenuefromcontractwithcustomerexcludingassessedtax": 611253000,
        "costofgoodsandservicessold": 110098000,
        "grossprofit": 501155000,
        "researchanddevelopmentexpense": 269988000,
        "sellingandmarketingexpense": 173881000,
        "generalandadministrativeexpense": 45290000,
        "operatingexpenses": 489159000,
        "operatingincomeloss": 11996000,
        "interestexpense": 1374000,
        "interestandotherincome": 35563000,
        "othernonoperatingincomeexpense": 34189000,
        "incomelossfromcontinuingoperationsbeforeincometaxesextraordinaryitemsnoncontrollinginterest": 46185000,
        "incometaxexpensebenefit": 3554000,
        "netincomeloss": 42631000,
        "netincomelossavailabletocommonstockholdersbasic": 42631000,
        "netincomelossavailabletocommonstockholdersdiluted": 42631000,
        "earningspersharebasic": 0.13,
        "earningspersharediluted": 0.12,
        "weightedaveragenumberofsharesoutstandingbasic": 331806000,
        "weightedaveragenumberofdilutedsharesoutstanding": 355979000,
        "othercomprehensiveincomeforeigncurrencytransactionandtranslationadjustmentnetoftaxportionattributabletoparent": -2264000,
        "othercomprehensiveincomeavailableforsalesecuritiesadjustmentnetoftaxportionattributabletoparent": -3218000,
        "othercomprehensiveincomelossnetoftaxportionattributabletoparent": -5482000,
        "comprehensiveincomenetoftax": 37149000
    },
    {
        "date": "2023-12-30",
        "symbol": "DDOG",
        "period": "Q4",
        "revenuefromcontractwithcustomerexcludingassessedtax": 1286830000,
        "costofgoodsandservicessold": 104829000,
        "grossprofit": 484820000,
        "researchanddevelopmentexpense": 253250000,
        "sellingandmarketingexpense": 159980000,
        "generalandadministrativeexpense": 43848000,
        "operatingexpenses": 457078000,
        "operatingincomeloss": 27742000,
        "interestexpense": 1292000,
        "interestandotherincome": 30817000,
        "othernonoperatingincomeexpense": 29525000,
        "incomelossfromcontinuingoperationsbeforeincometaxesextraordinaryitemsnoncontrollinginterest": 57267000,
        "incometaxexpensebenefit": 3274000,
        "netincomeloss": 53993000,
        "netincomelossavailabletocommonstockholdersbasic": 28184000,
        "netincomelossavailabletocommonstockholdersdiluted": 28184000,
        "earningspersharebasic": 0.16999999999999998,
        "earningspersharediluted": 0.17,
        "weightedaveragenumberofsharesoutstandingbasic": 324033000,
        "weightedaveragenumberofdilutedsharesoutstanding": 350292000,
        "othercomprehensiveincomeforeigncurrencytransactionandtranslationadjustmentnetoftaxportionattributabletoparent": 3810000,
        "othercomprehensiveincomeavailableforsalesecuritiesadjustmentnetoftaxportionattributabletoparent": 7861000,
        "othercomprehensiveincomelossnetoftaxportionattributabletoparent": 11671000,
        "comprehensiveincomenetoftax": 65664000
    },
    {
        "date": "2023-09-29",
        "symbol": "DDOG",
        "period": "Q3",
        "revenuefromcontractwithcustomerexcludingassessedtax": 547536000,
        "costofgoodsandservicessold": 103319000,
        "grossprofit": 444217000,
        "researchanddevelopmentexpense": 240225000,
        "sellingandmarketingexpense": 156870000,
        "generalandadministrativeexpense": 51352000,
        "operatingexpenses": 448447000,
        "operatingincomeloss": -4230000,
        "interestexpense": 1303000,
        "interestandotherincome": 29833000,
        "othernonoperatingincomeexpense": 28530000,
        "incomelossfromcontinuingoperationsbeforeincometaxesextraordinaryitemsnoncontrollinginterest": 24300000,
        "incometaxexpensebenefit": 1670000,
        "netincomeloss": 22630000,
        "netincomelossavailabletocommonstockholdersbasic": 22630000,
        "netincomelossavailabletocommonstockholdersdiluted": 22630000,
        "earningspersharebasic": 0.07,
        "earningspersharediluted": 0.06,
        "weightedaveragenumberofsharesoutstandingbasic": 325557000,
        "weightedaveragenumberofdilutedsharesoutstanding": 351309000,
        "othercomprehensiveincomeforeigncurrencytransactionandtranslationadjustmentnetoftaxportionattributabletoparent": -2822000,
        "othercomprehensiveincomeavailableforsalesecuritiesadjustmentnetoftaxportionattributabletoparent": 1251000,
        "othercomprehensiveincomelossnetoftaxportionattributabletoparent": -1571000,
        "comprehensiveincomenetoftax": 21059000
    },
    {
        "date": "2023-06-29",
        "symbol": "DDOG",
        "period": "Q2",
        "revenuefromcontractwithcustomerexcludingassessedtax": 153495000,
        "costofgoodsandservicessold": 101846000,
        "grossprofit": 407614000,
        "researchanddevelopmentexpense": 239494000,
        "sellingandmarketingexpense": 147455000,
        "generalandadministrativeexpense": 42671000,
        "operatingexpenses": 429620000,
        "operatingincomeloss": -22006000,
        "interestexpense": 1526000,
        "interestandotherincome": 22624000,
        "othernonoperatingincomeexpense": 21098000,
        "incomelossfromcontinuingoperationsbeforeincometaxesextraordinaryitemsnoncontrollinginterest": -908000,
        "incometaxexpensebenefit": 3061000,
        "netincomeloss": -3969000,
        "netincomelossavailabletocommonstockholdersbasic": -317000,
        "netincomelossavailabletocommonstockholdersdiluted": -317000,
        "earningspersharebasic": -0.01,
        "earningspersharediluted": -0.01,
        "weightedaveragenumberofsharesoutstandingbasic": 25749000,
        "weightedaveragenumberofdilutedsharesoutstanding": 25749000,
        "othercomprehensiveincomeforeigncurrencytransactionandtranslationadjustmentnetoftaxportionattributabletoparent": -579000,
        "othercomprehensiveincomeavailableforsalesecuritiesadjustmentnetoftaxportionattributabletoparent": -5966000,
        "othercomprehensiveincomelossnetoftaxportionattributabletoparent": -6545000,
        "comprehensiveincomenetoftax": -10514000
    },
    {
        "date": "2023-03-30",
        "symbol": "DDOG",
        "period": "Q1",
        "revenuefromcontractwithcustomerexcludingassessedtax": 140498000,
        "costofgoodsandservicessold": 99914000,
        "grossprofit": 381800000,
        "researchanddevelopmentexpense": 229478000,
        "sellingandmarketingexpense": 144971000,
        "generalandadministrativeexpense": 42321000,
        "operatingexpenses": 416770000,
        "operatingincomeloss": -34970000,
        "interestexpense": 2181000,
        "interestandotherincome": 16727000,
        "othernonoperatingincomeexpense": 14546000,
        "incomelossfromcontinuingoperationsbeforeincometaxesextraordinaryitemsnoncontrollinginterest": -20424000,
        "incometaxexpensebenefit": 3662000,
        "netincomeloss": -24086000,
        "netincomelossavailabletocommonstockholdersbasic": -1929000,
        "netincomelossavailabletocommonstockholdersdiluted": -1929000,
        "earningspersharebasic": -0.08,
        "earningspersharediluted": -0.08,
        "weightedaveragenumberofsharesoutstandingbasic": 25574000,
        "weightedaveragenumberofdilutedsharesoutstanding": 25574000,
        "othercomprehensiveincomeforeigncurrencytransactionandtranslationadjustmentnetoftaxportionattributabletoparent": 641000,
        "othercomprehensiveincomeavailableforsalesecuritiesadjustmentnetoftaxportionattributabletoparent": 6008000,
        "othercomprehensiveincomelossnetoftaxportionattributabletoparent": 6649000,
        "comprehensiveincomenetoftax": -17437000
    },
    {
        "date": "2022-12-30",
        "symbol": "DDOG",
        "period": "Q4",
        "revenuefromcontractwithcustomerexcludingassessedtax": 132377000,
        "costofgoodsandservicessold": 96757000,
        "grossprofit": 372642000,
        "researchanddevelopmentexpense": 218656000,
        "sellingandmarketingexpense": 149359000,
        "generalandadministrativeexpense": 39255000,
        "operatingexpenses": 407270000,
        "operatingincomeloss": -34628000,
        "interestexpense": 3019000,
        "interestandotherincome": 11793000,
        "othernonoperatingincomeexpense": 8774000,
        "incomelossfromcontinuingoperationsbeforeincometaxesextraordinaryitemsnoncontrollinginterest": -25854000,
        "incometaxexpensebenefit": 3180000,
        "netincomeloss": -29034000,
        "netincomelossavailabletocommonstockholdersbasic": -3838000,
        "netincomelossavailabletocommonstockholdersdiluted": -3838000,
        "earningspersharebasic": -0.09,
        "earningspersharediluted": -0.09,
        "weightedaveragenumberofsharesoutstandingbasic": -68989000,
        "weightedaveragenumberofdilutedsharesoutstanding": -68989000,
        "othercomprehensiveincomeforeigncurrencytransactionandtranslationadjustmentnetoftaxportionattributabletoparent": 7460000,
        "othercomprehensiveincomeavailableforsalesecuritiesadjustmentnetoftaxportionattributabletoparent": 5442000,
        "othercomprehensiveincomelossnetoftaxportionattributabletoparent": 12902000,
        "comprehensiveincomenetoftax": -16132000
    },
    {
        "date": "2022-09-29",
        "symbol": "DDOG",
        "period": "Q3",
        "revenuefromcontractwithcustomerexcludingassessedtax": 123857000,
        "costofgoodsandservicessold": 93599000,
        "grossprofit": 342934000,
        "researchanddevelopmentexpense": 205388000,
        "sellingandmarketingexpense": 129493000,
        "generalandadministrativeexpense": 39395000,
        "operatingexpenses": 374276000,
        "operatingincomeloss": -31342000,
        "interestexpense": 3728000,
        "interestandotherincome": 12011000,
        "othernonoperatingincomeexpense": 8283000,
        "incomelossfromcontinuingoperationsbeforeincometaxesextraordinaryitemsnoncontrollinginterest": -23059000,
        "incometaxexpensebenefit": 2926000,
        "netincomeloss": -25985000,
        "netincomelossavailabletocommonstockholdersbasic": -2107000,
        "netincomelossavailabletocommonstockholdersdiluted": -2107000,
        "earningspersharebasic": -0.08,
        "earningspersharediluted": -0.08,
        "weightedaveragenumberofsharesoutstandingbasic": 25621000,
        "weightedaveragenumberofdilutedsharesoutstanding": 25621000,
        "othercomprehensiveincomeforeigncurrencytransactionandtranslationadjustmentnetoftaxportionattributabletoparent": -5678000,
        "othercomprehensiveincomeavailableforsalesecuritiesadjustmentnetoftaxportionattributabletoparent": -1137000,
        "othercomprehensiveincomelossnetoftaxportionattributabletoparent": -6815000,
        "comprehensiveincomenetoftax": -32800000
    },
    {
        "date": "2022-06-29",
        "symbol": "DDOG",
        "period": "Q2",
        "revenuefromcontractwithcustomerexcludingassessedtax": 114979000,
        "costofgoodsandservicessold": 81925000,
        "grossprofit": 324213000,
        "researchanddevelopmentexpense": 177699000,
        "sellingandmarketingexpense": 115270000,
        "generalandadministrativeexpense": 34383000,
        "operatingexpenses": 327352000,
        "operatingincomeloss": -3139000,
        "interestexpense": 4541000,
        "interestandotherincome": 7669000,
        "othernonoperatingincomeexpense": 3128000,
        "incomelossfromcontinuingoperationsbeforeincometaxesextraordinaryitemsnoncontrollinginterest": -11000,
        "incometaxexpensebenefit": 4868000,
        "netincomeloss": -4879000,
        "netincomelossavailabletocommonstockholdersbasic": -458000,
        "netincomelossavailabletocommonstockholdersdiluted": -458000,
        "earningspersharebasic": -0.02,
        "earningspersharediluted": -0.02,
        "weightedaveragenumberofsharesoutstandingbasic": 29530000,
        "weightedaveragenumberofdilutedsharesoutstanding": 29530000,
        "othercomprehensiveincomeforeigncurrencytransactionandtranslationadjustmentnetoftaxportionattributabletoparent": -2565000,
        "othercomprehensiveincomeavailableforsalesecuritiesadjustmentnetoftaxportionattributabletoparent": -3389000,
        "othercomprehensiveincomelossnetoftaxportionattributabletoparent": -5954000,
        "comprehensiveincomenetoftax": -10833000
    },
    {
        "date": "2022-03-30",
        "symbol": "DDOG",
        "period": "Q1",
        "revenuefromcontractwithcustomerexcludingassessedtax": 103168000,
        "costofgoodsandservicessold": 74462000,
        "grossprofit": 288568000,
        "researchanddevelopmentexpense": 150608000,
        "sellingandmarketingexpense": 101166000,
        "generalandadministrativeexpense": 26380000,
        "operatingexpenses": 278154000,
        "operatingincomeloss": 10414000,
        "interestexpense": 5247000,
        "interestandotherincome": 5687000,
        "othernonoperatingincomeexpense": 440000,
        "incomelossfromcontinuingoperationsbeforeincometaxesextraordinaryitemsnoncontrollinginterest": 10854000,
        "incometaxexpensebenefit": 1116000,
        "netincomeloss": 9738000,
        "netincomelossavailabletocommonstockholdersbasic": 1406000,
        "netincomelossavailabletocommonstockholdersdiluted": 1406000,
        "earningspersharebasic": 0.03,
        "earningspersharediluted": 0.03,
        "weightedaveragenumberofsharesoutstandingbasic": 45259000,
        "weightedaveragenumberofdilutedsharesoutstanding": 45259000,
        "othercomprehensiveincomeforeigncurrencytransactionandtranslationadjustmentnetoftaxportionattributabletoparent": -539000,
        "othercomprehensiveincomeavailableforsalesecuritiesadjustmentnetoftaxportionattributabletoparent": -8186000,
        "othercomprehensiveincomelossnetoftaxportionattributabletoparent": -8725000,
        "comprehensiveincomenetoftax": 1013000
    },
    {
        "date": "2021-12-30",
        "symbol": "DDOG",
        "period": "Q4",
        "revenuefromcontractwithcustomerexcludingassessedtax": 518467000,
        "costofgoodsandservicessold": 67149000,
        "grossprofit": 259049000,
        "researchanddevelopmentexpense": 133049000,
        "sellingandmarketingexpense": 88905000,
        "generalandadministrativeexpense": 28640000,
        "operatingexpenses": 250594000,
        "operatingincomeloss": 8455000,
        "interestexpense": 5604000,
        "interestandotherincome": 5681000,
        "othernonoperatingincomeexpense": 77000,
        "incomelossfromcontinuingoperationsbeforeincometaxesextraordinaryitemsnoncontrollinginterest": 8532000,
        "incometaxexpensebenefit": 1363000,
        "netincomeloss": 2831000,
        "earningspersharebasic": 0.019999999999999997,
        "earningspersharediluted": 0.019999999999999997,
        "weightedaveragenumberofsharesoutstandingbasic": -369821000,
        "weightedaveragenumberofdilutedsharesoutstanding": -369821000,
        "othercomprehensiveincomeforeigncurrencytransactionandtranslationadjustmentnetoftaxportionattributabletoparent": -508000,
        "othercomprehensiveincomelossnetoftaxportionattributabletoparent": -3642000,
        "comprehensiveincomenetoftax": 3527000
    },
    {
        "date": "2021-09-29",
        "symbol": "DDOG",
        "period": "Q3",
        "revenuefromcontractwithcustomerexcludingassessedtax": 78219000,
        "costofgoodsandservicessold": 63332000,
        "grossprofit": 207156000,
        "researchanddevelopmentexpense": 112675000,
        "sellingandmarketingexpense": 75827000,
        "generalandadministrativeexpense": 23549000,
        "operatingexpenses": 212051000,
        "operatingincomeloss": -4895000,
        "interestexpense": 4912000,
        "interestandotherincome": 5040000,
        "othernonoperatingincomeexpense": 128000,
        "incomelossfromcontinuingoperationsbeforeincometaxesextraordinaryitemsnoncontrollinginterest": -4767000,
        "incometaxexpensebenefit": 717000,
        "netincomeloss": -1146000,
        "earningspersharebasic": -0.02,
        "earningspersharediluted": -0.02,
        "weightedaveragenumberofsharesoutstandingbasic": 64816000,
        "weightedaveragenumberofdilutedsharesoutstanding": 64816000,
        "othercomprehensiveincomeforeigncurrencytransactionandtranslationadjustmentnetoftaxportionattributabletoparent": -652000,
        "othercomprehensiveincomeunrealizedholdinggainlossonsecuritiesarisingduringperiodnetoftax": -368000,
        "othercomprehensiveincomelossnetoftaxportionattributabletoparent": -1020000,
        "comprehensiveincomenetoftax": -6504000
    },
    {
        "date": "2021-06-29",
        "symbol": "DDOG",
        "period": "Q2",
        "revenuefromcontractwithcustomerexcludingassessedtax": 233549000,
        "costofgoodsandservicessold": 57098000,
        "grossprofit": 176451000,
        "researchanddevelopmentexpense": 94779000,
        "sellingandmarketingexpense": 70412000,
        "generalandadministrativeexpense": 21146000,
        "operatingexpenses": 186337000,
        "operatingincomeloss": -9886000,
        "interestexpense": 5064000,
        "interestandotherincome": 5292000,
        "othernonoperatingincomeexpense": 228000,
        "incomelossfromcontinuingoperationsbeforeincometaxesextraordinaryitemsnoncontrollinginterest": -9658000,
        "incometaxexpensebenefit": -296000,
        "netincomeloss": -9362000,
        "earningspersharebasic": -0.03,
        "earningspersharediluted": -0.03,
        "weightedaveragenumberofsharesoutstandingbasic": 308019000,
        "weightedaveragenumberofdilutedsharesoutstanding": 308019000,
        "othercomprehensiveincomeforeigncurrencytransactionandtranslationadjustmentnetoftaxportionattributabletoparent": 160000,
        "othercomprehensiveincomeunrealizedholdinggainlossonsecuritiesarisingduringperiodnetoftax": -80000,
        "othercomprehensiveincomelossnetoftaxportionattributabletoparent": 80000,
        "comprehensiveincomenetoftax": -9282000
    },
    {
        "date": "2021-03-30",
        "symbol": "DDOG",
        "period": "Q1",
        "revenuefromcontractwithcustomerexcludingassessedtax": 198549000,
        "costofgoodsandservicessold": 46666000,
        "grossprofit": 151883000,
        "researchanddevelopmentexpense": 79266000,
        "sellingandmarketingexpense": 64353000,
        "generalandadministrativeexpense": 21094000,
        "operatingexpenses": 164713000,
        "operatingincomeloss": -12830000,
        "interestexpense": 5472000,
        "interestandotherincome": 5773000,
        "othernonoperatingincomeexpense": 301000,
        "incomelossfromcontinuingoperationsbeforeincometaxesextraordinaryitemsnoncontrollinginterest": -12529000,
        "incometaxexpensebenefit": 539000,
        "netincomeloss": -13068000,
        "earningspersharebasic": -0.04,
        "earningspersharediluted": -0.04,
        "weightedaveragenumberofsharesoutstandingbasic": 306034000,
        "weightedaveragenumberofdilutedsharesoutstanding": 306034000,
        "othercomprehensiveincomeforeigncurrencytransactionandtranslationadjustmentnetoftaxportionattributabletoparent": -853000,
        "othercomprehensiveincomeunrealizedholdinggainlossonsecuritiesarisingduringperiodnetoftax": -682000,
        "othercomprehensiveincomelossnetoftaxportionattributabletoparent": -1535000,
        "comprehensiveincomenetoftax": -14603000
    },
    {
        "date": "2020-12-30",
        "symbol": "DDOG",
        "period": "Q4",
        "revenuefromcontractwithcustomerexcludingassessedtax": 47799000,
        "costofgoodsandservicessold": 40856000,
        "grossprofit": 136675000,
        "researchanddevelopmentexpense": 67698000,
        "sellingandmarketingexpense": 60034000,
        "generalandadministrativeexpense": 17881000,
        "operatingexpenses": 145613000,
        "operatingincomeloss": -8938000,
        "othernonoperatingincomeexpense": -6229000,
        "incomelossfromcontinuingoperationsbeforeincometaxesextraordinaryitemsnoncontrollinginterest": -15167000,
        "incometaxexpensebenefit": 993000,
        "netincomeloss": -9365000,
        "othercomprehensiveincomelossforeigncurrencytransactionandtranslationadjustmentnetoftax": 644000,
        "othercomprehensiveincomeunrealizedholdinggainlossonsecuritiesarisingduringperiodnetoftax": -1002000,
        "othercomprehensiveincomelossnetoftax": -358000,
        "comprehensiveincomenetoftax": -16518000
    },
    {
        "date": "2020-09-29",
        "symbol": "DDOG",
        "period": "Q3",
        "revenuefromcontractwithcustomerexcludingassessedtax": 39996000,
        "costofgoodsandservicessold": 33984000,
        "grossprofit": 120691000,
        "researchanddevelopmentexpense": 56440000,
        "sellingandmarketingexpense": 57142000,
        "generalandadministrativeexpense": 16376000,
        "operatingexpenses": 129958000,
        "operatingincomeloss": -9267000,
        "interestexpense": 12423000,
        "interestandotherincome": 7135000,
        "othernonoperatingincomeexpense": -5288000,
        "incomelossfromcontinuingoperationsbeforeincometaxesextraordinaryitemsnoncontrollinginterest": -14555000,
        "incometaxexpensebenefit": 595000,
        "netincomeloss": -5377000,
        "earningspersharebasicanddiluted": -0.05,
        "weightedaveragenumberofshareoutstandingbasicanddiluted": 302554000,
        "othercomprehensiveincomelossforeigncurrencytransactionandtranslationadjustmentnetoftax": 536000,
        "othercomprehensiveincomeunrealizedholdinggainlossonsecuritiesarisingduringperiodnetoftax": 44000,
        "othercomprehensiveincomelossnetoftax": 580000,
        "comprehensiveincomenetoftax": -14570000
    },
    {
        "date": "2020-06-29",
        "symbol": "DDOG",
        "period": "Q2",
        "revenuefromcontractwithcustomerexcludingassessedtax": 33906000,
        "costofgoodsandservicessold": 28878000,
        "grossprofit": 111134000,
        "researchanddevelopmentexpense": 45664000,
        "sellingandmarketingexpense": 51269000,
        "generalandadministrativeexpense": 13547000,
        "operatingexpenses": 110480000,
        "operatingincomeloss": 654000,
        "othernonoperatingincomeexpense": 172000,
        "incomelossfromcontinuingoperationsbeforeincometaxesextraordinaryitemsnoncontrollinginterest": 826000,
        "incometaxexpensebenefit": 542000,
        "netincomeloss": -818000,
        "earningspersharebasic": 0,
        "earningspersharediluted": 0,
        "weightedaveragenumberofsharesoutstandingbasic": -43542000,
        "weightedaveragenumberofdilutedsharesoutstanding": -43542000,
        "othercomprehensiveincomelossforeigncurrencytransactionandtranslationadjustmentnetoftax": 196000,
        "othercomprehensiveincomeunrealizedholdinggainlossonsecuritiesarisingduringperiodnetoftax": 2931000,
        "othercomprehensiveincomelossnetoftax": 3127000,
        "comprehensiveincomenetoftax": 3411000
    },
    {
        "date": "2020-03-30",
        "symbol": "DDOG",
        "period": "Q1",
        "revenuefromcontractwithcustomerexcludingassessedtax": 31866000,
        "costofgoodsandservicessold": 26479000,
        "grossprofit": 104769000,
        "researchanddevelopmentexpense": 40824000,
        "sellingandmarketingexpense": 45215000,
        "generalandadministrativeexpense": 14952000,
        "operatingexpenses": 100991000,
        "operatingincomeloss": 3778000,
        "othernonoperatingincomeexpense": 2896000,
        "incomelossfromcontinuingoperationsbeforeincometaxesextraordinaryitemsnoncontrollinginterest": 6674000,
        "incometaxexpensebenefit": 195000,
        "netincomeloss": 4627000,
        "earningspersharebasic": 0.02,
        "earningspersharediluted": 0.02,
        "weightedaveragenumberofsharesoutstandingbasic": 211021000,
        "weightedaveragenumberofdilutedsharesoutstanding": 211021000,
        "othercomprehensiveincomelossforeigncurrencytransactionandtranslationadjustmentnetoftax": -287000,
        "othercomprehensiveincomeunrealizedholdinggainlossonsecuritiesarisingduringperiodnetoftax": -908000,
        "othercomprehensiveincomelossnetoftax": -1195000,
        "comprehensiveincomenetoftax": 5284000
    },
    {
        "date": "2019-09-29",
        "symbol": "DDOG",
        "period": "Q3",
        "revenuefromcontractwithcustomerexcludingassessedtax": 24960000,
        "costofgoodsandservicessold": 23297000,
        "grossprofit": 72567000,
        "researchanddevelopmentexpense": 28684000,
        "sellingandmarketingexpense": 38836000,
        "generalandadministrativeexpense": 9265000,
        "operatingexpenses": 76785000,
        "operatingincomeloss": -4218000,
        "othernonoperatingincomeexpense": 90000,
        "incomelossfromcontinuingoperationsbeforeincometaxesextraordinaryitemsnoncontrollinginterest": -4128000,
        "incometaxexpensebenefit": 33000,
        "netincomeloss": -4068000,
        "othercomprehensiveincomelossforeigncurrencytransactionandtranslationadjustmentnetoftax": -45000,
        "comprehensiveincomenetoftax": -4206000,
        "earningspersharebasicanddiluted": -0.04,
        "weightedaveragenumberofshareoutstandingbasicanddiluted": 103876
    }
]