[
    {
        "date": "2024-03-30",
        "symbol": "GILD",
        "period": "Q1",
        "revenuefromcontractwithcustomerexcludingassessedtax": 6647000000,
        "costofgoodsandservicessold": 1552000000,
        "researchanddevelopmentexpenseexcludingacquiredinprocesscost": 1520000000,
        "researchanddevelopmentassetacquiredotherthanthroughbusinesscombinationwrittenoff": 4131000000,
        "impairmentofintangibleassetsindefinitelivedexcludinggoodwill": 2430000000,
        "sellinggeneralandadministrativeexpense": 1375000000,
        "costsandexpenses": 11008000000,
        "operatingincomeloss": -4322000000,
        "interestexpense": 254000000,
        "nonoperatingincomeexpense": 91000000,
        "incomelossfromcontinuingoperationsbeforeincometaxesextraordinaryitemsnoncontrollinginterest": -4486000000,
        "incometaxexpensebenefit": -315000000,
        "profitloss": -4170000000,
        "netincomeloss": -4170000000,
        "earningspersharebasic": -3.34,
        "weightedaveragenumberofsharesoutstandingbasic": 1247000000,
        "earningspersharediluted": -3.34,
        "weightedaveragenumberofdilutedsharesoutstanding": 1247000000,
        "othercomprehensiveincomelossforeigncurrencytransactionandtranslationadjustmentnetoftax": -17000000,
        "othercomprehensiveincomelossreclassificationadjustmentfromaociforsaleofsecuritiesnetoftax": -5000000,
        "othercomprehensiveincomelossavailableforsalesecuritiesadjustmentnetoftax": 5000000,
        "othercomprehensiveincomelosscashflowhedgegainlossbeforereclassificationaftertax": 53000000,
        "othercomprehensiveincomelosscashflowhedgegainlossafterreclassificationandtax": 53000000,
        "othercomprehensiveincomelossnetoftax": 41000000,
        "comprehensiveincomenetoftaxincludingportionattributabletononcontrollinginterest": -4130000000,
        "comprehensiveincomenetoftax": -4130000000,
        "othercomprehensiveincomelosscashflowhedgegainlossbeforereclassificationtax": 8000000
    },
    {
        "date": "2023-12-30",
        "symbol": "GILD",
        "period": "Q4",
        "revenuefromcontractwithcustomerexcludingassessedtax": 7070000000,
        "costofgoodsandservicessold": 2090000000,
        "researchanddevelopmentexpenseexcludingacquiredinprocesscost": 1408000000,
        "sellinggeneralandadministrativeexpense": 1608000000,
        "costsandexpenses": 5502000000,
        "operatingincomeloss": 1612000000,
        "interestexpense": 252000000,
        "nonoperatingincomeexpense": 293000000,
        "incomelossfromcontinuingoperationsbeforeincometaxesextraordinaryitemsnoncontrollinginterest": 1653000000,
        "incometaxexpensebenefit": 237000000,
        "profitloss": 1417000000,
        "netincomelossattributabletononcontrollinginterest": -12000000,
        "netincomeloss": 1429000000,
        "earningspersharebasic": 1.15,
        "weightedaveragenumberofsharesoutstandingbasic": 1248000000,
        "earningspersharediluted": 1.1299999999999997,
        "weightedaveragenumberofdilutedsharesoutstanding": 1258000000,
        "othercomprehensiveincomelossforeigncurrencytransactionandtranslationadjustmentnetoftax": 63000000,
        "othercomprehensiveincomeunrealizedholdinggainlossonsecuritiesarisingduringperiodnetoftax": 16000000,
        "othercomprehensiveincomelossavailableforsalesecuritiesadjustmentnetoftax": 17000000,
        "othercomprehensiveincomelosscashflowhedgegainlossbeforereclassificationaftertax": -77000000,
        "othercomprehensiveincomelosscashflowhedgegainlossreclassificationaftertax": 7000000,
        "othercomprehensiveincomelosscashflowhedgegainlossafterreclassificationandtax": -83000000,
        "othercomprehensiveincomelossnetoftax": -4000000,
        "comprehensiveincomenetoftaxincludingportionattributabletononcontrollinginterest": 1413000000,
        "comprehensiveincomenetoftaxattributabletononcontrollinginterest": -12000000,
        "comprehensiveincomenetoftax": 1426000000,
        "othercomprehensiveincomelosscashflowhedgegainlossbeforereclassificationtax": -11000000,
        "othercomprehensiveincomelosscashflowhedgegainlossreclassificationtax": -1000000
    },
    {
        "date": "2023-09-29",
        "symbol": "GILD",
        "period": "Q3",
        "revenuefromcontractwithcustomerexcludingassessedtax": 6994000000,
        "costofgoodsandservicessold": 1565000000,
        "researchanddevelopmentexpenseexcludingacquiredinprocesscost": 1456000000,
        "sellinggeneralandadministrativeexpense": 1314000000,
        "costsandexpenses": 4428000000,
        "operatingincomeloss": 2623000000,
        "interestexpense": 232000000,
        "nonoperatingincomeexpense": -73000000,
        "incomelossfromcontinuingoperationsbeforeincometaxesextraordinaryitemsnoncontrollinginterest": 2318000000,
        "incometaxexpensebenefit": 145000000,
        "profitloss": 2172000000,
        "netincomelossattributabletononcontrollinginterest": -8000000,
        "netincomeloss": 2181000000,
        "earningspersharebasic": 1.7400000000000002,
        "weightedaveragenumberofsharesoutstandingbasic": -1248000000,
        "earningspersharediluted": 1.74,
        "weightedaveragenumberofdilutedsharesoutstanding": -1260000000,
        "othercomprehensiveincomelossforeigncurrencytransactionandtranslationadjustmentnetoftax": -35000000,
        "othercomprehensiveincomeunrealizedholdinggainlossonsecuritiesarisingduringperiodnetoftax": 5000000,
        "othercomprehensiveincomelossreclassificationadjustmentfromaociforsaleofsecuritiesnetoftax": 0,
        "othercomprehensiveincomelossavailableforsalesecuritiesadjustmentnetoftax": 4000000,
        "othercomprehensiveincomelosscashflowhedgegainlossbeforereclassificationaftertax": 66000000,
        "othercomprehensiveincomelosscashflowhedgegainlossreclassificationaftertax": 14000000,
        "othercomprehensiveincomelosscashflowhedgegainlossafterreclassificationandtax": 51000000,
        "othercomprehensiveincomelossnetoftax": 21000000,
        "comprehensiveincomenetoftaxincludingportionattributabletononcontrollinginterest": 2194000000,
        "comprehensiveincomenetoftaxattributabletononcontrollinginterest": -8000000,
        "comprehensiveincomenetoftax": 2201000000,
        "othercomprehensiveincomelosscashflowhedgegainlossbeforereclassificationtax": 9000000,
        "othercomprehensiveincomelosscashflowhedgegainlossreclassificationtax": -2000000
    },
    {
        "date": "2023-06-29",
        "symbol": "GILD",
        "period": "Q2",
        "revenuefromcontractwithcustomerexcludingassessedtax": 6564000000,
        "costofgoodsandservicessold": 1442000000,
        "researchanddevelopmentexpenseexcludingacquiredinprocesscost": 1407000000,
        "researchanddevelopmentassetacquiredotherthanthroughbusinesscombinationwrittenoff": 236000000,
        "sellinggeneralandadministrativeexpense": 1849000000,
        "costsandexpenses": 4934000000,
        "operatingincomeloss": 1665000000,
        "interestexpense": 230000000,
        "nonoperatingincomeexpense": 152000000,
        "incomelossfromcontinuingoperationsbeforeincometaxesextraordinaryitemsnoncontrollinginterest": 1588000000,
        "incometaxexpensebenefit": 549000000,
        "profitloss": 1039000000,
        "netincomelossattributabletononcontrollinginterest": -6000000,
        "netincomeloss": 1045000000,
        "earningspersharebasic": 0.84,
        "weightedaveragenumberofsharesoutstandingbasic": 1249000000,
        "earningspersharediluted": 0.83,
        "weightedaveragenumberofdilutedsharesoutstanding": 1258000000,
        "othercomprehensiveincomelossforeigncurrencytransactionandtranslationadjustmentnetoftax": 37000000,
        "othercomprehensiveincomeunrealizedholdinggainlossonsecuritiesarisingduringperiodnetoftax": -3000000,
        "othercomprehensiveincomelossreclassificationadjustmentfromaociforsaleofsecuritiesnetoftax": -1000000,
        "othercomprehensiveincomelossavailableforsalesecuritiesadjustmentnetoftax": -2000000,
        "othercomprehensiveincomelosscashflowhedgegainlossbeforereclassificationaftertax": 5000000,
        "othercomprehensiveincomelosscashflowhedgegainlossreclassificationaftertax": 9000000,
        "othercomprehensiveincomelosscashflowhedgegainlossafterreclassificationandtax": -4000000,
        "othercomprehensiveincomelossnetoftax": 31000000,
        "comprehensiveincomenetoftaxincludingportionattributabletononcontrollinginterest": 1070000000,
        "comprehensiveincomenetoftaxattributabletononcontrollinginterest": -6000000,
        "comprehensiveincomenetoftax": 1076000000,
        "othercomprehensiveincomelosscashflowhedgegainlossbeforereclassificationtax": 1000000,
        "othercomprehensiveincomelosscashflowhedgegainlossreclassificationtax": -1000000
    },
    {
        "date": "2023-03-30",
        "symbol": "GILD",
        "period": "Q1",
        "revenuefromcontractwithcustomerexcludingassessedtax": 6306000000,
        "costofgoodsandservicessold": 1401000000,
        "researchanddevelopmentexpenseexcludingacquiredinprocesscost": 1447000000,
        "researchanddevelopmentinprocess": 481000000,
        "sellinggeneralandadministrativeexpense": 1319000000,
        "costsandexpenses": 4647000000,
        "operatingincomeloss": 1705000000,
        "interestexpense": 230000000,
        "nonoperatingincomeexpense": -174000000,
        "incomelossfromcontinuingoperationsbeforeincometaxesextraordinaryitemsnoncontrollinginterest": 1300000000,
        "incometaxexpensebenefit": 316000000,
        "profitloss": 985000000,
        "netincomelossattributabletononcontrollinginterest": -26000000,
        "netincomeloss": 1010000000,
        "earningspersharebasic": 0.81,
        "weightedaveragenumberofsharesoutstandingbasic": 1248000000,
        "earningspersharediluted": 0.8,
        "weightedaveragenumberofdilutedsharesoutstanding": 1261000000,
        "othercomprehensiveincomelossforeigncurrencytransactionandtranslationadjustmentnetoftax": -5000000,
        "othercomprehensiveincomeunrealizedholdinggainlossonsecuritiesarisingduringperiodnetoftax": 8000000,
        "othercomprehensiveincomelossreclassificationadjustmentfromaociforsaleofsecuritiesnetoftax": -1000000,
        "othercomprehensiveincomelossavailableforsalesecuritiesadjustmentnetoftax": 9000000,
        "othercomprehensiveincomelosscashflowhedgegainlossbeforereclassificationaftertax": -6000000,
        "othercomprehensiveincomelosscashflowhedgegainlossreclassificationaftertax": 21000000,
        "othercomprehensiveincomelosscashflowhedgegainlossafterreclassificationandtax": -26000000,
        "othercomprehensiveincomelossnetoftax": -22000000,
        "comprehensiveincomenetoftaxincludingportionattributabletononcontrollinginterest": 962000000,
        "comprehensiveincomenetoftaxattributabletononcontrollinginterest": -26000000,
        "comprehensiveincomenetoftax": 988000000,
        "othercomprehensiveincomelosscashflowhedgegainlossbeforereclassificationtax": -1000000,
        "othercomprehensiveincomelosscashflowhedgegainlossreclassificationtax": -3000000
    },
    {
        "date": "2022-12-30",
        "symbol": "GILD",
        "period": "Q4",
        "revenuefromcontractwithcustomerexcludingassessedtax": 7332000000,
        "costofgoodsandservicessold": 1396000000,
        "researchanddevelopmentexpenseexcludingacquiredinprocesscost": 1548000000,
        "sellinggeneralandadministrativeexpense": 2020000000,
        "costsandexpenses": 5122000000,
        "operatingincomeloss": 2267000000,
        "interestexpense": 226000000,
        "nonoperatingincomeexpense": -10000000,
        "incomelossfromcontinuingoperationsbeforeincometaxesextraordinaryitemsnoncontrollinginterest": 2031000000,
        "incometaxexpensebenefit": 398000000,
        "profitloss": 1633000000,
        "netincomelossattributabletononcontrollinginterest": -7000000,
        "netincomeloss": 1640000000,
        "earningspersharebasic": 1.31,
        "earningspersharediluted": 1.3000000000000003,
        "othercomprehensiveincomelossforeigncurrencytransactionandtranslationadjustmentnetoftax": 91000000,
        "othercomprehensiveincomelossavailableforsalesecuritiesadjustmentnetoftax": 8000000,
        "othercomprehensiveincomelosscashflowhedgegainlossbeforereclassificationaftertax": -124000000,
        "othercomprehensiveincomelosscashflowhedgegainlossreclassificationaftertax": 71000000,
        "othercomprehensiveincomelosscashflowhedgegainlossafterreclassificationandtax": -195000000,
        "othercomprehensiveincomelossnetoftax": -96000000,
        "comprehensiveincomenetoftaxincludingportionattributabletononcontrollinginterest": 1537000000,
        "comprehensiveincomenetoftaxattributabletononcontrollinginterest": -7000000,
        "comprehensiveincomenetoftax": 1544000000
    },
    {
        "date": "2022-09-29",
        "symbol": "GILD",
        "period": "Q3",
        "revenuefromcontractwithcustomerexcludingassessedtax": 6978000000,
        "costofgoodsandservicessold": 1395000000,
        "researchanddevelopmentexpenseexcludingacquiredinprocesscost": 1149000000,
        "sellinggeneralandadministrativeexpense": 1213000000,
        "costsandexpenses": 4205000000,
        "operatingincomeloss": 2837000000,
        "interestexpense": 229000000,
        "nonoperatingincomeexpense": -176000000,
        "incomelossfromcontinuingoperationsbeforeincometaxesextraordinaryitemsnoncontrollinginterest": 2432000000,
        "incometaxexpensebenefit": 646000000,
        "profitloss": 1786000000,
        "netincomelossattributabletononcontrollinginterest": -3000000,
        "netincomeloss": 1789000000,
        "earningspersharebasic": 1.42,
        "earningspersharediluted": 1.42,
        "weightedaveragenumberofdilutedsharesoutstanding": 0,
        "othercomprehensiveincomelossforeigncurrencytransactionandtranslationadjustmentnetoftax": -81000000,
        "othercomprehensiveincomelossavailableforsalesecuritiesadjustmentbeforereclassificationadjustmentsnetoftax": -7000000,
        "othercomprehensiveincomelossavailableforsalesecuritiesadjustmentnetoftax": -7000000,
        "othercomprehensiveincomelosscashflowhedgegainlossbeforereclassificationaftertax": 140000000,
        "othercomprehensiveincomelosscashflowhedgegainlossreclassificationaftertax": 41000000,
        "othercomprehensiveincomelosscashflowhedgegainlossafterreclassificationandtax": 99000000,
        "othercomprehensiveincomelossnetoftax": 11000000,
        "comprehensiveincomenetoftaxincludingportionattributabletononcontrollinginterest": 1797000000,
        "comprehensiveincomenetoftaxattributabletononcontrollinginterest": -3000000,
        "comprehensiveincomenetoftax": 1800000000
    },
    {
        "date": "2022-06-29",
        "symbol": "GILD",
        "period": "Q2",
        "revenuefromcontractwithcustomerexcludingassessedtax": 6138000000,
        "costofgoodsandservicessold": 1442000000,
        "researchanddevelopmentexpenseexcludingacquiredinprocesscost": 1094000000,
        "impairmentofintangibleassetsindefinitelivedexcludinggoodwill": 0,
        "sellinggeneralandadministrativeexpense": 1357000000,
        "costsandexpenses": 4231000000,
        "operatingincomeloss": 2029000000,
        "interestexpense": 242000000,
        "nonoperatingincomeexpense": -284000000,
        "incomelossfromcontinuingoperationsbeforeincometaxesextraordinaryitemsnoncontrollinginterest": 1503000000,
        "incometaxexpensebenefit": 368000000,
        "profitloss": 1135000000,
        "netincomelossattributabletononcontrollinginterest": -9000000,
        "netincomeloss": 1144000000,
        "earningspersharebasic": 0.91,
        "weightedaveragenumberofsharesoutstandingbasic": 0,
        "earningspersharediluted": 0.9,
        "weightedaveragenumberofdilutedsharesoutstanding": -1000000,
        "othercomprehensiveincomelossforeigncurrencytransactionandtranslationadjustmentnetoftax": -26000000,
        "othercomprehensiveincomelossavailableforsalesecuritiesadjustmentbeforereclassificationadjustmentsnetoftax": -12000000,
        "othercomprehensiveincomelossavailableforsalesecuritiesadjustmentnetoftax": -11000000,
        "othercomprehensiveincomelosscashflowhedgegainlossbeforereclassificationaftertax": 90000000,
        "othercomprehensiveincomelosscashflowhedgegainlossreclassificationaftertax": 39000000,
        "othercomprehensiveincomelosscashflowhedgegainlossafterreclassificationandtax": 51000000,
        "othercomprehensiveincomelossnetoftax": 14000000,
        "comprehensiveincomenetoftaxincludingportionattributabletononcontrollinginterest": 1149000000,
        "comprehensiveincomenetoftaxattributabletononcontrollinginterest": -9000000,
        "comprehensiveincomenetoftax": 1158000000
    },
    {
        "date": "2022-03-30",
        "symbol": "GILD",
        "period": "Q1",
        "revenuefromcontractwithcustomerexcludingassessedtax": 6534000000,
        "costofgoodsandservicessold": 1424000000,
        "researchanddevelopmentexpenseexcludingacquiredinprocesscost": 1186000000,
        "impairmentofintangibleassetsindefinitelivedexcludinggoodwill": 2700000000,
        "sellinggeneralandadministrativeexpense": 1083000000,
        "costsandexpenses": 6393000000,
        "operatingincomeloss": 197000000,
        "interestexpense": 238000000,
        "nonoperatingincomeexpense": -111000000,
        "incomelossfromcontinuingoperationsbeforeincometaxesextraordinaryitemsnoncontrollinginterest": -152000000,
        "incometaxexpensebenefit": -164000000,
        "profitloss": 12000000,
        "netincomelossattributabletononcontrollinginterest": -7000000,
        "netincomeloss": 19000000,
        "earningspersharebasic": 0.02,
        "weightedaveragenumberofsharesoutstandingbasic": 1255000000,
        "earningspersharediluted": 0.02,
        "weightedaveragenumberofdilutedsharesoutstanding": 1262000000,
        "othercomprehensiveincomelossforeigncurrencytransactionandtranslationadjustmentnetoftax": 5000000,
        "othercomprehensiveincomelossavailableforsalesecuritiesadjustmentbeforereclassificationadjustmentsnetoftax": -19000000,
        "othercomprehensiveincomelossavailableforsalesecuritiesadjustmentnetoftax": -19000000,
        "othercomprehensiveincomelosscashflowhedgegainlossbeforereclassificationaftertax": 24000000,
        "othercomprehensiveincomelosscashflowhedgegainlossreclassificationaftertax": 20000000,
        "othercomprehensiveincomelosscashflowhedgegainlossafterreclassificationandtax": 4000000,
        "othercomprehensiveincomelossnetoftax": -10000000,
        "comprehensiveincomenetoftaxincludingportionattributabletononcontrollinginterest": 2000000,
        "comprehensiveincomenetoftaxattributabletononcontrollinginterest": -7000000,
        "comprehensiveincomenetoftax": 9000000
    },
    {
        "date": "2021-12-30",
        "symbol": "GILD",
        "period": "Q4",
        "revenuefromcontractwithcustomerexcludingassessedtax": 7160000000,
        "costofgoodsandservicessold": 2627000000,
        "researchanddevelopmentexpenseexcludingacquiredinprocesscost": 2027000000,
        "sellinggeneralandadministrativeexpense": 1650000000,
        "costsandexpenses": 6304000000,
        "operatingincomeloss": 940000000,
        "interestexpense": 238000000,
        "nonoperatingincomeexpense": 57000000,
        "incometaxexpensebenefit": 383000000,
        "profitloss": 376000000,
        "netincomelossattributabletononcontrollinginterest": -6000000,
        "netincomeloss": 382000000,
        "earningspersharebasic": 0.3099999999999996,
        "weightedaveragenumberofsharesoutstandingbasic": 0,
        "earningspersharediluted": 0.2999999999999998,
        "weightedaveragenumberofdilutedsharesoutstanding": 0,
        "othercomprehensiveincomelossforeigncurrencytransactionandtranslationadjustmentnetoftax": -23000000,
        "othercomprehensiveincomelosscashflowhedgegainlossbeforereclassificationaftertax": 37000000,
        "othercomprehensiveincomelosscashflowhedgegainlossreclassificationaftertax": 2000000,
        "othercomprehensiveincomelosscashflowhedgegainlossafterreclassificationandtax": 35000000,
        "othercomprehensiveincomelossnetoftax": 9000000,
        "comprehensiveincomenetoftaxincludingportionattributabletononcontrollinginterest": 385000000,
        "comprehensiveincomenetoftaxattributabletononcontrollinginterest": -6000000,
        "comprehensiveincomenetoftax": 391000000
    },
    {
        "date": "2021-09-29",
        "symbol": "GILD",
        "period": "Q3",
        "revenuefromcontractwithcustomerexcludingassessedtax": 7356000000,
        "costofgoodsandservicessold": 1223000000,
        "researchanddevelopmentexpenseexcludingacquiredinprocesscost": 1147000000,
        "researchanddevelopmentinprocess": 19000000,
        "sellinggeneralandadministrativeexpense": 1190000000,
        "costsandexpenses": 3579000000,
        "operatingincomeloss": 3842000000,
        "interestexpense": 250000000,
        "nonoperatingincomeexpense": -154000000,
        "incometaxexpensebenefit": 852000000,
        "profitloss": 2586000000,
        "netincomelossattributabletononcontrollinginterest": -6000000,
        "netincomeloss": 2592000000,
        "earningspersharebasic": 2.0600000000000005,
        "weightedaveragenumberofsharesoutstandingbasic": -1255000000,
        "earningspersharediluted": 2.05,
        "weightedaveragenumberofdilutedsharesoutstanding": -1260000000,
        "othercomprehensiveincomelossforeigncurrencytransactionandtranslationadjustmentnetoftax": -20000000,
        "othercomprehensiveincomelossavailableforsalesecuritiesadjustmentbeforereclassificationadjustmentsnetoftax": 0,
        "othercomprehensiveincomelossavailableforsalesecuritiesadjustmentnetoftax": 0,
        "othercomprehensiveincomelosscashflowhedgegainlossbeforereclassificationaftertax": 37000000,
        "othercomprehensiveincomelosscashflowhedgegainlossreclassificationaftertax": -18000000,
        "othercomprehensiveincomelosscashflowhedgegainlossafterreclassificationandtax": 55000000,
        "othercomprehensiveincomelossnetoftax": 35000000,
        "comprehensiveincomenetoftaxincludingportionattributabletononcontrollinginterest": 2621000000,
        "comprehensiveincomenetoftaxattributabletononcontrollinginterest": -6000000,
        "comprehensiveincomenetoftax": 2627000000
    },
    {
        "date": "2021-06-29",
        "symbol": "GILD",
        "period": "Q2",
        "revenuefromcontractwithcustomerexcludingassessedtax": 6152000000,
        "costofgoodsandservicessold": 1390000000,
        "researchanddevelopmentexpenseexcludingacquiredinprocesscost": 1134000000,
        "researchanddevelopmentinprocess": 96000000,
        "sellinggeneralandadministrativeexpense": 1351000000,
        "costsandexpenses": 3971000000,
        "operatingincomeloss": 2246000000,
        "interestexpense": 256000000,
        "nonoperatingincomeexpense": -173000000,
        "incomelossfromcontinuingoperationsbeforeincometaxesminorityinterestandincomelossfromequitymethodinvestments": 1817000000,
        "incometaxexpensebenefit": 300000000,
        "profitloss": 1517000000,
        "netincomelossattributabletononcontrollinginterest": -5000000,
        "netincomeloss": 1522000000,
        "earningspersharebasic": 1.21,
        "weightedaveragenumberofsharesoutstandingbasic": 1255000000,
        "earningspersharediluted": 1.21,
        "weightedaveragenumberofdilutedsharesoutstanding": 1260000000,
        "othercomprehensiveincomelossforeigncurrencytransactionandtranslationadjustmentnetoftax": -5000000,
        "othercomprehensiveincomelossavailableforsalesecuritiesadjustmentbeforereclassificationadjustmentsnetoftax": -1000000,
        "othercomprehensiveincomelossavailableforsalesecuritiesadjustmentnetoftax": -1000000,
        "othercomprehensiveincomelosscashflowhedgegainlossbeforereclassificationaftertax": -13000000,
        "othercomprehensiveincomelosscashflowhedgegainlossreclassificationaftertax": -20000000,
        "othercomprehensiveincomelosscashflowhedgegainlossafterreclassificationandtax": 7000000,
        "othercomprehensiveincomelossnetoftax": 1000000,
        "comprehensiveincomenetoftaxincludingportionattributabletononcontrollinginterest": 1518000000,
        "comprehensiveincomenetoftaxattributabletononcontrollinginterest": -5000000,
        "comprehensiveincomenetoftax": 1523000000
    },
    {
        "date": "2021-03-30",
        "symbol": "GILD",
        "period": "Q1",
        "revenuefromcontractwithcustomerexcludingassessedtax": 6340000000,
        "costofgoodsandservicessold": 1361000000,
        "researchanddevelopmentexpenseexcludingacquiredinprocesscost": 1055000000,
        "researchanddevelopmentinprocess": 62000000,
        "sellinggeneralandadministrativeexpense": 1055000000,
        "costsandexpenses": 3533000000,
        "operatingincomeloss": 2890000000,
        "interestexpense": 257000000,
        "nonoperatingincomeexpense": -369000000,
        "incomelossfromcontinuingoperationsbeforeincometaxesminorityinterestandincomelossfromequitymethodinvestments": 2264000000,
        "incometaxexpensebenefit": 542000000,
        "profitloss": 1722000000,
        "netincomelossattributabletononcontrollinginterest": -7000000,
        "netincomeloss": 1729000000,
        "earningspersharebasic": 1.38,
        "weightedaveragenumberofsharesoutstandingbasic": 1256000000,
        "earningspersharediluted": 1.37,
        "weightedaveragenumberofdilutedsharesoutstanding": 1262000000,
        "othercomprehensiveincomelossforeigncurrencytransactionandtranslationadjustmentnetoftax": 10000000,
        "othercomprehensiveincomelossavailableforsalesecuritiesadjustmentbeforereclassificationadjustmentsnetoftax": -2000000,
        "othercomprehensiveincomelossavailableforsalesecuritiesadjustmentnetoftax": -2000000,
        "othercomprehensiveincomelosscashflowhedgegainlossbeforereclassificationaftertax": 68000000,
        "othercomprehensiveincomelosscashflowhedgegainlossreclassificationaftertax": -22000000,
        "othercomprehensiveincomelosscashflowhedgegainlossafterreclassificationandtax": 90000000,
        "othercomprehensiveincomelossnetoftax": 98000000,
        "comprehensiveincomenetoftaxincludingportionattributabletononcontrollinginterest": 1820000000,
        "comprehensiveincomenetoftaxattributabletononcontrollinginterest": -7000000,
        "comprehensiveincomenetoftax": 1827000000
    },
    {
        "date": "2020-12-30",
        "symbol": "GILD",
        "period": "Q4",
        "costofgoodsandservicessold": 1398000000,
        "sellinggeneralandadministrativeexpense": 1730000000,
        "costsandexpenses": 4770000000,
        "operatingincomeloss": 2651000000,
        "interestexpense": 267000000,
        "nonoperatingincomeexpense": -570000000,
        "incomelossfromcontinuingoperationsbeforeincometaxesminorityinterestandincomelossfromequitymethodinvestments": 1814000000,
        "incometaxexpensebenefit": 270000000,
        "profitloss": 1544000000,
        "netincomelossattributabletononcontrollinginterest": -7000000,
        "netincomeloss": 1551000000,
        "earningspersharebasic": 1.2400000000000002,
        "weightedaveragenumberofsharesoutstandingbasic": -2515000000,
        "earningspersharediluted": 1.2500000000000002,
        "weightedaveragenumberofdilutedsharesoutstanding": -2523000000,
        "othercomprehensiveincomelossforeigncurrencytransactionandtranslationadjustmentnetoftax": 10000000,
        "othercomprehensiveincomelossreclassificationadjustmentfromaociforsaleofsecuritiesnetoftax": 25000000,
        "othercomprehensiveincomelossavailableforsalesecuritiesadjustmentnetoftax": -24000000,
        "othercomprehensiveincomelosscashflowhedgegainlossbeforereclassificationaftertax": -78000000,
        "othercomprehensiveincomelosscashflowhedgegainlossreclassificationaftertax": -9000000,
        "othercomprehensiveincomelosscashflowhedgegainlossafterreclassificationandtax": -69000000,
        "othercomprehensiveincomelossnetoftax": -83000000,
        "comprehensiveincomenetoftaxincludingportionattributabletononcontrollinginterest": 1461000000,
        "comprehensiveincomenetoftaxattributabletononcontrollinginterest": -7000000,
        "comprehensiveincomenetoftax": 1468000000
    },
    {
        "date": "2020-09-29",
        "symbol": "GILD",
        "period": "Q3",
        "revenues": 6493000000,
        "costofgoodsandservicessold": 1141000000,
        "researchanddevelopmentexpenseexcludingacquiredinprocesscost": 1158000000,
        "researchanddevelopmentinprocess": 1171000000,
        "sellinggeneralandadministrativeexpense": 1106000000,
        "costsandexpenses": 4576000000,
        "operatingincomeloss": 2001000000,
        "interestexpense": 236000000,
        "nonoperatingincomeexpense": -940000000,
        "incomelossfromcontinuingoperationsbeforeincometaxesminorityinterestandincomelossfromequitymethodinvestments": 825000000,
        "incometaxexpensebenefit": 472000000,
        "profitloss": 353000000,
        "netincomelossattributabletononcontrollinginterest": -7000000,
        "netincomeloss": 360000000,
        "earningspersharebasic": 0.29,
        "weightedaveragenumberofsharesoutstandingbasic": 1255000000,
        "earningspersharediluted": 0.29,
        "weightedaveragenumberofdilutedsharesoutstanding": 1261000000,
        "othercomprehensiveincomelossforeigncurrencytransactionandtranslationadjustmentnetoftax": 23000000,
        "othercomprehensiveincomelossavailableforsalesecuritiesadjustmentbeforereclassificationadjustmentsnetoftax": -9000000,
        "othercomprehensiveincomelossreclassificationadjustmentfromaociforsaleofsecuritiesnetoftax": 4000000,
        "othercomprehensiveincomelossavailableforsalesecuritiesadjustmentnetoftax": -13000000,
        "othercomprehensiveincomelosscashflowhedgegainlossbeforereclassificationaftertax": -46000000,
        "othercomprehensiveincomelosscashflowhedgegainlossreclassificationaftertax": 11000000,
        "othercomprehensiveincomelosscashflowhedgegainlossafterreclassificationandtax": -57000000,
        "othercomprehensiveincomelossnetoftax": -47000000,
        "comprehensiveincomenetoftaxincludingportionattributabletononcontrollinginterest": 306000000,
        "comprehensiveincomenetoftaxattributabletononcontrollinginterest": -7000000,
        "comprehensiveincomenetoftax": 313000000
    },
    {
        "date": "2020-06-29",
        "symbol": "GILD",
        "period": "Q2",
        "revenues": 5067000000,
        "costofgoodsandservicessold": 1064000000,
        "researchanddevelopmentexpenseexcludingacquiredinprocesscost": 1299000000,
        "researchanddevelopmentinprocess": 4524000000,
        "sellinggeneralandadministrativeexpense": 1239000000,
        "costsandexpenses": 8126000000,
        "operatingincomeloss": -2983000000,
        "interestexpense": 240000000,
        "nonoperatingincomeexpense": 250000000,
        "incomelossfromcontinuingoperationsbeforeincometaxesminorityinterestandincomelossfromequitymethodinvestments": -2973000000,
        "incometaxexpensebenefit": 373000000,
        "profitloss": -3346000000,
        "netincomelossattributabletononcontrollinginterest": -7000000,
        "netincomeloss": -3339000000,
        "earningspersharebasic": -2.66,
        "weightedaveragenumberofsharesoutstandingbasic": 1255000000,
        "earningspersharediluted": -2.66,
        "weightedaveragenumberofdilutedsharesoutstanding": 1255000000,
        "othercomprehensiveincomelossforeigncurrencytransactionandtranslationadjustmentnetoftax": 4000000,
        "othercomprehensiveincomelossavailableforsalesecuritiesadjustmentbeforereclassificationadjustmentsnetoftax": 74000000,
        "othercomprehensiveincomelossreclassificationadjustmentfromaociforsaleofsecuritiesnetoftax": 2000000,
        "othercomprehensiveincomelossavailableforsalesecuritiesadjustmentnetoftax": 72000000,
        "othercomprehensiveincomelosscashflowhedgegainlossbeforereclassificationaftertax": -36000000,
        "othercomprehensiveincomelosscashflowhedgegainlossreclassificationaftertax": 16000000,
        "othercomprehensiveincomelosscashflowhedgegainlossafterreclassificationandtax": -52000000,
        "othercomprehensiveincomelossnetoftax": 24000000,
        "comprehensiveincomenetoftaxincludingportionattributabletononcontrollinginterest": -3322000000,
        "comprehensiveincomenetoftaxattributabletononcontrollinginterest": -7000000,
        "comprehensiveincomenetoftax": -3315000000
    },
    {
        "date": "2020-03-30",
        "symbol": "GILD",
        "period": "Q1",
        "profitloss": 1538000000,
        "othercomprehensiveincomelossforeigncurrencytransactionandtranslationadjustmentnetoftax": -39000000,
        "othercomprehensiveincomelossavailableforsalesecuritiesadjustmentbeforereclassificationadjustmentsnetoftax": -23000000,
        "othercomprehensiveincomelossreclassificationadjustmentfromaociforsaleofsecuritiesnetoftax": 11000000,
        "othercomprehensiveincomelossavailableforsalesecuritiesadjustmentnetoftax": -34000000,
        "othercomprehensiveincomelosscashflowhedgegainlossbeforereclassificationaftertax": 57000000,
        "othercomprehensiveincomelosscashflowhedgegainlossreclassificationaftertax": 23000000,
        "othercomprehensiveincomelosscashflowhedgegainlossafterreclassificationandtax": 34000000,
        "othercomprehensiveincomelossnetoftax": -39000000,
        "comprehensiveincomenetoftaxincludingportionattributabletononcontrollinginterest": 1499000000,
        "comprehensiveincomenetoftaxattributabletononcontrollinginterest": -13000000,
        "comprehensiveincomenetoftax": 1512000000,
        "revenues": 5467000000,
        "costofgoodsandservicessold": 969000000,
        "researchanddevelopmentexpense": 1101000000,
        "sellinggeneralandadministrativeexpense": 1076000000,
        "costsandexpenses": 3146000000,
        "operatingincomeloss": 2402000000,
        "interestexpense": 241000000,
        "nonoperatingincomeexpense": -158000000,
        "incomelossfromcontinuingoperationsbeforeincometaxesminorityinterestandincomelossfromequitymethodinvestments": 2003000000,
        "incometaxexpensebenefit": 465000000,
        "netincomelossattributabletononcontrollinginterest": -13000000,
        "netincomeloss": 1551000000,
        "earningspersharebasic": 1.23,
        "weightedaveragenumberofsharesoutstandingbasic": 1262000000,
        "earningspersharediluted": 1.22,
        "weightedaveragenumberofdilutedsharesoutstanding": 1270000000
    },
    {
        "date": "2019-12-30",
        "symbol": "GILD",
        "period": "Q4",
        "profitloss": 2689000000,
        "othercomprehensiveincomelossforeigncurrencytransactionandtranslationadjustmentnetoftax": 25000000,
        "othercomprehensiveincomeunrealizedholdinggainlossonsecuritiesarisingduringperiodnetoftax": 1000000,
        "othercomprehensiveincomelossavailableforsalesecuritiesadjustmentnetoftax": 0,
        "othercomprehensiveincomelosscashflowhedgegainlossbeforereclassificationaftertax": -27000000,
        "othercomprehensiveincomelosscashflowhedgegainlossreclassificationaftertax": 30000000,
        "othercomprehensiveincomelosscashflowhedgegainlossafterreclassificationandtax": -57000000,
        "othercomprehensiveincomelossnetoftax": -32000000,
        "comprehensiveincomenetoftaxincludingportionattributabletononcontrollinginterest": 2657000000,
        "comprehensiveincomenetoftaxattributabletononcontrollinginterest": -7000000,
        "comprehensiveincomenetoftax": 2664000000,
        "revenuefromcontractwithcustomerexcludingassessedtax": 5715000000,
        "costofgoodsandservicessold": 1683000000,
        "researchanddevelopmentexpense": 1899000000,
        "sellinggeneralandadministrativeexpense": 1204000000,
        "costsandexpenses": 4786000000,
        "operatingincomeloss": 1093000000,
        "interestexpense": 243000000,
        "nonoperatingincomeexpense": 1051000000,
        "incomelossfromcontinuingoperationsbeforeincometaxesminorityinterestandincomelossfromequitymethodinvestments": 1901000000,
        "incometaxexpensebenefit": -788000000,
        "netincomelossattributabletononcontrollinginterest": -7000000,
        "netincomeloss": 2696000000,
        "earningspersharebasic": 2.13,
        "weightedaveragenumberofsharesoutstandingbasic": -2543000000,
        "earningspersharediluted": 2.13,
        "weightedaveragenumberofdilutedsharesoutstanding": -2550000000
    },
    {
        "date": "2019-09-29",
        "symbol": "GILD",
        "period": "Q3",
        "profitloss": -1168000000,
        "othercomprehensiveincomelossforeigncurrencytransactionandtranslationadjustmentnetoftax": -27000000,
        "othercomprehensiveincomeunrealizedholdinggainlossonsecuritiesarisingduringperiodnetoftax": 4000000,
        "othercomprehensiveincomelossavailableforsalesecuritiesadjustmentnetoftax": 4000000,
        "othercomprehensiveincomelosscashflowhedgegainlossbeforereclassificationaftertax": 70000000,
        "othercomprehensiveincomelosscashflowhedgegainlossreclassificationaftertax": 32000000,
        "othercomprehensiveincomelosscashflowhedgegainlossafterreclassificationandtax": 38000000,
        "othercomprehensiveincomelossnetoftax": 15000000,
        "comprehensiveincomenetoftaxincludingportionattributabletononcontrollinginterest": -1153000000,
        "comprehensiveincomenetoftaxattributabletononcontrollinginterest": -3000000,
        "comprehensiveincomenetoftax": -1150000000,
        "revenuefromcontractwithcustomerexcludingassessedtax": 5516000000,
        "costofgoodsandservicessold": 1035000000,
        "researchanddevelopmentexpense": 4990000000,
        "sellinggeneralandadministrativeexpense": 1052000000,
        "costsandexpenses": 7077000000,
        "operatingincomeloss": -1473000000,
        "interestexpense": 250000000,
        "nonoperatingincomeexpense": 222000000,
        "incomelossfromcontinuingoperationsbeforeincometaxesminorityinterestandincomelossfromequitymethodinvestments": -1501000000,
        "incometaxexpensebenefit": -333000000,
        "netincomelossattributabletononcontrollinginterest": -3000000,
        "netincomeloss": -1165000000,
        "earningspersharebasic": -0.92,
        "weightedaveragenumberofsharesoutstandingbasic": 1267000000,
        "earningspersharediluted": -0.92,
        "weightedaveragenumberofdilutedsharesoutstanding": 1267000000
    },
    {
        "date": "2019-06-29",
        "symbol": "GILD",
        "period": "Q2",
        "profitloss": 1875000000,
        "othercomprehensiveincomelossforeigncurrencytransactionandtranslationadjustmentnetoftax": -13000000,
        "othercomprehensiveincomeunrealizedholdinggainlossonsecuritiesarisingduringperiodnetoftax": 19000000,
        "othercomprehensiveincomelossavailableforsalesecuritiesadjustmentnetoftax": 19000000,
        "othercomprehensiveincomelosscashflowhedgegainlossbeforereclassificationaftertax": 1000000,
        "othercomprehensiveincomelosscashflowhedgegainlossreclassificationaftertax": 35000000,
        "othercomprehensiveincomelosscashflowhedgegainlossafterreclassificationandtax": -34000000,
        "othercomprehensiveincomelossnetoftax": -28000000,
        "comprehensiveincomenetoftaxincludingportionattributabletononcontrollinginterest": 1847000000,
        "comprehensiveincomenetoftaxattributabletononcontrollinginterest": -5000000,
        "comprehensiveincomenetoftax": 1852000000,
        "revenuefromcontractwithcustomerexcludingassessedtax": 5607000000,
        "costofgoodsandservicessold": 1000000000,
        "researchanddevelopmentexpense": 1160000000,
        "sellinggeneralandadministrativeexpense": 1095000000,
        "costsandexpenses": 3255000000,
        "operatingincomeloss": 2430000000,
        "interestexpense": 248000000,
        "nonoperatingincomeexpense": 228000000,
        "incomelossfromcontinuingoperationsbeforeincometaxesminorityinterestandincomelossfromequitymethodinvestments": 2410000000,
        "incometaxexpensebenefit": 535000000,
        "netincomelossattributabletononcontrollinginterest": -5000000,
        "netincomeloss": 1880000000,
        "earningspersharebasic": 1.48,
        "weightedaveragenumberofsharesoutstandingbasic": 1270000000,
        "earningspersharediluted": 1.47,
        "weightedaveragenumberofdilutedsharesoutstanding": 1277000000
    },
    {
        "date": "2019-03-30",
        "symbol": "GILD",
        "period": "Q1",
        "profitloss": 1968000000,
        "othercomprehensiveincomelossforeigncurrencytransactionandtranslationadjustmentnetoftax": 21000000,
        "othercomprehensiveincomeunrealizedholdinggainlossonsecuritiesarisingduringperiodnetoftax": 30000000,
        "othercomprehensiveincomelossavailableforsalesecuritiesadjustmentnetoftax": 30000000,
        "othercomprehensiveincomelosscashflowhedgegainlossbeforereclassificationaftertax": 28000000,
        "othercomprehensiveincomelosscashflowhedgegainlossreclassificationaftertax": 29000000,
        "othercomprehensiveincomelosscashflowhedgegainlossafterreclassificationandtax": -1000000,
        "othercomprehensiveincomelossnetoftax": 50000000,
        "comprehensiveincomenetoftaxincludingportionattributabletononcontrollinginterest": 2018000000,
        "comprehensiveincomenetoftaxattributabletononcontrollinginterest": -7000000,
        "comprehensiveincomenetoftax": 2025000000,
        "revenuefromcontractwithcustomerexcludingassessedtax": 5281000000,
        "costofgoodsandservicessold": 957000000,
        "researchanddevelopmentexpense": 1057000000,
        "sellinggeneralandadministrativeexpense": 1030000000,
        "costsandexpenses": 3044000000,
        "operatingincomeloss": 2237000000,
        "interestexpense": 254000000,
        "nonoperatingincomeexpense": 367000000,
        "incomelossfromcontinuingoperationsbeforeincometaxesminorityinterestandincomelossfromequitymethodinvestments": 2350000000,
        "incometaxexpensebenefit": 382000000,
        "netincomelossattributabletononcontrollinginterest": -7000000,
        "netincomeloss": 1975000000,
        "earningspersharebasic": 1.55,
        "weightedaveragenumberofsharesoutstandingbasic": 1276000000,
        "earningspersharediluted": 1.54,
        "weightedaveragenumberofdilutedsharesoutstanding": 1283000000
    },
    {
        "date": "2018-12-30",
        "symbol": "GILD",
        "period": "Q4",
        "profitloss": 3000000,
        "othercomprehensiveincomelossforeigncurrencytransactionandtranslationadjustmentnetoftax": -21000000,
        "othercomprehensiveincomeunrealizedholdinggainlossonsecuritiesarisingduringperiodnetoftax": 18000000,
        "othercomprehensiveincomelossavailableforsalesecuritiesadjustmentnetoftax": 18000000,
        "othercomprehensiveincomelossnetoftax": -21000000,
        "comprehensiveincomenetoftaxincludingportionattributabletononcontrollinginterest": 47000000,
        "comprehensiveincomenetoftaxattributabletononcontrollinginterest": 0,
        "comprehensiveincomenetoftax": 47000000,
        "researchanddevelopmentexpense": 1950000000,
        "sellinggeneralandadministrativeexpense": 1131000000,
        "costsandexpenses": 4651000000,
        "operatingincomeloss": 1144000000,
        "interestexpense": 257000000,
        "nonoperatingincomeexpense": 129000000,
        "incomelossfromcontinuingoperationsbeforeincometaxesminorityinterestandincomelossfromequitymethodinvestments": 1016000000,
        "incometaxexpensebenefit": -1152000000,
        "netincomelossattributabletononcontrollinginterest": 0,
        "netincomeloss": 3000000,
        "earningspersharebasic": 0.010000000000000009,
        "weightedaveragenumberofsharesoutstandingbasic": -4000000,
        "earningspersharediluted": 0.01999999999999935,
        "weightedaveragenumberofdilutedsharesoutstanding": -5000000
    },
    {
        "date": "2018-09-29",
        "symbol": "GILD",
        "period": "Q3",
        "profitloss": 2094000000,
        "othercomprehensiveincomelossforeigncurrencytransactionandtranslationadjustmentnetoftax": 1000000,
        "othercomprehensiveincomeunrealizedholdinggainlossonsecuritiesarisingduringperiodnetoftax": 31000000,
        "othercomprehensiveincomelossavailableforsalesecuritiesadjustmentnetoftax": 31000000,
        "othercomprehensiveincomelossnetoftax": -147000000,
        "comprehensiveincomenetoftaxincludingportionattributabletononcontrollinginterest": 2133000000,
        "comprehensiveincomenetoftaxattributabletononcontrollinginterest": 2000000,
        "comprehensiveincomenetoftax": 2131000000,
        "researchanddevelopmentexpense": 939000000,
        "sellinggeneralandadministrativeexpense": 948000000,
        "costsandexpenses": 2973000000,
        "operatingincomeloss": 2623000000,
        "interestexpense": 264000000,
        "nonoperatingincomeexpense": 305000000,
        "incomelossfromcontinuingoperationsbeforeincometaxesminorityinterestandincomelossfromequitymethodinvestments": 2664000000,
        "incometaxexpensebenefit": 565000000,
        "netincomelossattributabletononcontrollinginterest": 2000000,
        "netincomeloss": 2097000000,
        "earningspersharebasic": 1.6100000000000005,
        "weightedaveragenumberofsharesoutstandingbasic": -1303000000,
        "earningspersharediluted": 1.5900000000000007,
        "weightedaveragenumberofdilutedsharesoutstanding": -1315000000,
        "commonstockdividendspersharedeclared": 0.5700000000000002
    },
    {
        "date": "2018-06-29",
        "symbol": "GILD",
        "period": "Q2",
        "profitloss": 1819000000,
        "othercomprehensiveincomelossforeigncurrencytransactionandtranslationadjustmentnetoftax": -25000000,
        "othercomprehensiveincomeunrealizedholdinggainlossonsecuritiesarisingduringperiodnetoftax": 30000000,
        "othercomprehensiveincomelossreclassificationadjustmentfromaociforsaleofsecuritiesnetoftax": -4000000,
        "othercomprehensiveincomelossavailableforsalesecuritiesadjustmentnetoftax": 34000000,
        "othercomprehensiveincomelosscashflowhedgegainlossbeforereclassificationaftertax": 118000000,
        "othercomprehensiveincomelosscashflowhedgegainlossreclassificationaftertax": -45000000,
        "othercomprehensiveincomelosscashflowhedgegainlossafterreclassificationandtax": 163000000,
        "othercomprehensiveincomelossnetoftax": 172000000,
        "comprehensiveincomenetoftaxincludingportionattributabletononcontrollinginterest": 1991000000,
        "comprehensiveincomenetoftaxattributabletononcontrollinginterest": 2000000,
        "comprehensiveincomenetoftax": 1989000000,
        "othercomprehensiveincomelosscashflowhedgegainlossbeforereclassificationtax": 1000000,
        "revenuefromcontractwithcustomerexcludingassessedtax": 1005000000,
        "revenues": 1084000000,
        "costofgoodsandservicessold": 1196000000,
        "researchanddevelopmentexpense": 1192000000,
        "sellinggeneralandadministrativeexpense": 980000000,
        "costsandexpenses": 3368000000,
        "operatingincomeloss": 2280000000,
        "interestexpense": 266000000,
        "nonoperatingincomeexpense": 72000000,
        "incomelossfromcontinuingoperationsbeforeincometaxesminorityinterestandincomelossfromequitymethodinvestments": 2086000000,
        "incometaxexpensebenefit": 267000000,
        "netincomelossattributabletononcontrollinginterest": 2000000,
        "netincomeloss": 1817000000,
        "earningspersharebasic": 1.4,
        "weightedaveragenumberofsharesoutstandingbasic": 1298000000,
        "earningspersharediluted": 1.39,
        "weightedaveragenumberofdilutedsharesoutstanding": 1308000000,
        "commonstockdividendspersharedeclared": 0.57
    },
    {
        "date": "2018-03-30",
        "symbol": "GILD",
        "period": "Q1",
        "profitloss": 1539000000,
        "othercomprehensiveincomelossforeigncurrencytransactionandtranslationadjustmentnetoftax": 7000000,
        "othercomprehensiveincomeunrealizedholdinggainlossonsecuritiesarisingduringperiodnetoftax": -36000000,
        "othercomprehensiveincomelossavailableforsalesecuritiesadjustmentnetoftax": -36000000,
        "othercomprehensiveincomeunrealizedgainlossonderivativesarisingduringperiodnetoftax": -61000000,
        "othercomprehensiveincomelossreclassificationadjustmentfromaocionderivativesnetoftax": -48000000,
        "othercomprehensiveincomelossderivativesqualifyingashedgesnetoftax": -13000000,
        "othercomprehensiveincomelossnetoftax": -42000000,
        "comprehensiveincomenetoftaxincludingportionattributabletononcontrollinginterest": 1497000000,
        "comprehensiveincomenetoftaxattributabletononcontrollinginterest": 1000000,
        "comprehensiveincomenetoftax": 1496000000,
        "salesrevenuegoodsnet": 5001000000,
        "othersalesrevenuenet": 87000000,
        "salesrevenuenet": 5088000000,
        "costofgoodssold": 1001000000,
        "researchanddevelopmentexpense": 937000000,
        "sellinggeneralandadministrativeexpense": 997000000,
        "costsandexpenses": 2935000000,
        "operatingincomeloss": 2153000000,
        "interestexpense": 290000000,
        "nonoperatingincomeexpense": 170000000,
        "incomelossfromcontinuingoperationsbeforeincometaxesminorityinterestandincomelossfromequitymethodinvestments": 2033000000,
        "incometaxexpensebenefit": 494000000,
        "netincomelossattributabletononcontrollinginterest": 1000000,
        "netincomeloss": 1538000000,
        "earningspersharebasic": 1.18,
        "weightedaveragenumberofsharesoutstandingbasic": 1307000000,
        "earningspersharediluted": 1.17,
        "weightedaveragenumberofdilutedsharesoutstanding": 1320000000,
        "commonstockdividendspersharedeclared": 0.57
    },
    {
        "date": "2017-12-30",
        "symbol": "GILD",
        "period": "Q4",
        "profitloss": -3859000000,
        "othercomprehensiveincomelossforeigncurrencytransactionandtranslationadjustmentnetoftax": 4000000,
        "othercomprehensiveincomeunrealizedholdinggainlossonsecuritiesarisingduringperiodnetoftax": -93000000,
        "othercomprehensiveincomelossreclassificationadjustmentfromaociforsaleofsecuritiesnetoftax": 1000000,
        "othercomprehensiveincomelossavailableforsalesecuritiesadjustmentnetoftax": -94000000,
        "othercomprehensiveincomeunrealizedgainlossonderivativesarisingduringperiodnetoftax": -26000000,
        "othercomprehensiveincomelossreclassificationadjustmentfromaocionderivativesnetoftax": -32000000,
        "othercomprehensiveincomelossderivativesqualifyingashedgesnetoftax": 6000000,
        "othercomprehensiveincomelossnetoftax": -129000000,
        "comprehensiveincomenetoftaxincludingportionattributabletononcontrollinginterest": -3920000000,
        "comprehensiveincomenetoftaxattributabletononcontrollinginterest": 29000000,
        "comprehensiveincomenetoftax": -3949000000,
        "othercomprehensiveincomeunrealizedholdinggainlossonsecuritiesarisingduringperiodtax": 2000000,
        "othercomprehensiveincomeunrealizedgainlossonderivativesarisingduringperiodtax": 0,
        "salesrevenuegoodsnet": 39000000,
        "salesrevenuenet": -14847000000,
        "costofgoodssold": 1256000000,
        "researchanddevelopmentexpense": 1150000000,
        "sellinggeneralandadministrativeexpense": 1252000000,
        "costsandexpenses": 3658000000,
        "operatingincomeloss": 2291000000,
        "interestexpense": 297000000,
        "nonoperatingincomeexpense": 132000000,
        "incomelossfromcontinuingoperationsbeforeincometaxesminorityinterestandincomelossfromequitymethodinvestments": 2126000000,
        "incometaxexpensebenefit": 5962000000,
        "netincomelossattributabletononcontrollinginterest": 29000000,
        "netincomeloss": -3865000000,
        "earningspersharebasic": -2.96,
        "weightedaveragenumberofsharesoutstandingbasic": -1306000000,
        "earningspersharediluted": -2.93,
        "weightedaveragenumberofdilutedsharesoutstanding": -1319000000,
        "commonstockdividendspersharedeclared": 0.52
    },
    {
        "date": "2017-09-29",
        "symbol": "GILD",
        "period": "Q3",
        "profitloss": 2712000000,
        "othercomprehensiveincomelossforeigncurrencytransactionandtranslationadjustmentnetoftax": -4000000,
        "othercomprehensiveincomeunrealizedholdinggainlossonsecuritiesarisingduringperiodnetoftax": 185000000,
        "othercomprehensiveincomelossreclassificationadjustmentfromaociforsaleofsecuritiesnetoftax": 1000000,
        "othercomprehensiveincomelossavailableforsalesecuritiesadjustmentnetoftax": 184000000,
        "othercomprehensiveincomeunrealizedgainlossonderivativesarisingduringperiodnetoftax": -76000000,
        "othercomprehensiveincomelossreclassificationadjustmentfromaocionderivativesnetoftax": -25000000,
        "othercomprehensiveincomelossderivativesqualifyingashedgesnetoftax": -51000000,
        "othercomprehensiveincomelossnetoftax": 129000000,
        "comprehensiveincomenetoftaxincludingportionattributabletononcontrollinginterest": 2841000000,
        "comprehensiveincomenetoftaxattributabletononcontrollinginterest": -6000000,
        "comprehensiveincomenetoftax": 2847000000,
        "othercomprehensiveincomeunrealizedholdinggainlossonsecuritiesarisingduringperiodtax": 1000000,
        "othercomprehensiveincomeunrealizedgainlossonderivativesarisingduringperiodtax": -2000000,
        "othercomprehensiveincomelossreclassificationadjustmentfromaocionderivativestax": -1000000,
        "salesrevenuegoodsnet": 40000000,
        "othersalesrevenuenet": 110000000,
        "salesrevenuenet": 6512000000,
        "costofgoodssold": 1032000000,
        "researchanddevelopmentexpense": 789000000,
        "sellinggeneralandadministrativeexpense": 879000000,
        "costsandexpenses": 2700000000,
        "operatingincomeloss": 3812000000,
        "interestexpense": 291000000,
        "nonoperatingincomeexpense": 150000000,
        "incomelossfromcontinuingoperationsbeforeincometaxesminorityinterestandincomelossfromequitymethodinvestments": 3671000000,
        "incometaxexpensebenefit": 959000000,
        "netincomelossattributabletononcontrollinginterest": -6000000,
        "netincomeloss": 2718000000,
        "earningspersharebasic": 2.08,
        "weightedaveragenumberofsharesoutstandingbasic": 1306000000,
        "earningspersharediluted": 2.06,
        "weightedaveragenumberofdilutedsharesoutstanding": 1319000000,
        "commonstockdividendspersharedeclared": 0.52
    },
    {
        "date": "2017-06-29",
        "symbol": "GILD",
        "period": "Q2",
        "profitloss": 3073000000,
        "othercomprehensiveincomelossforeigncurrencytransactionandtranslationadjustmentnetoftax": 29000000,
        "othercomprehensiveincomeunrealizedholdinggainlossonsecuritiesarisingduringperiodnetoftax": -58000000,
        "othercomprehensiveincomelossreclassificationadjustmentfromaociforsaleofsecuritiesnetoftax": 9000000,
        "othercomprehensiveincomelossavailableforsalesecuritiesadjustmentnetoftax": -67000000,
        "othercomprehensiveincomeunrealizedgainlossonderivativesarisingduringperiodnetoftax": -115000000,
        "othercomprehensiveincomelossreclassificationadjustmentfromaocionderivativesnetoftax": -13000000,
        "othercomprehensiveincomelossderivativesqualifyingashedgesnetoftax": -102000000,
        "othercomprehensiveincomelossnetoftax": 29000000,
        "comprehensiveincomenetoftaxincludingportionattributabletononcontrollinginterest": 2929000000,
        "comprehensiveincomenetoftaxattributabletononcontrollinginterest": -4000000,
        "comprehensiveincomenetoftax": 2933000000,
        "othercomprehensiveincomeunrealizedholdinggainlossonsecuritiesarisingduringperiodtax": 1000000,
        "othercomprehensiveincomeunrealizedgainlossonderivativesarisingduringperiodtax": -2000000,
        "othercomprehensiveincomelossreclassificationadjustmentfromaocionderivativestax": 0,
        "salesrevenuegoodsnet": 35000000,
        "salesrevenuenet": 7141000000,
        "costofgoodssold": 1126000000,
        "researchanddevelopmentexpense": 864000000,
        "sellinggeneralandadministrativeexpense": 897000000,
        "costsandexpenses": 2887000000,
        "operatingincomeloss": 4254000000,
        "interestexpense": 269000000,
        "nonoperatingincomeexpense": 130000000,
        "incomelossfromcontinuingoperationsbeforeincometaxesminorityinterestandincomelossfromequitymethodinvestments": 4115000000,
        "incometaxexpensebenefit": 1046000000,
        "netincomelossattributabletononcontrollinginterest": -4000000,
        "netincomeloss": 3073000000,
        "earningspersharebasic": 2.35,
        "weightedaveragenumberofsharesoutstandingbasic": -1000000,
        "earningspersharediluted": 2.33,
        "weightedaveragenumberofdilutedsharesoutstanding": -1000000,
        "commonstockdividendspersharedeclared": 0.52
    },
    {
        "date": "2017-03-30",
        "symbol": "GILD",
        "period": "Q1",
        "profitloss": 2702000000,
        "othercomprehensiveincomelossforeigncurrencytransactionandtranslationadjustmentnetoftax": -76000000,
        "othercomprehensiveincomeunrealizedholdinggainlossonsecuritiesarisingduringperiodnetoftax": 184000000,
        "othercomprehensiveincomelossreclassificationadjustmentfromaociforsaleofsecuritiesnetoftax": -3000000,
        "othercomprehensiveincomelossavailableforsalesecuritiesadjustmentnetoftax": 187000000,
        "othercomprehensiveincomeunrealizedgainlossonderivativesarisingduringperiodnetoftax": -87000000,
        "othercomprehensiveincomelossreclassificationadjustmentfromaocionderivativesnetoftax": 42000000,
        "othercomprehensiveincomelossderivativesqualifyingashedgesnetoftax": -129000000,
        "othercomprehensiveincomelossnetoftax": -76000000,
        "comprehensiveincomenetoftaxincludingportionattributabletononcontrollinginterest": 2681000000,
        "comprehensiveincomenetoftaxattributabletononcontrollinginterest": -3000000,
        "comprehensiveincomenetoftax": 2684000000,
        "othercomprehensiveincomeunrealizedholdinggainlossonsecuritiesarisingduringperiodtax": 2000000,
        "othercomprehensiveincomeunrealizedgainlossonderivativesarisingduringperiodtax": -7000000,
        "othercomprehensiveincomelossreclassificationadjustmentfromaocionderivativestax": 1000000,
        "salesrevenuegoodsnet": 35000000,
        "royaltycontractandotherrevenue": 128000000,
        "salesrevenuenet": 6505000000,
        "costofgoodssold": 957000000,
        "researchanddevelopmentexpense": 931000000,
        "sellinggeneralandadministrativeexpense": 850000000,
        "costsandexpenses": 2738000000,
        "operatingincomeloss": 3767000000,
        "interestexpense": 261000000,
        "nonoperatingincomeexpense": 111000000,
        "incomelossfromcontinuingoperationsbeforeincometaxesminorityinterestandincomelossfromequitymethodinvestments": 3617000000,
        "incometaxexpensebenefit": 918000000,
        "netincomelossattributabletononcontrollinginterest": -3000000,
        "netincomeloss": 2702000000,
        "earningspersharebasic": 2.07,
        "weightedaveragenumberofsharesoutstandingbasic": 1308000000,
        "earningspersharediluted": 2.05,
        "weightedaveragenumberofdilutedsharesoutstanding": 1320000000,
        "commonstockdividendspersharedeclared": 0.52
    },
    {
        "date": "2016-12-30",
        "symbol": "GILD",
        "period": "Q4",
        "profitloss": 3113000000,
        "othercomprehensiveincomelossforeigncurrencytransactionandtranslationadjustmentnetoftax": 216000000,
        "othercomprehensiveincomeunrealizedholdinggainlossonsecuritiesarisingduringperiodnetoftax": -152000000,
        "othercomprehensiveincomeunrealizedgainlossonderivativesarisingduringperiodnetoftax": 254000000,
        "othercomprehensiveincomelossreclassificationadjustmentfromaocionderivativesnetoftax": -67000000,
        "othercomprehensiveincomelossderivativesqualifyingashedgesnetoftax": 321000000,
        "othercomprehensiveincomelossnetoftax": 228000000,
        "comprehensiveincomenetoftaxincludingportionattributabletononcontrollinginterest": 3485000000,
        "comprehensiveincomenetoftax": 3494000000,
        "othercomprehensiveincomeunrealizedholdinggainlossonsecuritiesarisingduringperiodtax": 0,
        "othercomprehensiveincomelossreclassificationadjustmentfromaocionderivativestax": 0,
        "salesrevenuegoodsnet": 39000000,
        "salesrevenuenet": -16705000000,
        "costofgoodssold": 1075000000,
        "researchanddevelopmentexpense": 4498000000,
        "sellinggeneralandadministrativeexpense": 992000000,
        "costsandexpenses": 3275000000,
        "operatingincomeloss": 4045000000,
        "interestexpense": 265000000,
        "nonoperatingincomeexpense": 140000000,
        "incomelossfromcontinuingoperationsbeforeincometaxesminorityinterestandincomelossfromequitymethodinvestments": 3920000000,
        "incometaxexpensebenefit": 821000000,
        "netincomeloss": 3108000000,
        "earningspersharebasic": 2.3600000000000003,
        "weightedaveragenumberofsharesoutstandingbasic": -1342000000,
        "earningspersharediluted": 2.3399999999999994,
        "weightedaveragenumberofdilutedsharesoutstanding": -1364000000,
        "commonstockdividendspersharedeclared": 0.47000000000000014
    },
    {
        "date": "2016-09-29",
        "symbol": "GILD",
        "period": "Q3",
        "profitloss": 3325000000,
        "othercomprehensiveincomelossforeigncurrencytransactionandtranslationadjustmentnetoftax": -50000000,
        "othercomprehensiveincomeunrealizedholdinggainlossonsecuritiesarisingduringperiodnetoftax": 29000000,
        "othercomprehensiveincomelossreclassificationadjustmentfromaociforsaleofsecuritiesnetoftax": 6000000,
        "othercomprehensiveincomelossavailableforsalesecuritiesadjustmentnetoftax": 23000000,
        "othercomprehensiveincomeunrealizedgainlossonderivativesarisingduringperiodnetoftax": -45000000,
        "othercomprehensiveincomelossreclassificationadjustmentfromaocionderivativesnetoftax": -10000000,
        "othercomprehensiveincomelossderivativesqualifyingashedgesnetoftax": -35000000,
        "othercomprehensiveincomelossnetoftax": -62000000,
        "comprehensiveincomenetoftaxincludingportionattributabletononcontrollinginterest": 3263000000,
        "comprehensiveincomenetoftaxattributabletononcontrollinginterest": -5000000,
        "comprehensiveincomenetoftax": 3268000000,
        "othercomprehensiveincomeunrealizedholdinggainlossonsecuritiesarisingduringperiodtax": 1000000,
        "othercomprehensiveincomeunrealizedgainlossonderivativesarisingduringperiodtax": 2000000,
        "othercomprehensiveincomelossreclassificationadjustmentfromaocionderivativestax": 1000000,
        "salesrevenuegoodsnet": 39000000,
        "royaltycontractandotherrevenue": 95000000,
        "salesrevenuenet": 7500000000,
        "costofgoodssold": 1129000000,
        "researchanddevelopmentexpense": 200000000,
        "sellinggeneralandadministrativeexpense": 831000000,
        "costsandexpenses": 3101000000,
        "operatingincomeloss": 4399000000,
        "interestexpense": 242000000,
        "nonoperatingincomeexpense": 119000000,
        "incomelossfromcontinuingoperationsbeforeincometaxesminorityinterestandincomelossfromequitymethodinvestments": 4276000000,
        "incometaxexpensebenefit": 951000000,
        "netincomelossattributabletononcontrollinginterest": -5000000,
        "netincomeloss": 3330000000,
        "earningspersharebasic": 2.52,
        "weightedaveragenumberofsharesoutstandingbasic": 1322000000,
        "earningspersharediluted": 2.49,
        "weightedaveragenumberofdilutedsharesoutstanding": 1339000000,
        "commonstockdividendspersharedeclared": 0.47
    },
    {
        "date": "2016-06-29",
        "symbol": "GILD",
        "period": "Q2",
        "profitloss": 3497000000,
        "othercomprehensiveincomelossforeigncurrencytransactionandtranslationadjustmentnetoftax": 9000000,
        "othercomprehensiveincomeunrealizedholdinggainlossonsecuritiesarisingduringperiodnetoftax": 154000000,
        "othercomprehensiveincomelossavailableforsalesecuritiesadjustmentnetoftax": 152000000,
        "othercomprehensiveincomeunrealizedgainlossonderivativesarisingduringperiodnetoftax": -54000000,
        "othercomprehensiveincomelossreclassificationadjustmentfromaocionderivativesnetoftax": -11000000,
        "othercomprehensiveincomelossderivativesqualifyingashedgesnetoftax": -43000000,
        "othercomprehensiveincomelossnetoftax": 9000000,
        "comprehensiveincomenetoftaxincludingportionattributabletononcontrollinginterest": 3615000000,
        "comprehensiveincomenetoftaxattributabletononcontrollinginterest": 0,
        "comprehensiveincomenetoftax": 3615000000,
        "othercomprehensiveincomeunrealizedholdinggainlossonsecuritiesarisingduringperiodtax": -12000000,
        "othercomprehensiveincomeunrealizedgainlossonderivativesarisingduringperiodtax": -1000000,
        "othercomprehensiveincomelossreclassificationadjustmentfromaocionderivativestax": 1000000,
        "salesrevenuegoodsnet": 41000000,
        "royaltycontractandotherrevenue": 125000000,
        "salesrevenuenet": 7776000000,
        "costofgoodssold": 864000000,
        "researchanddevelopmentexpense": -865000000,
        "sellinggeneralandadministrativeexpense": 890000000,
        "costsandexpenses": 3238000000,
        "operatingincomeloss": 4538000000,
        "interestexpense": 227000000,
        "nonoperatingincomeexpense": 88000000,
        "incomelossfromcontinuingoperationsbeforeincometaxesminorityinterestandincomelossfromequitymethodinvestments": 4399000000,
        "incometaxexpensebenefit": 902000000,
        "netincomelossattributabletononcontrollinginterest": 0,
        "netincomeloss": 3497000000,
        "earningspersharebasic": 2.62,
        "weightedaveragenumberofsharesoutstandingbasic": -24000000,
        "earningspersharediluted": 2.5800000000000005,
        "weightedaveragenumberofdilutedsharesoutstanding": -29000000,
        "commonstockdividendspersharedeclared": 0.47000000000000003
    },
    {
        "date": "2016-03-30",
        "symbol": "GILD",
        "period": "Q1",
        "profitloss": 3566000000,
        "othercomprehensiveincomelossforeigncurrencytransactionandtranslationadjustmentnetoftax": 2000000,
        "othercomprehensiveincomeunrealizedholdinggainlossonsecuritiesarisingduringperiodnetoftax": -24000000,
        "othercomprehensiveincomelossavailableforsalesecuritiesadjustmentnetoftax": -24000000,
        "othercomprehensiveincomeunrealizedgainlossonderivativesarisingduringperiodnetoftax": -150000000,
        "othercomprehensiveincomelossreclassificationadjustmentfromaocionderivativesnetoftax": 80000000,
        "othercomprehensiveincomelossderivativesqualifyingashedgesnetoftax": -230000000,
        "othercomprehensiveincomelossnetoftax": 2000000,
        "comprehensiveincomenetoftaxincludingportionattributabletononcontrollinginterest": 3315000000,
        "comprehensiveincomenetoftaxattributabletononcontrollinginterest": 1000000,
        "comprehensiveincomenetoftax": 3314000000,
        "salesrevenuegoodsnet": 49000000,
        "royaltycontractandotherrevenue": 113000000,
        "salesrevenuenet": 7794000000,
        "costofgoodssold": 1193000000,
        "researchanddevelopmentexpense": 1265000000,
        "sellinggeneralandadministrativeexpense": 685000000,
        "costsandexpenses": 3143000000,
        "operatingincomeloss": 4651000000,
        "interestexpense": 230000000,
        "nonoperatingincomeexpense": 81000000,
        "incomelossfromcontinuingoperationsbeforeincometaxesminorityinterestandincomelossfromequitymethodinvestments": 4502000000,
        "incometaxexpensebenefit": 935000000,
        "netincomelossattributabletononcontrollinginterest": 1000000,
        "netincomeloss": 3566000000,
        "earningspersharebasic": 2.58,
        "weightedaveragenumberofsharesoutstandingbasic": 1383000000,
        "earningspersharediluted": 2.53,
        "weightedaveragenumberofdilutedsharesoutstanding": 1412000000,
        "commonstockdividendspersharedeclared": 0.43,
        "othercomprehensiveincomeunrealizedholdinggainlossonsecuritiesarisingduringperiodtax": 30000000,
        "othercomprehensiveincomeunrealizedgainlossonderivativesarisingduringperiodtax": -10000000,
        "othercomprehensiveincomelossreclassificationadjustmentfromaocionderivativestax": 6000000
    },
    {
        "date": "2015-09-29",
        "symbol": "GILD",
        "period": "Q3",
        "profitloss": 4596000000,
        "othercomprehensiveincomelossforeigncurrencytransactionandtranslationadjustmentnetoftax": 3000000,
        "othercomprehensiveincomeunrealizedholdinggainlossonsecuritiesarisingduringperiodnetoftax": 0,
        "othercomprehensiveincomelossavailableforsalesecuritiesadjustmentnetoftax": 0,
        "othercomprehensiveincomeunrealizedgainlossonderivativesarisingduringperiodnetoftax": 49000000,
        "othercomprehensiveincomelossreclassificationadjustmentfromaocionderivativesnetoftax": 132000000,
        "othercomprehensiveincomelossderivativesqualifyingashedgesnetoftax": -83000000,
        "othercomprehensiveincomelossnetoftax": 298000000,
        "comprehensiveincomenetoftaxincludingportionattributabletononcontrollinginterest": 4512000000,
        "comprehensiveincomenetoftaxattributabletononcontrollinginterest": -8000000,
        "comprehensiveincomenetoftax": 4520000000,
        "salesrevenuegoodsnet": -7343000000,
        "royaltycontractandotherrevenue": 84000000,
        "salesrevenuenet": 8295000000,
        "costofgoodssold": 1064000000,
        "researchanddevelopmentexpense": 743000000,
        "sellinggeneralandadministrativeexpense": 903000000,
        "costsandexpenses": 2710000000,
        "operatingincomeloss": 5585000000,
        "interestexpense": 165000000,
        "nonoperatingincomeexpense": 52000000,
        "incomelossfromcontinuingoperationsbeforeincometaxesminorityinterestandincomelossfromequitymethodinvestments": 5472000000,
        "incometaxexpensebenefit": 880000000,
        "netincomelossattributabletononcontrollinginterest": -8000000,
        "netincomeloss": 4600000000,
        "earningspersharebasic": 3.1499999999999995,
        "weightedaveragenumberofsharesoutstandingbasic": -1486000000,
        "earningspersharediluted": 3.0500000000000007,
        "weightedaveragenumberofdilutedsharesoutstanding": -1571000000,
        "othercomprehensiveincomeunrealizedholdinggainlossonsecuritiesarisingduringperiodtax": 0,
        "othercomprehensiveincomeunrealizedgainlossonderivativesarisingduringperiodtax": 11000000,
        "othercomprehensiveincomelossreclassificationadjustmentfromaocionderivativestax": 5000000
    },
    {
        "date": "2015-06-29",
        "symbol": "GILD",
        "period": "Q2",
        "profitloss": 4497000000,
        "othercomprehensiveincomelossforeigncurrencytransactionandtranslationadjustmentnetoftax": 3000000,
        "othercomprehensiveincomeunrealizedholdinggainlossonsecuritiesarisingduringperiodnetoftax": -3000000,
        "othercomprehensiveincomelossavailableforsalesecuritiesadjustmentnetoftax": -3000000,
        "othercomprehensiveincomeunrealizedgainlossonderivativesarisingduringperiodnetoftax": -110000000,
        "othercomprehensiveincomelossreclassificationadjustmentfromaocionderivativesnetoftax": 182000000,
        "othercomprehensiveincomelossderivativesqualifyingashedgesnetoftax": -292000000,
        "othercomprehensiveincomelossnetoftax": -292000000,
        "comprehensiveincomenetoftaxincludingportionattributabletononcontrollinginterest": 4205000000,
        "comprehensiveincomenetoftaxattributabletononcontrollinginterest": 5000000,
        "comprehensiveincomenetoftax": 4200000000,
        "salesrevenuegoodsnet": 30000000,
        "royaltycontractandotherrevenue": 118000000,
        "salesrevenuenet": 8244000000,
        "costofgoodssold": 998000000,
        "researchanddevelopmentexpense": 818000000,
        "sellinggeneralandadministrativeexpense": 812000000,
        "costsandexpenses": 2628000000,
        "operatingincomeloss": 5616000000,
        "interestexpense": 140000000,
        "nonoperatingincomeexpense": 35000000,
        "incomelossfromcontinuingoperationsbeforeincometaxesminorityinterestandincomelossfromequitymethodinvestments": 5511000000,
        "incometaxexpensebenefit": 1014000000,
        "netincomelossattributabletononcontrollinginterest": 5000000,
        "netincomeloss": 4492000000,
        "earningspersharebasic": 3.05,
        "weightedaveragenumberofsharesoutstandingbasic": 1472000000,
        "earningspersharediluted": 2.92,
        "weightedaveragenumberofdilutedsharesoutstanding": 1540000000,
        "commonstockdividendspersharedeclared": 0.43,
        "othercomprehensiveincomeunrealizedholdinggainlossonsecuritiesarisingduringperiodtax": -1000000,
        "othercomprehensiveincomeunrealizedgainlossonderivativesarisingduringperiodtax": -3000000,
        "othercomprehensiveincomelossreclassificationadjustmentfromaocionderivativestax": 5000000
    },
    {
        "date": "2015-03-30",
        "symbol": "GILD",
        "period": "Q1",
        "profitloss": 4332000000,
        "othercomprehensiveincomelossforeigncurrencytransactionandtranslationadjustmentnetoftax": -10000000,
        "othercomprehensiveincomeunrealizedholdinggainlossonsecuritiesarisingduringperiodnetoftax": 6000000,
        "othercomprehensiveincomelossavailableforsalesecuritiesadjustmentnetoftax": 6000000,
        "othercomprehensiveincomeunrealizedgainlossonderivativesarisingduringperiodnetoftax": 383000000,
        "othercomprehensiveincomelossreclassificationadjustmentfromaocionderivativesnetoftax": 141000000,
        "othercomprehensiveincomelossderivativesqualifyingashedgesnetoftax": 242000000,
        "othercomprehensiveincomelossnetoftax": -10000000,
        "comprehensiveincomenetoftaxincludingportionattributabletononcontrollinginterest": 4570000000,
        "comprehensiveincomenetoftaxattributabletononcontrollinginterest": -1000000,
        "comprehensiveincomenetoftax": 4571000000,
        "salesrevenuegoodsnet": 7405000000,
        "royaltycontractandotherrevenue": 189000000,
        "salesrevenuenet": 7594000000,
        "costofgoodssold": 882000000,
        "researchanddevelopmentexpense": 696000000,
        "sellinggeneralandadministrativeexpense": 645000000,
        "costsandexpenses": 2223000000,
        "operatingincomeloss": 5371000000,
        "interestexpense": 153000000,
        "nonoperatingincomeexpense": 21000000,
        "incomelossfromcontinuingoperationsbeforeincometaxesminorityinterestandincomelossfromequitymethodinvestments": 5239000000,
        "incometaxexpensebenefit": 907000000,
        "netincomelossattributabletononcontrollinginterest": -1000000,
        "netincomeloss": 4333000000,
        "earningspersharebasic": 2.91,
        "weightedaveragenumberofsharesoutstandingbasic": 1488000000,
        "earningspersharediluted": 2.76,
        "weightedaveragenumberofdilutedsharesoutstanding": 1569000000,
        "othercomprehensiveincomeunrealizedholdinggainlossonsecuritiesarisingduringperiodtax": 3000000,
        "othercomprehensiveincomeunrealizedgainlossonderivativesarisingduringperiodtax": 6000000,
        "othercomprehensiveincomelossreclassificationadjustmentfromaocionderivativestax": 4000000
    },
    {
        "date": "2014-12-30",
        "symbol": "GILD",
        "period": "Q4",
        "profitloss": 3503665000,
        "othercomprehensiveincomelossforeigncurrencytransactionandtranslationadjustmentnetoftax": -5938000,
        "othercomprehensiveincomeunrealizedholdinggainlossonsecuritiesarisingduringperiodnetoftax": 5000,
        "othercomprehensiveincomelossreclassificationadjustmentfromaociforsaleofsecuritiesnetoftax": 563000,
        "othercomprehensiveincomeunrealizedgainlossonderivativesarisingduringperiodnetoftax": 173228000,
        "othercomprehensiveincomelossreclassificationadjustmentfromaocionderivativesnetoftax": 40140000,
        "othercomprehensiveincomelossderivativesqualifyingashedgesnetoftax": 133088000,
        "othercomprehensiveincomelossnetoftax": -278679000,
        "comprehensiveincomenetoftaxincludingportionattributabletononcontrollinginterest": 3588257000,
        "comprehensiveincomenetoftaxattributabletononcontrollinginterest": -25058000,
        "comprehensiveincomenetoftax": 3613315000,
        "othercomprehensiveincomeunrealizedgainlossonderivativesarisingduringperiodtax": 9712000,
        "othercomprehensiveincomelossreclassificationadjustmentfromaocionderivativestax": 5422000,
        "salesrevenuegoodsnet": -958971000,
        "royaltycontractandotherrevenue": 92388000,
        "salesrevenuenet": -12133731000,
        "costofgoodssold": 1062780000,
        "researchanddevelopmentexpense": 1044632000,
        "sellinggeneralandadministrativeexpense": 876485000,
        "costsandexpenses": 2983897000,
        "operatingincomeloss": 4330372000,
        "interestexpense": 130361000,
        "nonoperatingincomeexpense": 29594000,
        "incomelossfromcontinuingoperationsbeforeincometaxesminorityinterestandincomelossfromequitymethodinvestments": 4229605000,
        "incometaxexpensebenefit": 767940000,
        "netincomelossattributabletononcontrollinginterest": -25058000,
        "netincomeloss": 3486723000,
        "earningspersharebasic": 2.3100000000000005,
        "weightedaveragenumberofsharesoutstandingbasic": -3061147000,
        "earningspersharediluted": 2.1499999999999995,
        "weightedaveragenumberofdilutedsharesoutstanding": -3333816000
    },
    {
        "date": "2014-09-29",
        "symbol": "GILD",
        "period": "Q3",
        "profitloss": 2724263000,
        "othercomprehensiveincomelossforeigncurrencytransactionandtranslationadjustmentnetoftax": -10031000,
        "othercomprehensiveincomeunrealizedholdinggainlossonsecuritiesarisingduringperiodnetoftax": -831000,
        "othercomprehensiveincomelossreclassificationadjustmentfromaociforsaleofsecuritiesnetoftax": 51000,
        "othercomprehensiveincomelossavailableforsalesecuritiesadjustmentnetoftax": -882000,
        "othercomprehensiveincomeunrealizedgainlossonderivativesarisingduringperiodnetoftax": 223886000,
        "othercomprehensiveincomelossreclassificationadjustmentfromaocionderivativesnetoftax": -2449000,
        "othercomprehensiveincomelossderivativesqualifyingashedgesnetoftax": 226335000,
        "othercomprehensiveincomelossnetoftax": 215422000,
        "comprehensiveincomenetoftaxincludingportionattributabletononcontrollinginterest": 2939685000,
        "comprehensiveincomenetoftaxattributabletononcontrollinginterest": -7011000,
        "comprehensiveincomenetoftax": 2946696000,
        "salesrevenuegoodsnet": 875454000,
        "royaltycontractandotherrevenue": 73624000,
        "salesrevenuenet": 6041832000,
        "costofgoodssold": 987306000,
        "researchanddevelopmentexpense": 630466000,
        "sellinggeneralandadministrativeexpense": 944837000,
        "costsandexpenses": 2562609000,
        "operatingincomeloss": 3479223000,
        "interestexpense": 103366000,
        "nonoperatingincomeexpense": -5037000,
        "incomelossfromcontinuingoperationsbeforeincometaxesminorityinterestandincomelossfromequitymethodinvestments": 3370820000,
        "incometaxexpensebenefit": 646557000,
        "netincomelossattributabletononcontrollinginterest": -7011000,
        "netincomeloss": 2731274000,
        "earningspersharebasic": 1.8,
        "weightedaveragenumberofsharesoutstandingbasic": 1513899000,
        "earningspersharediluted": 1.67,
        "weightedaveragenumberofdilutedsharesoutstanding": 1636530000,
        "othercomprehensiveincomeunrealizedholdinggainlossonsecuritiesarisingduringperiodtax": -481000,
        "othercomprehensiveincomelossreclassificationadjustmentfromaociforsaleofsecuritiestax": 29000,
        "othercomprehensiveincomeunrealizedgainlossonderivativesarisingduringperiodtax": 6462000,
        "othercomprehensiveincomelossreclassificationadjustmentfromaocionderivativestax": 640000
    },
    {
        "date": "2014-06-29",
        "symbol": "GILD",
        "period": "Q2",
        "profitloss": 3650485000,
        "othercomprehensiveincomelossforeigncurrencytransactionandtranslationadjustmentnetoftax": 1186000,
        "othercomprehensiveincomeunrealizedholdinggainlossonsecuritiesarisingduringperiodnetoftax": 1679000,
        "othercomprehensiveincomelossreclassificationadjustmentfromaociforsaleofsecuritiesnetoftax": 187000,
        "othercomprehensiveincomelossavailableforsalesecuritiesadjustmentnetoftax": 1492000,
        "othercomprehensiveincomeunrealizedgainlossonderivativesarisingduringperiodnetoftax": 31621000,
        "othercomprehensiveincomelossreclassificationadjustmentfromaocionderivativesnetoftax": -20010000,
        "othercomprehensiveincomelossderivativesqualifyingashedgesnetoftax": 51631000,
        "othercomprehensiveincomelossnetoftax": 54309000,
        "comprehensiveincomenetoftaxincludingportionattributabletononcontrollinginterest": 3704794000,
        "comprehensiveincomenetoftaxattributabletononcontrollinginterest": -5108000,
        "comprehensiveincomenetoftax": 3709902000,
        "salesrevenuegoodsnet": 94794000,
        "royaltycontractandotherrevenue": 122006000,
        "salesrevenuenet": 6534943000,
        "costofgoodssold": 924709000,
        "researchanddevelopmentexpense": 583924000,
        "sellinggeneralandadministrativeexpense": 613555000,
        "costsandexpenses": 2122188000,
        "operatingincomeloss": 4412755000,
        "interestexpense": 102004000,
        "nonoperatingincomeexpense": -3645000,
        "incomelossfromcontinuingoperationsbeforeincometaxesminorityinterestandincomelossfromequitymethodinvestments": 4307106000,
        "incometaxexpensebenefit": 656621000,
        "netincomelossattributabletononcontrollinginterest": -5108000,
        "netincomeloss": 3655593000,
        "earningspersharebasic": 2.39,
        "weightedaveragenumberofsharesoutstandingbasic": 1532723000,
        "earningspersharediluted": 2.2,
        "weightedaveragenumberofdilutedsharesoutstanding": 1664415000,
        "othercomprehensiveincomeunrealizedholdinggainlossonsecuritiesarisingduringperiodtax": 1096000,
        "othercomprehensiveincomelossreclassificationadjustmentfromaociforsaleofsecuritiestax": -110000,
        "othercomprehensiveincomeunrealizedgainlossonderivativesarisingduringperiodtax": -1906000,
        "othercomprehensiveincomelossreclassificationadjustmentfromaocionderivativestax": -1072000
    },
    {
        "date": "2014-03-30",
        "symbol": "GILD",
        "period": "Q1",
        "profitloss": 2222587000,
        "othercomprehensiveincomelossforeigncurrencytransactionandtranslationadjustmentnetoftax": 5783000,
        "othercomprehensiveincomeunrealizedholdinggainlossonsecuritiesarisingduringperiodnetoftax": 147000,
        "othercomprehensiveincomelossreclassificationadjustmentfromaociforsaleofsecuritiesnetoftax": 199000,
        "othercomprehensiveincomelossavailableforsalesecuritiesadjustmentnetoftax": -52000,
        "othercomprehensiveincomeunrealizedgainlossonderivativesarisingduringperiodnetoftax": 1265000,
        "othercomprehensiveincomelossreclassificationadjustmentfromaocionderivativesnetoftax": -21681000,
        "othercomprehensiveincomelossderivativesqualifyingashedgesnetoftax": 22946000,
        "othercomprehensiveincomelossnetoftax": -52000,
        "comprehensiveincomenetoftaxincludingportionattributabletononcontrollinginterest": 2251264000,
        "comprehensiveincomenetoftaxattributabletononcontrollinginterest": -4823000,
        "comprehensiveincomenetoftax": 2256087000,
        "othercomprehensiveincomeunrealizedholdinggainlossonsecuritiesarisingduringperiodtax": 82000,
        "othercomprehensiveincomelossreclassificationadjustmentfromaociforsaleofsecuritiestax": -114000,
        "othercomprehensiveincomeunrealizedgainlossonderivativesarisingduringperiodtax": 1732000,
        "othercomprehensiveincomelossreclassificationadjustmentfromaocionderivativestax": -990000,
        "salesrevenuegoodsnet": 11723000,
        "royaltycontractandotherrevenue": 127982000,
        "salesrevenuenet": 4998956000,
        "costofgoodssold": 813205000,
        "researchanddevelopmentexpense": 594978000,
        "sellinggeneralandadministrativeexpense": 548123000,
        "costsandexpenses": 1956306000,
        "operatingincomeloss": 3042650000,
        "interestexpense": 76269000,
        "nonoperatingincomeexpense": -17912000,
        "incomelossfromcontinuingoperationsbeforeincometaxesminorityinterestandincomelossfromequitymethodinvestments": 2948469000,
        "incometaxexpensebenefit": 725882000,
        "netincomelossattributabletononcontrollinginterest": -4823000,
        "netincomeloss": 2227410000,
        "earningspersharebasic": 1.45,
        "weightedaveragenumberofsharesoutstandingbasic": 1536525000,
        "earningspersharediluted": 1.33,
        "weightedaveragenumberofdilutedsharesoutstanding": 1679871000
    },
    {
        "date": "2013-12-30",
        "symbol": "GILD",
        "period": "Q4",
        "profitloss": -2288066000,
        "othercomprehensiveincomelossforeigncurrencytransactionandtranslationadjustmentnetoftax": -49595000,
        "othercomprehensiveincomeunrealizedholdinggainlossonsecuritiesarisingduringperiodnetoftax": 785000,
        "othercomprehensiveincomelossavailableforsalesecuritiesadjustmentnetoftax": 463000,
        "othercomprehensiveincomeunrealizedgainlossonderivativesarisingduringperiodnetoftax": -56282000,
        "othercomprehensiveincomelossderivativesqualifyingashedgesnetoftax": -33244000,
        "othercomprehensiveincomelossnetoftax": -6328000,
        "comprehensiveincomenetoftaxincludingportionattributabletononcontrollinginterest": 704366000,
        "comprehensiveincomenetoftax": 709035000,
        "othercomprehensiveincomeunrealizedholdinggainlossonsecuritiesarisingduringperiodtax": 1431000,
        "othercomprehensiveincomeunrealizedgainlossonderivativesarisingduringperiodtax": 1841000,
        "salesrevenuegoodsnet": 7664831000,
        "royaltyrevenue": -176000000,
        "othersalesrevenuenet": 3487000,
        "costofgoodssold": 857523000,
        "researchanddevelopmentexpense": 551978000,
        "sellinggeneralandadministrativeexpense": 513284000,
        "costsandexpenses": 1922785000,
        "operatingincomeloss": 1197041000,
        "interestexpense": 73150000,
        "nonoperatingincomeexpense": -11108000,
        "incomelossfromcontinuingoperationsbeforeincometaxesminorityinterestandincomelossfromequitymethodinvestments": 1112783000,
        "incometaxexpensebenefit": 326041000,
        "netincomelossattributabletononcontrollinginterest": -4669000,
        "netincomeloss": 791411000,
        "earningspersharebasic": 0.5199999999999998,
        "weightedaveragenumberofsharesoutstandingbasic": -3051802000,
        "earningspersharediluted": 0.4500000000000001,
        "weightedaveragenumberofdilutedsharesoutstanding": -3356788000
    },
    {
        "date": "2013-09-29",
        "symbol": "GILD",
        "period": "Q3",
        "profitloss": 785216000,
        "othercomprehensiveincomelossforeigncurrencytransactionandtranslationadjustmentnetoftax": 2381000,
        "othercomprehensiveincomeunrealizedholdinggainlossonsecuritiesarisingduringperiodnetoftax": 4316000,
        "othercomprehensiveincomelossreclassificationadjustmentfromaociforsaleofsecuritiesnetoftax": 65000,
        "othercomprehensiveincomelossavailableforsalesecuritiesadjustmentnetoftax": 4251000,
        "othercomprehensiveincomeunrealizedgainlossonderivativesarisingduringperiodnetoftax": -82453000,
        "othercomprehensiveincomelossreclassificationadjustmentfromaocionderivativesnetoftax": -3380000,
        "othercomprehensiveincomelossderivativesqualifyingashedgesnetoftax": -79073000,
        "othercomprehensiveincomelossnetoftax": -72441000,
        "comprehensiveincomenetoftaxincludingportionattributabletononcontrollinginterest": 712775000,
        "netincomelossattributabletononcontrollinginterest": -3390000,
        "comprehensiveincomenetoftax": 716165000,
        "othercomprehensiveincomeunrealizedholdinggainlossonsecuritiesarisingduringperiodtax": 2182000,
        "othercomprehensiveincomelossreclassificationadjustmentfromaociforsaleofsecuritiestax": -38000,
        "othercomprehensiveincomeunrealizedgainlossonderivativesarisingduringperiodtax": 6083000,
        "othercomprehensiveincomelossreclassificationadjustmentfromaocionderivativestax": -358000,
        "salesrevenuegoodsnet": 899669000,
        "royaltyrevenue": 69779000,
        "othersalesrevenuenet": 3402000,
        "salesrevenuenet": 2782833000,
        "costofgoodssold": 681868000,
        "researchanddevelopmentexpense": 546244000,
        "sellinggeneralandadministrativeexpense": 406860000,
        "costsandexpenses": 1634972000,
        "operatingincomeloss": 1147861000,
        "interestexpense": 73949000,
        "nonoperatingincomeexpense": 5777000,
        "incomelossfromcontinuingoperationsbeforeincometaxesminorityinterestandincomelossfromequitymethodinvestments": 1079689000,
        "incometaxexpensebenefit": 294473000,
        "netincomeloss": 788606000,
        "earningspersharebasic": 0.51,
        "weightedaveragenumberofsharesoutstandingbasic": 1532105000,
        "earningspersharediluted": 0.47,
        "weightedaveragenumberofdilutedsharesoutstanding": 1691898000
    },
    {
        "date": "2013-06-29",
        "symbol": "GILD",
        "period": "Q2",
        "profitloss": 767618000,
        "othercomprehensiveincomelossforeigncurrencytransactionandtranslationadjustmentnetoftax": 11730000,
        "othercomprehensiveincomeunrealizedholdinggainlossonsecuritiesarisingduringperiodnetoftax": -2019000,
        "othercomprehensiveincomelossreclassificationadjustmentfromaociforsaleofsecuritiesnetoftax": 58000,
        "othercomprehensiveincomelossavailableforsalesecuritiesadjustmentnetoftax": -2077000,
        "othercomprehensiveincomeunrealizedgainlossonderivativesarisingduringperiodnetoftax": 5022000,
        "othercomprehensiveincomelossreclassificationadjustmentfromaocionderivativesnetoftax": 5110000,
        "othercomprehensiveincomelossderivativesqualifyingashedgesnetoftax": -88000,
        "othercomprehensiveincomelossnetoftax": 9565000,
        "comprehensiveincomenetoftaxincludingportionattributabletononcontrollinginterest": 777183000,
        "netincomelossattributabletononcontrollinginterest": -4987000,
        "comprehensiveincomenetoftax": 782170000,
        "othercomprehensiveincomeunrealizedholdinggainlossonsecuritiesarisingduringperiodtax": 1144000,
        "othercomprehensiveincomelossreclassificationadjustmentfromaociforsaleofsecuritiestax": -32000,
        "othercomprehensiveincomeunrealizedgainlossonderivativesarisingduringperiodtax": -1730000,
        "othercomprehensiveincomelossreclassificationadjustmentfromaocionderivativestax": -241000,
        "salesrevenuegoodsnet": 75137000,
        "royaltyrevenue": 106514000,
        "othersalesrevenuenet": 3595000,
        "revenues": 2767394000,
        "costofgoodssold": 684663000,
        "researchanddevelopmentexpense": 523902000,
        "sellinggeneralandadministrativeexpense": 404991000,
        "costsandexpenses": 1613556000,
        "operatingincomeloss": 1153838000,
        "interestexpense": 78008000,
        "nonoperatingincomeexpense": -231000,
        "incomelossfromcontinuingoperationsbeforeincometaxesminorityinterestandincomelossfromequitymethodinvestments": 1075599000,
        "incometaxexpensebenefit": 307981000,
        "netincomeloss": 772605000,
        "earningspersharebasic": 0.51,
        "weightedaveragenumberofsharesoutstandingbasic": 1526945000,
        "earningspersharediluted": 0.46,
        "weightedaveragenumberofdilutedsharesoutstanding": 1694577000
    },
    {
        "date": "2013-03-30",
        "symbol": "GILD",
        "period": "Q1",
        "profitloss": 717710000,
        "othercomprehensiveincomelossforeigncurrencytransactionandtranslationadjustmentnetoftax": -8956000,
        "othercomprehensiveincomeunrealizedholdinggainlossonsecuritiesarisingduringperiodnetoftax": 1785000,
        "othercomprehensiveincomelossreclassificationadjustmentforsaleofsecuritiesincludedinnetincomenetoftax": -17000,
        "othercomprehensiveincomelossavailableforsalesecuritiesadjustmentnetoftax": 1768000,
        "othercomprehensiveincomeunrealizedgainlossonderivativesarisingduringperiodnetoftax": 74060000,
        "othercomprehensiveincomelossreclassificationadjustmentonderivativesincludedinnetincomenetoftax": -451000,
        "othercomprehensiveincomelossderivativesqualifyingashedgesnetoftax": 73609000,
        "othercomprehensiveincomelossnetoftax": 73609000,
        "comprehensiveincomenetoftaxincludingportionattributabletononcontrollinginterest": 784131000,
        "netincomelossattributabletononcontrollinginterest": -4476000,
        "comprehensiveincomenetoftax": 788607000,
        "othercomprehensiveincomeunrealizedholdinggainlossonsecuritiesarisingduringperiodtax": -1016000,
        "othercomprehensiveincomelossreclassificationadjustmentforsaleofsecuritiesincludedinnetincometax": -9000,
        "othercomprehensiveincomeunrealizedgainlossonderivativesarisingduringperiodtax": -1849000,
        "othercomprehensiveincomelossreclassificationadjustmentonderivativesincludedinnetincometax": -11000,
        "salesrevenuegoodsnet": 700242000,
        "royaltyrevenue": 134407000,
        "othersalesrevenuenet": 3660000,
        "revenues": 2531635000,
        "costofgoodssold": 634448000,
        "researchanddevelopmentexpense": 497632000,
        "sellinggeneralandadministrativeexpense": 374296000,
        "costsandexpenses": 1506376000,
        "operatingincomeloss": 1025259000,
        "interestexpense": 81787000,
        "nonoperatingincomeexpense": -3324000,
        "incomelossfromcontinuingoperationsbeforeincometaxesminorityinterestandincomelossfromequitymethodinvestments": 940148000,
        "incometaxexpensebenefit": 222438000,
        "netincomeloss": 722186000,
        "earningspersharebasic": 0.47,
        "weightedaveragenumberofsharesoutstandingbasic": 1521372000,
        "earningspersharediluted": 0.43,
        "weightedaveragenumberofdilutedsharesoutstanding": 1665060000
    },
    {
        "date": "2012-12-30",
        "symbol": "GILD",
        "period": "Q4",
        "profitloss": 767011000,
        "othercomprehensiveincomeunrealizedholdinggainlossonsecuritiesarisingduringperiodnetoftax": 95000,
        "othercomprehensiveincomeunrealizedgainlossonderivativesarisingduringperiodnetoftax": -53870000,
        "comprehensiveincomenetoftaxincludingportionattributabletononcontrollinginterest": 675180000,
        "netincomelossattributabletononcontrollinginterest": -12432000,
        "othercomprehensiveincomeunrealizedholdinggainlossonsecuritiesarisingduringperiodtax": -42000,
        "othercomprehensiveincomeunrealizedgainlossonderivativesarisingduringperiodtax": 658000,
        "salesrevenuegoodsnet": 1139741000,
        "royaltyrevenue": -172426000,
        "othersalesrevenuenet": 3077000,
        "revenues": -3781408000,
        "costofgoodssold": 675818000,
        "researchanddevelopmentexpenseexcludingacquiredinprocesscost": 439659000,
        "sellinggeneralandadministrativeexpense": 365825000,
        "costsandexpenses": 1481302000,
        "operatingincomeloss": 1106983000,
        "interestexpense": 85906000,
        "nonoperatingincomeexpense": 1386000,
        "incomelossfromcontinuingoperationsbeforeincometaxesminorityinterestandincomelossfromequitymethodinvestments": 1022463000,
        "incometaxexpensebenefit": 263504000,
        "netincomeloss": 772456000,
        "earningspersharebasic": -0.7,
        "weightedaveragenumberofsharesoutstandingbasic": -756001000,
        "earningspersharediluted": -0.6900000000000001,
        "weightedaveragenumberofdilutedsharesoutstanding": -767649000
    },
    {
        "date": "2012-09-29",
        "symbol": "GILD",
        "period": "Q3",
        "othercomprehensiveincomeunrealizedholdinggainlossonsecuritiesarisingduringperiodtax": -848000,
        "othercomprehensiveincomelossreclassificationadjustmentforsaleofsecuritiesincludedinnetincometax": 1396000,
        "othercomprehensiveincomeunrealizedgainlossonderivativesarisingduringperiodtax": 3180000,
        "othercomprehensiveincomelossreclassificationadjustmentonderivativesincludedinnetincometax": -1760000,
        "profitloss": 671035000,
        "othercomprehensiveincomelossforeigncurrencytransactionandtranslationadjustmentnetoftax": 5090000,
        "othercomprehensiveincomeunrealizedholdinggainlossonsecuritiesarisingduringperiodnetoftax": 1476000,
        "othercomprehensiveincomelossreclassificationadjustmentforsaleofsecuritiesincludedinnetincomenetoftax": 2429000,
        "othercomprehensiveincomelossavailableforsalesecuritiesadjustmentnetoftax": 3905000,
        "othercomprehensiveincomeunrealizedgainlossonderivativesarisingduringperiodnetoftax": -67674000,
        "othercomprehensiveincomelossreclassificationadjustmentonderivativesincludedinnetincomenetoftax": -37449000,
        "othercomprehensiveincomelossderivativesqualifyingashedgesnetoftax": -105123000,
        "othercomprehensiveincomelossnetoftax": -96128000,
        "comprehensiveincomenetoftaxincludingportionattributabletononcontrollinginterest": 574907000,
        "netincomelossattributabletononcontrollinginterest": -4470000,
        "comprehensiveincomenetoftax": 579377000,
        "salesrevenuegoodsnet": 87448000,
        "royaltyrevenue": 63915000,
        "othersalesrevenuenet": 4704000,
        "revenues": 2426597000,
        "costofgoodssold": 597269000,
        "researchanddevelopmentexpenseexcludingacquiredinprocesscost": 465831000,
        "sellinggeneralandadministrativeexpense": 319583000,
        "costsandexpenses": 1382683000,
        "operatingincomeloss": 1043914000,
        "interestexpense": 89322000,
        "nonoperatingincomeexpense": -3505000,
        "incomelossfromcontinuingoperationsbeforeincometaxesminorityinterestandincomelossfromequitymethodinvestments": 951087000,
        "incometaxexpensebenefit": 280052000,
        "netincomeloss": 675505000,
        "earningspersharebasic": 0.89,
        "weightedaveragenumberofsharesoutstandingbasic": 757385000,
        "earningspersharediluted": 0.85,
        "weightedaveragenumberofdilutedsharesoutstanding": 792304000
    },
    {
        "date": "2012-06-29",
        "symbol": "GILD",
        "period": "Q2",
        "othercomprehensiveincomeunrealizedholdinggainlossonsecuritiesarisingduringperiodtax": -79000,
        "othercomprehensiveincomelossreclassificationadjustmentforsaleofsecuritiesincludedinnetincometax": -29000,
        "othercomprehensiveincomeunrealizedgainlossonderivativesarisingduringperiodtax": -4074000,
        "othercomprehensiveincomelossreclassificationadjustmentonderivativesincludedinnetincometax": -548000,
        "netincomeloss": 706074000,
        "othercomprehensiveincomelossforeigncurrencytransactionandtranslationadjustmentnetoftax": -2642000,
        "othercomprehensiveincomeunrealizedholdinggainlossonsecuritiesarisingduringperiodnetoftax": 134000,
        "othercomprehensiveincomelossreclassificationadjustmentforsaleofsecuritiesincludedinnetincomenetoftax": -50000,
        "othercomprehensiveincomelossavailableforsalesecuritiesadjustmentnetoftax": 84000,
        "othercomprehensiveincomeunrealizedgainlossonderivativesarisingduringperiodnetoftax": 107855000,
        "othercomprehensiveincomelossreclassificationadjustmentonderivativesincludedinnetincomenetoftax": -14511000,
        "othercomprehensiveincomelossderivativesqualifyingashedgesnetoftax": 93344000,
        "othercomprehensiveincomelossperiodincreasedecrease": 90786000,
        "comprehensiveincomenetoftax": 796860000,
        "netincomelossattributabletononcontrollinginterest": -5490000,
        "comprehensiveincomenetoftaxincludingportionattributabletononcontrollinginterest": 802350000,
        "salesrevenuegoodsnet": 28115000,
        "royaltyrevenue": 81106000,
        "othersalesrevenuenet": 2840000,
        "revenues": 2405186000,
        "costofgoodssold": 617345000,
        "researchanddevelopmentexpenseexcludingacquiredinprocesscost": 396244000,
        "sellinggeneralandadministrativeexpense": 332505000,
        "costsandexpenses": 1346094000,
        "operatingincomeloss": 1059092000,
        "interestexpense": 88418000,
        "nonoperatingincomeexpense": -1075000,
        "incomelossfromcontinuingoperationsbeforeincometaxesminorityinterestandincomelossfromequitymethodinvestments": 969599000,
        "incometaxexpensebenefit": 263525000,
        "profitloss": 711564000,
        "earningspersharebasic": 0.94,
        "weightedaveragenumberofsharesoutstandingbasic": 756951000,
        "earningspersharediluted": 0.91,
        "weightedaveragenumberofdilutedsharesoutstanding": 780506000
    },
    {
        "date": "2012-03-30",
        "symbol": "GILD",
        "period": "Q1",
        "othercomprehensiveincomeunrealizedholdinggainlossonsecuritiesarisingduringperiodtax": 266000,
        "othercomprehensiveincomereclassificationadjustmentforsaleofsecuritiesincludedinnetincometax": -519000,
        "othercomprehensiveincomeunrealizedgainlossonderivativesarisingduringperiodtax": 1802000,
        "othercomprehensiveincomereclassificationadjustmentonderivativesincludedinnetincometax": -400000,
        "netincomeloss": 437531000,
        "othercomprehensiveincomeforeigncurrencytransactionandtranslationadjustmentnetoftaxperiodincreasedecrease": 4897000,
        "othercomprehensiveincomeunrealizedholdinggainlossonsecuritiesarisingduringperiodnetoftax": -463000,
        "othercomprehensiveincomereclassificationadjustmentforsaleofsecuritiesincludedinnetincomenetoftax": 30600000,
        "othercomprehensiveincomeavailableforsalesecuritiesadjustmentnetoftaxperiodincreasedecrease": 30137000,
        "othercomprehensiveincomeunrealizedgainlossonderivativesarisingduringperiodnetoftax": -48816000,
        "othercomprehensiveincomereclassificationadjustmentonderivativesincludedinnetincomenetoftax": -10827000,
        "othercomprehensiveincomederivativesqualifyingashedgesnetoftaxperiodincreasedecrease": -59643000,
        "othercomprehensiveincomelossnetoftaxperiodincreasedecrease": -24609000,
        "comprehensiveincomeloss": 412922000,
        "comprehensiveincomenetoftaxattributabletononcontrollinginterest": -4425000,
        "comprehensiveincomenetoftaxincludingportionattributabletononcontrollinginterest": 417347000,
        "salesrevenuegoodsnet": 1925806000,
        "royaltyrevenue": 71105000,
        "othersalesrevenuenet": 3002000,
        "revenues": 2282449000,
        "costofgoodssold": 580931000,
        "researchanddevelopmentexpenseexcludingacquiredinprocesscost": 458211000,
        "sellinggeneralandadministrativeexpense": 443121000,
        "costsandexpenses": 1482263000,
        "operatingincomeloss": 800186000,
        "interestexpense": 97270000,
        "nonoperatingincomeexpense": -34085000,
        "incomelossfromcontinuingoperationsbeforeincometaxesminorityinterestandincomelossfromequitymethodinvestments": 668831000,
        "incometaxexpensebenefit": 231300000,
        "netincomelossattributabletononcontrollinginterest": 4425000,
        "profitloss": 441956000,
        "earningspersharebasic": 0.58,
        "weightedaveragenumberofsharesoutstandingbasic": 756286000,
        "earningspersharediluted": 0.57,
        "weightedaveragenumberofdilutedsharesoutstanding": 777388000
    },
    {
        "date": "2011-12-30",
        "symbol": "GILD",
        "period": "Q4",
        "salesrevenuegoodsnet": 190868000,
        "royaltyrevenue": -153315000,
        "othersalesrevenuenet": 2832000,
        "revenues": 144773000,
        "costofgoodssold": 584447000,
        "researchanddevelopmentexpenseexcludingacquiredinprocesscost": 402236000,
        "sellinggeneralandadministrativeexpense": 346219000,
        "costsandexpenses": 1332902000,
        "operatingincomeloss": 867476000,
        "nonoperatingincomeexpense": 26365000,
        "interestexpense": 74998000,
        "incomelossfromcontinuingoperationsbeforeincometaxesminorityinterestandincomelossfromequitymethodinvestments": 818843000,
        "incometaxexpensebenefit": 157084000,
        "profitloss": 676337000,
        "netincomelossattributabletononcontrollinginterest": 25770000,
        "netincomeloss": 665145000,
        "earningspersharebasic": 0.8800000000000004,
        "weightedaveragenumberofsharesoutstandingbasic": -1573052000,
        "earningspersharediluted": 0.8699999999999994,
        "weightedaveragenumberofdilutedsharesoutstanding": -1603851000
    },
    {
        "date": "2011-09-29",
        "symbol": "GILD",
        "period": "Q3",
        "salesrevenuegoodsnet": 192887000,
        "royaltyrevenue": 51629000,
        "othersalesrevenuenet": 4172000,
        "revenues": 129978000,
        "costofgoodssold": 531989000,
        "researchanddevelopmentexpenseexcludingacquiredinprocesscost": 290066000,
        "sellinggeneralandadministrativeexpense": 295927000,
        "costsandexpenses": 1117982000,
        "operatingincomeloss": 1003678000,
        "nonoperatingincomeexpense": 14406000,
        "interestexpense": 43097000,
        "incomelossfromcontinuingoperationsbeforeincometaxesminorityinterestandincomelossfromequitymethodinvestments": 974987000,
        "incometaxexpensebenefit": 237449000,
        "profitloss": 737538000,
        "netincomelossattributabletononcontrollinginterest": -3586000,
        "netincomeloss": 741124000,
        "earningspersharebasic": 0.97,
        "weightedaveragenumberofsharesoutstandingbasic": 767033000,
        "earningspersharediluted": 0.95,
        "weightedaveragenumberofdilutedsharesoutstanding": 781312000
    },
    {
        "date": "2011-06-29",
        "symbol": "GILD",
        "period": "Q2",
        "salesrevenuegoodsnet": 185717000,
        "royaltyrevenue": 94321000,
        "othersalesrevenuenet": 3344000,
        "revenues": 122765000,
        "costofgoodssold": 533863000,
        "researchanddevelopmentexpenseexcludingacquiredinprocesscost": 282403000,
        "sellinggeneralandadministrativeexpense": 304269000,
        "costsandexpenses": 1120535000,
        "operatingincomeloss": 1016718000,
        "nonoperatingincomeexpense": 11978000,
        "interestexpense": 46107000,
        "incomelossfromcontinuingoperationsbeforeincometaxesminorityinterestandincomelossfromequitymethodinvestments": 982589000,
        "incometaxexpensebenefit": 240130000,
        "profitloss": 742459000,
        "netincomelossattributabletononcontrollinginterest": -3768000,
        "netincomeloss": 746227000,
        "earningspersharebasic": 0.95,
        "weightedaveragenumberofsharesoutstandingbasic": 784807000,
        "earningspersharediluted": 0.93,
        "weightedaveragenumberofdilutedsharesoutstanding": 800800000
    },
    {
        "date": "2011-03-30",
        "symbol": "GILD",
        "period": "Q1",
        "salesrevenuegoodsnet": 168395000,
        "royaltyrevenue": 58665000,
        "othersalesrevenuenet": 3851000,
        "revenues": 120861000,
        "costofgoodssold": 474111000,
        "researchanddevelopmentexpenseexcludingacquiredinprocesscost": 254446000,
        "sellinggeneralandadministrativeexpense": 295568000,
        "costsandexpenses": 1024125000,
        "operatingincomeloss": 901969000,
        "nonoperatingincomeexpense": 13832000,
        "interestexpense": 41216000,
        "incomelossfromcontinuingoperationsbeforeincometaxesminorityinterestandincomelossfromequitymethodinvestments": 874585000,
        "incometaxexpensebenefit": 227282000,
        "profitloss": 647303000,
        "netincomelossattributabletononcontrollinginterest": -3838000,
        "netincomeloss": 651141000,
        "earningspersharebasic": 0.82,
        "weightedaveragenumberofsharesoutstandingbasic": 796115000,
        "earningspersharediluted": 0.8,
        "weightedaveragenumberofdilutedsharesoutstanding": 811857000
    },
    {
        "date": "2010-12-30",
        "symbol": "GILD",
        "period": "Q4",
        "salesrevenuegoodsnet": 1292963000,
        "royaltyrevenue": -437629000,
        "othersalesrevenuenet": 3308000,
        "revenues": 26529000,
        "costofgoodssold": 496337000,
        "researchanddevelopmentexpenseexcludingacquiredinprocesscost": 392760000,
        "sellinggeneralandadministrativeexpense": 280209000,
        "costsandexpenses": 1169306000,
        "operatingincomeloss": 829381000,
        "nonoperatingincomeexpense": 10764000,
        "interestexpense": 40622000,
        "incomelossfromcontinuingoperationsbeforeincometaxesminorityinterestandincomelossfromequitymethodinvestments": 799523000,
        "incometaxexpensebenefit": 173158000,
        "profitloss": 637873000,
        "netincomelossattributabletononcontrollinginterest": -3054000,
        "netincomeloss": 629419000,
        "earningspersharebasic": 0.78,
        "weightedaveragenumberofsharesoutstandingbasic": -1760354000,
        "earningspersharediluted": 0.7799999999999997,
        "weightedaveragenumberofdilutedsharesoutstanding": -1800953000
    },
    {
        "date": "2010-09-29",
        "symbol": "GILD",
        "period": "Q3",
        "salesrevenuegoodsnet": 1649911000,
        "royaltyrevenue": 69358000,
        "othersalesrevenuenet": 2739000,
        "revenues": 1071770000,
        "costofgoodssold": 477584000,
        "researchanddevelopmentexpenseexcludingacquiredinprocesscost": 230440000,
        "sellinggeneralandadministrativeexpense": 250559000,
        "costsandexpenses": 958583000,
        "operatingincomeloss": 979073000,
        "nonoperatingincomeexpense": 15593000,
        "interestexpense": 33620000,
        "incomelossfromcontinuingoperationsbeforeincometaxesminorityinterestandincomelossfromequitymethodinvestments": 961046000,
        "incometaxexpensebenefit": 258883000,
        "profitloss": 702163000,
        "netincomelossattributabletononcontrollinginterest": -2713000,
        "netincomeloss": 704876000,
        "earningspersharebasic": 0.85,
        "weightedaveragenumberofsharesoutstandingbasic": 833006000,
        "earningspersharediluted": 0.83,
        "weightedaveragenumberofdilutedsharesoutstanding": 847228000
    },
    {
        "date": "2010-06-29",
        "symbol": "GILD",
        "period": "Q2",
        "salesrevenuegoodsnet": 1806061000,
        "royaltyrevenue": 117790000,
        "othersalesrevenuenet": 3373000,
        "revenues": 1039883000,
        "costofgoodssold": 455525000,
        "researchanddevelopmentexpenseexcludingacquiredinprocesscost": 231066000,
        "sellinggeneralandadministrativeexpense": 248006000,
        "costsandexpenses": 934597000,
        "operatingincomeloss": 992627000,
        "nonoperatingincomeexpense": 18285000,
        "interestexpense": 17764000,
        "incomelossfromcontinuingoperationsbeforeincometaxesminorityinterestandincomelossfromequitymethodinvestments": 993148000,
        "incometaxexpensebenefit": 284021000,
        "profitloss": 709127000,
        "netincomelossattributabletononcontrollinginterest": -2934000,
        "netincomeloss": 712061000,
        "earningspersharebasic": 0.81,
        "weightedaveragenumberofsharesoutstandingbasic": 881802000,
        "earningspersharediluted": 0.79,
        "weightedaveragenumberofdilutedsharesoutstanding": 898753000
    },
    {
        "date": "2010-03-30",
        "symbol": "GILD",
        "period": "Q1",
        "salesrevenuegoodsnet": 1788063000,
        "royaltyrevenue": 293681000,
        "othersalesrevenuenet": 4109000,
        "revenues": 2085853000,
        "costofgoodssold": 440430000,
        "researchanddevelopmentexpenseexcludingacquiredinprocesscost": 218664000,
        "sellinggeneralandadministrativeexpense": 265618000,
        "costsandexpenses": 924712000,
        "operatingincomeloss": 1161141000,
        "nonoperatingincomeexpense": 15645000,
        "interestexpense": 16955000,
        "incomelossfromcontinuingoperationsbeforeincometaxesminorityinterestandincomelossfromequitymethodinvestments": 1159831000,
        "incometaxexpensebenefit": 307737000,
        "profitloss": 852094000,
        "netincomelossattributabletononcontrollinginterest": -2807000,
        "netincomeloss": 854901000,
        "earningspersharebasic": 0.95,
        "weightedaveragenumberofsharesoutstandingbasic": 901606000,
        "earningspersharediluted": 0.92,
        "weightedaveragenumberofdilutedsharesoutstanding": 928368000
    },
    {
        "date": "2009-09-29",
        "symbol": "GILD",
        "period": "Q3",
        "salesrevenuegoodsnet": 1648955000,
        "royaltyrevenue": 142133000,
        "othersalesrevenuenet": 10301000,
        "revenues": 1801389000,
        "costofgoodssold": 409700000,
        "researchanddevelopmentexpenseexcludingacquiredinprocesscost": 269856000,
        "sellinggeneralandadministrativeexpense": 227427000,
        "costsandexpenses": 906983000,
        "operatingincomeloss": 894406000,
        "nonoperatingincomeexpense": 14017000,
        "interestexpense": 17217000,
        "incomelossfromcontinuingoperationsbeforeincometaxesminorityinterestandincomelossfromequitymethodinvestments": 891206000,
        "incometaxexpensebenefit": 220728000,
        "profitloss": 670478000,
        "netincomelossattributabletononcontrollinginterest": -2555000,
        "netincomeloss": 673033000,
        "earningspersharebasic": 0.75,
        "weightedaveragenumberofsharesoutstandingbasic": 903319000,
        "earningspersharediluted": 0.72,
        "weightedaveragenumberofdilutedsharesoutstanding": 932424000
    },
    {
        "date": "2009-06-29",
        "symbol": "GILD",
        "period": "Q2",
        "salesrevenuegoodsnet": 1568378000,
        "royaltyrevenue": 73895000,
        "othersalesrevenuenet": 4882000,
        "revenues": 1647155000,
        "costofgoodssold": 383045000,
        "researchanddevelopmentexpenseexcludingacquiredinprocesscost": 241638000,
        "sellinggeneralandadministrativeexpense": 261411000,
        "costsandexpenses": 886094000,
        "operatingincomeloss": 761061000,
        "nonoperatingincomeexpense": 12923000,
        "interestexpense": 18484000,
        "incomelossfromcontinuingoperationsbeforeincometaxesminorityinterestandincomelossfromequitymethodinvestments": 755500000,
        "incometaxexpensebenefit": 186355000,
        "profitloss": 569145000,
        "netincomelossattributabletononcontrollinginterest": -2253000,
        "netincomeloss": 571398000,
        "earningspersharebasic": 0.63,
        "weightedaveragenumberofsharesoutstandingbasic": 905611000,
        "earningspersharediluted": 0.61,
        "weightedaveragenumberofdilutedsharesoutstanding": 934478000
    }
]