[
    {
        "date": "2024-09-29",
        "symbol": "DGX",
        "period": "Q3",
        "revenuefromcontractwithcustomerexcludingassessedtax": 2488000000,
        "costofrevenue": 1677000000,
        "sellinggeneralandadministrativeexpense": 448000000,
        "amortizationofintangibleassets": 32000000,
        "otheroperatingincomeexpensenet": -1000000,
        "costsandexpenses": 2158000000,
        "operatingincomeloss": 330000000,
        "interestincomeexpensenonoperatingnet": -49000000,
        "othernonoperatingincomeexpense": 15000000,
        "nonoperatingincomeexpense": -34000000,
        "incomelossfromcontinuingoperationsbeforeincometaxesminorityinterestandincomelossfromequitymethodinvestments": 296000000,
        "incometaxexpensebenefit": 65000000,
        "incomelossfromequitymethodinvestments": 6000000,
        "profitloss": 237000000,
        "netincomelossattributabletononcontrollinginterest": 11000000,
        "netincomeloss": 226000000,
        "earningspersharebasic": 2.01,
        "earningspersharediluted": 1.99,
        "weightedaveragenumberofsharesoutstandingbasic": 112000000,
        "weightedaveragenumberofdilutedsharesoutstanding": 113000000,
        "othercomprehensiveincomelossforeigncurrencytransactionandtranslationadjustmentnetoftax": 1000000,
        "othercomprehensiveincomelosscashflowhedgegainlossafterreclassificationandtax": 3000000,
        "othercomprehensiveincomelossnetoftax": 4000000,
        "comprehensiveincomenetoftaxincludingportionattributabletononcontrollinginterest": 241000000,
        "comprehensiveincomenetoftaxattributabletononcontrollinginterest": 11000000,
        "comprehensiveincomenetoftax": 230000000
    },
    {
        "date": "2023-12-30",
        "symbol": "DGX",
        "period": "Q4",
        "revenuefromcontractwithcustomerexcludingassessedtax": 6815000000,
        "costofrevenue": 1552000000,
        "sellinggeneralandadministrativeexpense": 407000000,
        "amortizationofintangibleassets": 27000000,
        "costsandexpenses": 2021000000,
        "operatingincomeloss": 1069000000,
        "interestincomeexpensenet": -40000000,
        "othernonoperatingincomeexpense": 10000000,
        "nonoperatingincomeexpense": -30000000,
        "incomelossfromcontinuingoperationsbeforeincometaxesminorityinterestandincomelossfromequitymethodinvestments": 237000000,
        "incometaxexpensebenefit": 40000000,
        "incomelossfromequitymethodinvestments": 8000000,
        "profitloss": 205000000,
        "netincomelossattributabletononcontrollinginterest": 13000000,
        "netincomeloss": 192000000,
        "earningspersharebasic": 1.7199999999999995,
        "earningspersharediluted": 1.7000000000000004,
        "othercomprehensiveincomelossforeigncurrencytransactionandtranslationadjustmentnetoftax": 4000000,
        "othercomprehensiveincomelossnetoftax": 6000000,
        "comprehensiveincomenetoftaxincludingportionattributabletononcontrollinginterest": 211000000,
        "comprehensiveincomenetoftaxattributabletononcontrollinginterest": 13000000,
        "comprehensiveincomenetoftax": 198000000
    },
    {
        "date": "2023-09-29",
        "symbol": "DGX",
        "period": "Q3",
        "revenuefromcontractwithcustomerexcludingassessedtax": 2295000000,
        "costofrevenue": 1541000000,
        "sellinggeneralandadministrativeexpense": 380000000,
        "amortizationofintangibleassets": 27000000,
        "otheroperatingincomeexpensenet": -5000000,
        "costsandexpenses": 1953000000,
        "operatingincomeloss": 342000000,
        "interestincomeexpensenet": -40000000,
        "othernonoperatingincomeexpense": -3000000,
        "nonoperatingincomeexpense": -43000000,
        "incomelossfromcontinuingoperationsbeforeincometaxesminorityinterestandincomelossfromequitymethodinvestments": 299000000,
        "incometaxexpensebenefit": 68000000,
        "incomelossfromequitymethodinvestments": 6000000,
        "profitloss": 237000000,
        "netincomelossattributabletononcontrollinginterest": 12000000,
        "netincomeloss": 225000000,
        "earningspersharebasic": 1.99,
        "earningspersharediluted": 1.96,
        "weightedaveragenumberofsharesoutstandingbasic": 112000000,
        "weightedaveragenumberofdilutedsharesoutstanding": 114000000,
        "othercomprehensiveincomelossforeigncurrencytransactionandtranslationadjustmentnetoftax": -4000000,
        "othercomprehensiveincomelossnetoftax": -4000000,
        "comprehensiveincomenetoftaxincludingportionattributabletononcontrollinginterest": 233000000,
        "comprehensiveincomenetoftaxattributabletononcontrollinginterest": 12000000,
        "comprehensiveincomenetoftax": 221000000
    },
    {
        "date": "2023-06-29",
        "symbol": "DGX",
        "period": "Q2",
        "revenuefromcontractwithcustomerexcludingassessedtax": 70000000,
        "costofrevenue": 1546000000,
        "sellinggeneralandadministrativeexpense": 416000000,
        "amortizationofintangibleassets": 28000000,
        "otheroperatingincomeexpensenet": 0,
        "costsandexpenses": 1990000000,
        "operatingincomeloss": -72000000,
        "interestincomeexpensenet": -37000000,
        "othernonoperatingincomeexpense": 6000000,
        "nonoperatingincomeexpense": -31000000,
        "incomelossfromcontinuingoperationsbeforeincometaxesminorityinterestandincomelossfromequitymethodinvestments": 317000000,
        "incometaxexpensebenefit": 75000000,
        "incomelossfromequitymethodinvestments": 7000000,
        "profitloss": 249000000,
        "netincomelossattributabletononcontrollinginterest": 14000000,
        "netincomeloss": 235000000,
        "earningspersharebasic": 2.08,
        "earningspersharediluted": 2.05,
        "weightedaveragenumberofsharesoutstandingbasic": 0,
        "weightedaveragenumberofdilutedsharesoutstanding": 1000000,
        "othercomprehensiveincomelossforeigncurrencytransactionandtranslationadjustmentnetoftax": 2000000,
        "othercomprehensiveincomelossnetoftax": 2000000,
        "comprehensiveincomenetoftaxincludingportionattributabletononcontrollinginterest": 251000000,
        "comprehensiveincomenetoftaxattributabletononcontrollinginterest": 14000000,
        "comprehensiveincomenetoftax": 237000000
    },
    {
        "date": "2023-03-30",
        "symbol": "DGX",
        "period": "Q1",
        "revenuefromcontractwithcustomerexcludingassessedtax": 72000000,
        "costofrevenue": 1560000000,
        "sellinggeneralandadministrativeexpense": 439000000,
        "amortizationofintangibleassets": 26000000,
        "otheroperatingincomeexpensenet": -1000000,
        "costsandexpenses": 2026000000,
        "operatingincomeloss": -77000000,
        "interestincomeexpensenet": -35000000,
        "othernonoperatingincomeexpense": 7000000,
        "nonoperatingincomeexpense": -28000000,
        "incomelossfromcontinuingoperationsbeforeincometaxesminorityinterestandincomelossfromequitymethodinvestments": 277000000,
        "incometaxexpensebenefit": 65000000,
        "incomelossfromequitymethodinvestments": 5000000,
        "profitloss": 217000000,
        "netincomelossattributabletononcontrollinginterest": 15000000,
        "netincomeloss": 202000000,
        "earningspersharebasic": 1.8,
        "earningspersharediluted": 1.78,
        "weightedaveragenumberofsharesoutstandingbasic": 112000000,
        "weightedaveragenumberofdilutedsharesoutstanding": 113000000,
        "othercomprehensiveincomelossforeigncurrencytransactionandtranslationadjustmentnetoftax": 3000000,
        "othercomprehensiveincomelossnetoftax": 3000000,
        "comprehensiveincomenetoftaxincludingportionattributabletononcontrollinginterest": 220000000,
        "comprehensiveincomenetoftaxattributabletononcontrollinginterest": 15000000,
        "comprehensiveincomenetoftax": 205000000
    },
    {
        "date": "2022-12-30",
        "symbol": "DGX",
        "period": "Q4",
        "revenuefromcontractwithcustomerexcludingassessedtax": 68000000,
        "costofrevenue": 1575000000,
        "sellinggeneralandadministrativeexpense": 563000000,
        "amortizationofintangibleassets": 39000000,
        "costsandexpenses": 2198000000,
        "operatingincomeloss": -128000000,
        "interestincomeexpensenet": -32000000,
        "othernonoperatingincomeexpense": 6000000,
        "nonoperatingincomeexpense": -26000000,
        "incomelossfromcontinuingoperationsbeforeincometaxesminorityinterestandincomelossfromequitymethodinvestments": 109000000,
        "incometaxexpensebenefit": -4000000,
        "incomelossfromequitymethodinvestments": 3000000,
        "profitloss": 116000000,
        "netincomelossattributabletononcontrollinginterest": 15000000,
        "netincomeloss": 101000000,
        "earningspersharebasic": 0.9299999999999993,
        "earningspersharediluted": 0.9199999999999999,
        "othercomprehensiveincomelossforeigncurrencytransactionandtranslationadjustmentnetoftax": 9000000,
        "othercomprehensiveincomelossnetoftax": 18000000,
        "comprehensiveincomenetoftaxincludingportionattributabletononcontrollinginterest": 126000000,
        "comprehensiveincomenetoftaxattributabletononcontrollinginterest": 15000000,
        "comprehensiveincomenetoftax": 111000000
    },
    {
        "date": "2022-09-29",
        "symbol": "DGX",
        "period": "Q3",
        "revenuefromcontractwithcustomerexcludingassessedtax": 67000000,
        "costofrevenue": 1618000000,
        "sellinggeneralandadministrativeexpense": 464000000,
        "amortizationofintangibleassets": 27000000,
        "otheroperatingincomeexpensenet": 15000000,
        "costsandexpenses": 2094000000,
        "operatingincomeloss": -52000000,
        "interestincomeexpensenet": -33000000,
        "othernonoperatingincomeexpense": -8000000,
        "nonoperatingincomeexpense": -41000000,
        "incomelossfromcontinuingoperationsbeforeincometaxesminorityinterestandincomelossfromequitymethodinvestments": 351000000,
        "incometaxexpensebenefit": 81000000,
        "incomelossfromequitymethodinvestments": 6000000,
        "profitloss": 276000000,
        "netincomelossattributabletononcontrollinginterest": 20000000,
        "netincomeloss": 256000000,
        "earningspersharebasic": 2.2,
        "earningspersharediluted": 2.17,
        "weightedaveragenumberofsharesoutstandingbasic": 116000000,
        "weightedaveragenumberofdilutedsharesoutstanding": 118000000,
        "othercomprehensiveincomelossforeigncurrencytransactionandtranslationadjustmentnetoftax": -8000000,
        "othercomprehensiveincomelossnetoftax": -8000000,
        "comprehensiveincomenetoftaxincludingportionattributabletononcontrollinginterest": 268000000,
        "comprehensiveincomenetoftaxattributabletononcontrollinginterest": 20000000,
        "comprehensiveincomenetoftax": 248000000
    },
    {
        "date": "2022-06-29",
        "symbol": "DGX",
        "period": "Q2",
        "revenuefromcontractwithcustomerexcludingassessedtax": 69000000,
        "costofrevenue": 1611000000,
        "sellinggeneralandadministrativeexpense": 422000000,
        "amortizationofintangibleassets": 27000000,
        "otheroperatingincomeexpensenet": -5000000,
        "costsandexpenses": 2065000000,
        "operatingincomeloss": -60000000,
        "interestincomeexpensenet": -36000000,
        "othernonoperatingincomeexpense": -29000000,
        "nonoperatingincomeexpense": -65000000,
        "incomelossfromcontinuingoperationsbeforeincometaxesminorityinterestandincomelossfromequitymethodinvestments": 323000000,
        "incometaxexpensebenefit": 77000000,
        "incomelossfromequitymethodinvestments": 4000000,
        "profitloss": 250000000,
        "netincomelossattributabletononcontrollinginterest": 16000000,
        "netincomeloss": 234000000,
        "earningspersharebasic": 2,
        "earningspersharediluted": 1.96,
        "weightedaveragenumberofsharesoutstandingbasic": 117000000,
        "weightedaveragenumberofdilutedsharesoutstanding": 119000000,
        "othercomprehensiveincomelossforeigncurrencytransactionandtranslationadjustmentnetoftax": -7000000,
        "othercomprehensiveincomelossnetoftax": -7000000,
        "comprehensiveincomenetoftaxincludingportionattributabletononcontrollinginterest": 243000000,
        "comprehensiveincomenetoftaxattributabletononcontrollinginterest": 16000000,
        "comprehensiveincomenetoftax": 227000000
    },
    {
        "date": "2022-03-30",
        "symbol": "DGX",
        "period": "Q1",
        "revenuefromcontractwithcustomerexcludingassessedtax": 70000000,
        "costofrevenue": 1646000000,
        "sellinggeneralandadministrativeexpense": 425000000,
        "amortizationofintangibleassets": 27000000,
        "costsandexpenses": 2098000000,
        "operatingincomeloss": -56000000,
        "interestincomeexpensenet": -37000000,
        "othernonoperatingincomeexpense": -24000000,
        "nonoperatingincomeexpense": -61000000,
        "incomelossfromcontinuingoperationsbeforeincometaxesminorityinterestandincomelossfromequitymethodinvestments": 452000000,
        "incometaxexpensebenefit": 110000000,
        "incomelossfromequitymethodinvestments": 31000000,
        "profitloss": 373000000,
        "netincomelossattributabletononcontrollinginterest": 18000000,
        "netincomeloss": 355000000,
        "earningspersharebasic": 2.97,
        "earningspersharediluted": 2.92,
        "weightedaveragenumberofsharesoutstandingbasic": 119000000,
        "weightedaveragenumberofdilutedsharesoutstanding": 121000000,
        "othercomprehensiveincomelossforeigncurrencytransactionandtranslationadjustmentnetoftax": -2000000,
        "othercomprehensiveincomelossnetoftax": -2000000,
        "comprehensiveincomenetoftaxincludingportionattributabletononcontrollinginterest": 371000000,
        "comprehensiveincomenetoftaxattributabletononcontrollinginterest": 18000000,
        "comprehensiveincomenetoftax": 353000000
    },
    {
        "date": "2021-12-30",
        "symbol": "DGX",
        "period": "Q4",
        "revenuefromcontractwithcustomerexcludingassessedtax": 70000000,
        "costofrevenue": 1718000000,
        "sellinggeneralandadministrativeexpense": 464000000,
        "amortizationofintangibleassets": 26000000,
        "costsandexpenses": 2208000000,
        "operatingincomeloss": -87000000,
        "interestincomeexpensenet": -37000000,
        "othernonoperatingincomeexpense": 3000000,
        "nonoperatingincomeexpense": -34000000,
        "incomelossfromcontinuingoperationsbeforeincometaxesminorityinterestandincomelossfromequitymethodinvestments": 502000000,
        "incometaxexpensebenefit": 0,
        "incomelossfromequitymethodinvestments": 25000000,
        "profitloss": 413000000,
        "netincomelossattributabletononcontrollinginterest": 23000000,
        "netincomeloss": 390000000,
        "earningspersharebasic": 3.2199999999999984,
        "earningspersharediluted": 3.1400000000000006,
        "othercomprehensiveincomelossforeigncurrencytransactionandtranslationadjustmentnetoftax": -1000000,
        "othercomprehensiveincomelossnetoftax": -7000000,
        "comprehensiveincomenetoftaxincludingportionattributabletononcontrollinginterest": 412000000,
        "comprehensiveincomenetoftaxattributabletononcontrollinginterest": 23000000,
        "comprehensiveincomenetoftax": 389000000
    },
    {
        "date": "2021-09-29",
        "symbol": "DGX",
        "period": "Q3",
        "revenuefromcontractwithcustomerexcludingassessedtax": 71000000,
        "costofrevenue": 1670000000,
        "sellinggeneralandadministrativeexpense": 427000000,
        "amortizationofintangibleassets": 25000000,
        "costsandexpenses": 2122000000,
        "operatingincomeloss": -69000000,
        "interestincomeexpensenet": -38000000,
        "othernonoperatingincomeexpense": 40000000,
        "nonoperatingincomeexpense": 2000000,
        "incomelossfromcontinuingoperationsbeforeincometaxesminorityinterestandincomelossfromequitymethodinvestments": 654000000,
        "incometaxexpensebenefit": -275000000,
        "incomelossfromequitymethodinvestments": 26000000,
        "profitloss": 527000000,
        "netincomelossattributabletononcontrollinginterest": 22000000,
        "netincomeloss": 505000000,
        "earningspersharebasic": 4.110000000000001,
        "earningspersharediluted": 4.029999999999999,
        "weightedaveragenumberofsharesoutstandingbasic": -2000000,
        "weightedaveragenumberofdilutedsharesoutstanding": -2000000,
        "othercomprehensiveincomelossforeigncurrencytransactionandtranslationadjustmentnetoftax": -4000000,
        "othercomprehensiveincomelossnetoftax": -3000000,
        "comprehensiveincomenetoftaxincludingportionattributabletononcontrollinginterest": 524000000,
        "comprehensiveincomenetoftaxattributabletononcontrollinginterest": 22000000,
        "comprehensiveincomenetoftax": 502000000
    },
    {
        "date": "2021-06-29",
        "symbol": "DGX",
        "period": "Q2",
        "revenuefromcontractwithcustomerexcludingassessedtax": 76000000,
        "costofrevenue": 1565000000,
        "sellinggeneralandadministrativeexpense": 429000000,
        "amortizationofintangibleassets": 25000000,
        "costsandexpenses": 2017000000,
        "operatingincomeloss": -77000000,
        "interestincomeexpensenet": -38000000,
        "othernonoperatingincomeexpense": 322000000,
        "nonoperatingincomeexpense": 284000000,
        "incomelossfromcontinuingoperationsbeforeincometaxesminorityinterestandincomelossfromequitymethodinvestments": 817000000,
        "incometaxexpensebenefit": 177000000,
        "incomelossfromequitymethodinvestments": 10000000,
        "profitloss": 650000000,
        "netincomelossattributabletononcontrollinginterest": 19000000,
        "netincomeloss": 631000000,
        "earningspersharebasic": 5,
        "earningspersharediluted": 4.920000000000001,
        "weightedaveragenumberofsharesoutstandingbasic": -4000000,
        "weightedaveragenumberofdilutedsharesoutstanding": -4000000,
        "othercomprehensiveincomelossforeigncurrencytransactionandtranslationadjustmentnetoftax": 21000000,
        "othercomprehensiveincomelossavailableforsalesecuritiesadjustmentnetoftax": 0,
        "othercomprehensiveincomelossnetoftax": 21000000,
        "comprehensiveincomenetoftaxincludingportionattributabletononcontrollinginterest": 671000000,
        "comprehensiveincomenetoftaxattributabletononcontrollinginterest": 19000000,
        "comprehensiveincomenetoftax": 652000000
    },
    {
        "date": "2021-03-30",
        "symbol": "DGX",
        "period": "Q1",
        "revenuefromcontractwithcustomerexcludingassessedtax": 77000000,
        "costofrevenue": 1626000000,
        "sellinggeneralandadministrativeexpense": 407000000,
        "amortizationofintangibleassets": 27000000,
        "costsandexpenses": 2060000000,
        "operatingincomeloss": -61000000,
        "interestincomeexpensenet": -38000000,
        "othernonoperatingincomeexpense": 4000000,
        "nonoperatingincomeexpense": -34000000,
        "incomelossfromcontinuingoperationsbeforeincometaxesminorityinterestandincomelossfromequitymethodinvestments": 626000000,
        "incometaxexpensebenefit": 153000000,
        "incomelossfromequitymethodinvestments": 17000000,
        "profitloss": 490000000,
        "netincomelossattributabletononcontrollinginterest": 21000000,
        "netincomeloss": 469000000,
        "earningspersharebasic": 3.52,
        "earningspersharediluted": 3.46,
        "weightedaveragenumberofsharesoutstandingbasic": 133000000,
        "weightedaveragenumberofdilutedsharesoutstanding": 135000000,
        "othercomprehensiveincomelossforeigncurrencytransactionandtranslationadjustmentnetoftax": -3000000,
        "othercomprehensiveincomelossavailableforsalesecuritiesadjustmentnetoftax": -7000000,
        "othercomprehensiveincomelossnetoftax": -10000000,
        "comprehensiveincomenetoftaxincludingportionattributabletononcontrollinginterest": 480000000,
        "comprehensiveincomenetoftaxattributabletononcontrollinginterest": 21000000,
        "comprehensiveincomenetoftax": 459000000
    },
    {
        "date": "2020-09-29",
        "symbol": "DGX",
        "period": "Q3",
        "revenuefromcontractwithcustomerexcludingassessedtax": 2786000000,
        "costofrevenue": 1580000000,
        "sellinggeneralandadministrativeexpense": 396000000,
        "amortizationofintangibleassets": 27000000,
        "otheroperatingincomeexpensenet": -65000000,
        "costsandexpenses": 2068000000,
        "operatingincomeloss": 718000000,
        "interestincomeexpensenet": -42000000,
        "othernonoperatingincomeexpense": 77000000,
        "nonoperatingincomeexpense": 35000000,
        "incomelossfromcontinuingoperationsbeforeincometaxesminorityinterestandincomelossfromequitymethodinvestments": 753000000,
        "incometaxexpensebenefit": 177000000,
        "incomelossfromequitymethodinvestments": 15000000,
        "incomelossfromcontinuingoperationsincludingportionattributabletononcontrollinginterest": 591000000,
        "profitloss": 591000000,
        "netincomelossattributabletononcontrollinginterest": 23000000,
        "netincomeloss": 568000000,
        "incomelossfromcontinuingoperations": 568000000,
        "incomelossfromcontinuingoperationsperbasicshare": 4.2,
        "earningspersharebasic": 4.2,
        "incomelossfromcontinuingoperationsperdilutedshare": 4.14,
        "earningspersharediluted": 4.14,
        "weightedaveragenumberofsharesoutstandingbasic": 135000000,
        "weightedaveragenumberofdilutedsharesoutstanding": 137000000,
        "othercomprehensiveincomelossforeigncurrencytransactionandtranslationadjustmentnetoftax": 10000000,
        "othercomprehensiveincomelossderivativesqualifyingashedgesnetoftax": 3000000,
        "othercomprehensiveincomelossnetoftax": 13000000,
        "comprehensiveincomenetoftaxincludingportionattributabletononcontrollinginterest": 604000000,
        "comprehensiveincomenetoftaxattributabletononcontrollinginterest": 23000000,
        "comprehensiveincomenetoftax": 581000000
    },
    {
        "date": "2020-06-29",
        "symbol": "DGX",
        "period": "Q2",
        "revenuefromcontractwithcustomerexcludingassessedtax": 63000000,
        "costofrevenue": 1221000000,
        "sellinggeneralandadministrativeexpense": 360000000,
        "amortizationofintangibleassets": 25000000,
        "otheroperatingincomeexpensenet": 62000000,
        "costsandexpenses": 1544000000,
        "operatingincomeloss": -1000000,
        "interestincomeexpensenet": -41000000,
        "othernonoperatingincomeexpense": 13000000,
        "nonoperatingincomeexpense": -28000000,
        "incomelossfromcontinuingoperationsbeforeincometaxesminorityinterestandincomelossfromequitymethodinvestments": 255000000,
        "incometaxexpensebenefit": 66000000,
        "incomelossfromequitymethodinvestments": 4000000,
        "incomelossfromcontinuingoperationsincludingportionattributabletononcontrollinginterest": 193000000,
        "profitloss": 193000000,
        "netincomelossattributabletononcontrollinginterest": 8000000,
        "netincomeloss": 185000000,
        "incomelossfromcontinuingoperations": 185000000,
        "incomelossfromcontinuingoperationsperbasicshare": 1.38,
        "earningspersharebasic": 1.38,
        "incomelossfromcontinuingoperationsperdilutedshare": 1.36,
        "earningspersharediluted": 1.36,
        "weightedaveragenumberofsharesoutstandingbasic": 134000000,
        "weightedaveragenumberofdilutedsharesoutstanding": 136000000,
        "othercomprehensiveincomelossforeigncurrencytransactionandtranslationadjustmentnetoftax": 3000000,
        "othercomprehensiveincomelossnetoftax": 3000000,
        "comprehensiveincomenetoftaxincludingportionattributabletononcontrollinginterest": 196000000,
        "comprehensiveincomenetoftaxattributabletononcontrollinginterest": 8000000,
        "comprehensiveincomenetoftax": 188000000
    },
    {
        "date": "2020-03-30",
        "symbol": "DGX",
        "period": "Q1",
        "profitloss": 106000000,
        "othercomprehensiveincomelossforeigncurrencytransactionandtranslationadjustmentnetoftax": -19000000,
        "othercomprehensiveincomelossnetoftax": -19000000,
        "comprehensiveincomenetoftaxincludingportionattributabletononcontrollinginterest": 87000000,
        "comprehensiveincomenetoftaxattributabletononcontrollinginterest": 7000000,
        "comprehensiveincomenetoftax": 80000000,
        "revenuefromcontractwithcustomerexcludingassessedtax": 1822000000,
        "costofrevenue": 1270000000,
        "sellinggeneralandadministrativeexpense": 347000000,
        "amortizationofintangibleassets": 25000000,
        "otheroperatingincomeexpensenet": -5000000,
        "costsandexpenses": 1647000000,
        "operatingincomeloss": 175000000,
        "interestincomeexpensenet": -41000000,
        "othernonoperatingincomeexpense": -16000000,
        "nonoperatingincomeexpense": -57000000,
        "incomelossfromcontinuingoperationsbeforeincometaxesminorityinterestandincomelossfromequitymethodinvestments": 118000000,
        "incometaxexpensebenefit": 26000000,
        "incomelossfromequitymethodinvestments": 14000000,
        "netincomelossattributabletononcontrollinginterest": 7000000,
        "netincomeloss": 99000000,
        "earningspersharebasic": 0.74,
        "earningspersharediluted": 0.73,
        "weightedaveragenumberofsharesoutstandingbasic": 134000000,
        "weightedaveragenumberofdilutedsharesoutstanding": 135000000
    },
    {
        "date": "2019-12-30",
        "symbol": "DGX",
        "period": "Q4",
        "profitloss": 265000000,
        "othercomprehensiveincomelossforeigncurrencytransactionandtranslationadjustmentnetoftax": 13000000,
        "othercomprehensiveincomelossnetoftax": 16000000,
        "comprehensiveincomenetoftaxincludingportionattributabletononcontrollinginterest": 281000000,
        "comprehensiveincomenetoftaxattributabletononcontrollinginterest": 12000000,
        "comprehensiveincomenetoftax": 269000000,
        "costofrevenue": 1264000000,
        "sellinggeneralandadministrativeexpense": 349000000,
        "amortizationofintangibleassets": 24000000,
        "otheroperatingincomeexpensenet": 74000000,
        "costsandexpenses": 1563000000,
        "operatingincomeloss": 363000000,
        "interestincomeexpensenet": -42000000,
        "othernonoperatingincomeexpense": 7000000,
        "nonoperatingincomeexpense": -35000000,
        "incomelossfromcontinuingoperationsbeforeincometaxesminorityinterestandincomelossfromequitymethodinvestments": 328000000,
        "incometaxexpensebenefit": 72000000,
        "incomelossfromequitymethodinvestments": 9000000,
        "netincomelossattributabletononcontrollinginterest": 12000000,
        "netincomeloss": 253000000,
        "earningspersharebasic": 1.8799999999999997,
        "earningspersharediluted": 1.8600000000000005
    },
    {
        "date": "2019-09-29",
        "symbol": "DGX",
        "period": "Q3",
        "profitloss": 226000000,
        "othercomprehensiveincomelossforeigncurrencytransactionandtranslationadjustmentnetoftax": -6000000,
        "othercomprehensiveincomelossnetoftax": 3000000,
        "comprehensiveincomenetoftaxincludingportionattributabletononcontrollinginterest": 229000000,
        "comprehensiveincomenetoftaxattributabletononcontrollinginterest": 11000000,
        "comprehensiveincomenetoftax": 218000000,
        "costofrevenue": 1264000000,
        "sellinggeneralandadministrativeexpense": 362000000,
        "amortizationofintangibleassets": 23000000,
        "otheroperatingincomeexpensenet": 6000000,
        "costsandexpenses": 1643000000,
        "operatingincomeloss": 602000000,
        "interestincomeexpensenet": -44000000,
        "othernonoperatingincomeexpense": 1000000,
        "nonoperatingincomeexpense": -43000000,
        "incomelossfromcontinuingoperationsbeforeincometaxesminorityinterestandincomelossfromequitymethodinvestments": 270000000,
        "incometaxexpensebenefit": 62000000,
        "incomelossfromequitymethodinvestments": 18000000,
        "netincomelossattributabletononcontrollinginterest": 11000000,
        "netincomeloss": 215000000,
        "earningspersharebasic": 1.5900000000000005,
        "earningspersharediluted": 1.5599999999999998,
        "weightedaveragenumberofsharesoutstandingbasic": -134000000,
        "weightedaveragenumberofdilutedsharesoutstanding": -136000000
    },
    {
        "date": "2019-06-29",
        "symbol": "DGX",
        "period": "Q2",
        "profitloss": 239000000,
        "othercomprehensiveincomelossforeigncurrencytransactionandtranslationadjustmentnetoftax": -4000000,
        "othercomprehensiveincomelossderivativesqualifyingashedgesnetoftax": 1000000,
        "othercomprehensiveincomelossnetoftax": -3000000,
        "comprehensiveincomenetoftaxincludingportionattributabletononcontrollinginterest": 236000000,
        "comprehensiveincomenetoftaxattributabletononcontrollinginterest": 13000000,
        "comprehensiveincomenetoftax": 223000000,
        "revenuefromcontractwithcustomerexcludingassessedtax": 1953000000,
        "costofrevenue": 1265000000,
        "sellinggeneralandadministrativeexpense": 362000000,
        "amortizationofintangibleassets": 25000000,
        "otheroperatingincomeexpensenet": 6000000,
        "costsandexpenses": 1646000000,
        "operatingincomeloss": 307000000,
        "interestincomeexpensenet": -45000000,
        "othernonoperatingincomeexpense": 3000000,
        "nonoperatingincomeexpense": -42000000,
        "incomelossfromcontinuingoperationsbeforeincometaxesminorityinterestandincomelossfromequitymethodinvestments": 265000000,
        "incometaxexpensebenefit": 63000000,
        "incomelossfromequitymethodinvestments": 17000000,
        "incomelossfromcontinuingoperationsincludingportionattributabletononcontrollinginterest": 219000000,
        "incomelossfromdiscontinuedoperationsnetoftax": 20000000,
        "netincomelossattributabletononcontrollinginterest": 13000000,
        "netincomeloss": 226000000,
        "incomelossfromcontinuingoperations": 206000000,
        "incomelossfromdiscontinuedoperationsnetoftaxattributabletoreportingentity": 20000000,
        "incomelossfromcontinuingoperationsperbasicshare": 1.52,
        "incomelossfromdiscontinuedoperationsnetoftaxperbasicshare": 0.15,
        "earningspersharebasic": 1.67,
        "incomelossfromcontinuingoperationsperdilutedshare": 1.51,
        "incomelossfromdiscontinuedoperationsnetoftaxperdilutedshare": 0.15,
        "earningspersharediluted": 1.66,
        "weightedaveragenumberofsharesoutstandingbasic": 135000000,
        "weightedaveragenumberofdilutedsharesoutstanding": 136000000
    },
    {
        "date": "2019-03-30",
        "symbol": "DGX",
        "period": "Q1",
        "profitloss": 176000000,
        "othercomprehensiveincomelossforeigncurrencytransactionandtranslationadjustmentnetoftax": 4000000,
        "othercomprehensiveincomelossnetoftax": 4000000,
        "comprehensiveincomenetoftaxincludingportionattributabletononcontrollinginterest": 180000000,
        "comprehensiveincomenetoftaxattributabletononcontrollinginterest": 12000000,
        "comprehensiveincomenetoftax": 168000000,
        "salesrevenuenet": 79000000,
        "costofrevenue": 1244000000,
        "sellinggeneralandadministrativeexpense": 384000000,
        "amortizationofintangibleassets": 24000000,
        "otheroperatingincomeexpensenet": 9000000,
        "costsandexpenses": 1643000000,
        "operatingincomeloss": -41000000,
        "interestincomeexpensenet": -44000000,
        "othernonoperatingincomeexpense": 9000000,
        "nonoperatingincomeexpense": -35000000,
        "incomelossfromcontinuingoperationsbeforeincometaxesminorityinterestandincomelossfromequitymethodinvestments": 213000000,
        "incometaxexpensebenefit": 50000000,
        "incomelossfromequitymethodinvestments": 13000000,
        "netincomelossattributabletononcontrollinginterest": 12000000,
        "netincomeloss": 164000000,
        "earningspersharebasic": 1.22,
        "earningspersharediluted": 1.2,
        "weightedaveragenumberofsharesoutstandingbasic": 134000000,
        "weightedaveragenumberofdilutedsharesoutstanding": 136000000
    },
    {
        "date": "2018-12-30",
        "symbol": "DGX",
        "period": "Q4",
        "profitloss": 139000000,
        "othercomprehensiveincomelossforeigncurrencytransactionandtranslationadjustmentnetoftax": -1000000,
        "othercomprehensiveincomelossnetoftax": -3000000,
        "comprehensiveincomenetoftaxincludingportionattributabletononcontrollinginterest": 138000000,
        "comprehensiveincomenetoftaxattributabletononcontrollinginterest": 12000000,
        "comprehensiveincomenetoftax": 126000000,
        "salesrevenuenet": 83000000,
        "costofrevenue": 1235000000,
        "sellinggeneralandadministrativeexpense": 356000000,
        "amortizationofintangibleassets": 24000000,
        "otheroperatingincomeexpensenet": 0,
        "costsandexpenses": 1619000000,
        "operatingincomeloss": -47000000,
        "interestincomeexpensenet": -43000000,
        "othernonoperatingincomeexpense": -10000000,
        "nonoperatingincomeexpense": -53000000,
        "incomelossfromcontinuingoperationsbeforeincometaxesminorityinterestandincomelossfromequitymethodinvestments": 167000000,
        "incometaxexpensebenefit": 40000000,
        "incomelossfromequitymethodinvestments": 12000000,
        "netincomelossattributabletononcontrollinginterest": 12000000,
        "netincomeloss": 127000000,
        "earningspersharebasic": 0.9299999999999995,
        "earningspersharediluted": 0.9199999999999999
    },
    {
        "date": "2018-09-29",
        "symbol": "DGX",
        "period": "Q3",
        "profitloss": 227000000,
        "othercomprehensiveincomelossforeigncurrencytransactionandtranslationadjustmentnetoftax": -2000000,
        "othercomprehensiveincomelossderivativesqualifyingashedgesnetoftax": 1000000,
        "othercomprehensiveincomelossnetoftax": -1000000,
        "comprehensiveincomenetoftaxincludingportionattributabletononcontrollinginterest": 226000000,
        "comprehensiveincomenetoftaxattributabletononcontrollinginterest": 14000000,
        "comprehensiveincomenetoftax": 212000000,
        "salesrevenuenet": 79000000,
        "costofrevenue": 1222000000,
        "sellinggeneralandadministrativeexpense": 354000000,
        "amortizationofintangibleassets": 22000000,
        "otheroperatingincomeexpensenet": 13000000,
        "costsandexpenses": 1585000000,
        "operatingincomeloss": -40000000,
        "interestincomeexpensenet": -41000000,
        "othernonoperatingincomeexpense": 3000000,
        "nonoperatingincomeexpense": -38000000,
        "incomelossfromcontinuingoperationsbeforeincometaxesminorityinterestandincomelossfromequitymethodinvestments": 266000000,
        "incometaxexpensebenefit": 48000000,
        "incomelossfromequitymethodinvestments": 9000000,
        "netincomelossattributabletononcontrollinginterest": 14000000,
        "netincomeloss": 213000000,
        "earningspersharebasic": 1.56,
        "earningspersharediluted": 1.53,
        "weightedaveragenumberofsharesoutstandingbasic": 136000000,
        "weightedaveragenumberofdilutedsharesoutstanding": 139000000,
        "commonstockdividendspersharedeclared": 0.5
    },
    {
        "date": "2018-06-29",
        "symbol": "DGX",
        "period": "Q2",
        "profitloss": 233000000,
        "othercomprehensiveincomelossforeigncurrencytransactionandtranslationadjustmentnetoftax": -14000000,
        "othercomprehensiveincomelossderivativesqualifyingashedgesnetoftax": 0,
        "othercomprehensiveincomelossnetoftax": -14000000,
        "comprehensiveincomenetoftaxincludingportionattributabletononcontrollinginterest": 219000000,
        "comprehensiveincomenetoftaxattributabletononcontrollinginterest": 14000000,
        "comprehensiveincomenetoftax": 205000000,
        "salesrevenuenet": 84000000,
        "costofrevenue": 1243000000,
        "sellinggeneralandadministrativeexpense": 351000000,
        "amortizationofintangibleassets": 22000000,
        "otheroperatingincomeexpensenet": 2000000,
        "costsandexpenses": 1614000000,
        "operatingincomeloss": -47000000,
        "interestincomeexpensenet": -42000000,
        "othernonoperatingincomeexpense": 1000000,
        "nonoperatingincomeexpense": -41000000,
        "incomelossfromcontinuingoperationsbeforeincometaxesminorityinterestandincomelossfromequitymethodinvestments": 264000000,
        "incometaxexpensebenefit": 42000000,
        "incomelossfromequitymethodinvestments": 11000000,
        "netincomelossattributabletononcontrollinginterest": 14000000,
        "netincomeloss": 219000000,
        "earningspersharebasic": 1.5999999999999999,
        "earningspersharediluted": 1.5699999999999998,
        "weightedaveragenumberofsharesoutstandingbasic": 0,
        "weightedaveragenumberofdilutedsharesoutstanding": 0,
        "commonstockdividendspersharedeclared": 0.5
    },
    {
        "date": "2018-03-30",
        "symbol": "DGX",
        "period": "Q1",
        "profitloss": 189000000,
        "othercomprehensiveincomelossforeigncurrencytransactionandtranslationadjustmentnetoftax": 6000000,
        "othercomprehensiveincomelossderivativesqualifyingashedgesnetoftax": 1000000,
        "othercomprehensiveincomelossnetoftax": 7000000,
        "comprehensiveincomenetoftaxincludingportionattributabletononcontrollinginterest": 196000000,
        "comprehensiveincomenetoftaxattributabletononcontrollinginterest": 12000000,
        "comprehensiveincomenetoftax": 184000000,
        "salesrevenuenet": 81000000,
        "costofrevenue": 1226000000,
        "sellinggeneralandadministrativeexpense": 363000000,
        "amortizationofintangibleassets": 22000000,
        "otheroperatingincomeexpensenet": -1000000,
        "costsandexpenses": 1612000000,
        "operatingincomeloss": -47000000,
        "interestincomeexpensenet": -41000000,
        "othernonoperatingincomeexpense": -2000000,
        "nonoperatingincomeexpense": -43000000,
        "incomelossfromcontinuingoperationsbeforeincometaxesminorityinterestandincomelossfromequitymethodinvestments": 229000000,
        "incometaxexpensebenefit": 52000000,
        "incomelossfromequitymethodinvestments": 12000000,
        "netincomelossattributabletononcontrollinginterest": 12000000,
        "netincomeloss": 177000000,
        "earningspersharebasic": 1.3,
        "earningspersharediluted": 1.27,
        "weightedaveragenumberofsharesoutstandingbasic": 136000000,
        "weightedaveragenumberofdilutedsharesoutstanding": 139000000,
        "commonstockdividendspersharedeclared": 0.5
    },
    {
        "date": "2017-12-30",
        "symbol": "DGX",
        "period": "Q4",
        "profitloss": 267000000,
        "othercomprehensiveincomelossforeigncurrencytransactionandtranslationadjustmentnetoftax": 0,
        "othercomprehensiveincomelossnetoftax": -4000000,
        "comprehensiveincomenetoftaxincludingportionattributabletononcontrollinginterest": 267000000,
        "comprehensiveincomenetoftaxattributabletononcontrollinginterest": 13000000,
        "comprehensiveincomenetoftax": 254000000,
        "salesrevenuenet": 83000000,
        "costofrevenue": 1194000000,
        "sellinggeneralandadministrativeexpense": 453000000,
        "amortizationofintangibleassets": 20000000,
        "otheroperatingincomeexpensenet": 0,
        "costsandexpenses": 1667000000,
        "operatingincomeloss": -69000000,
        "interestincomeexpensenet": -39000000,
        "othernonoperatingincomeexpense": 4000000,
        "nonoperatingincomeexpense": -35000000,
        "incomelossfromcontinuingoperationsbeforeincometaxesminorityinterestandincomelossfromequitymethodinvestments": 234000000,
        "incometaxexpensebenefit": -23000000,
        "incomelossfromequitymethodinvestments": 10000000,
        "netincomelossattributabletononcontrollinginterest": 13000000,
        "netincomeloss": 254000000,
        "earningspersharebasic": 1.8600000000000003,
        "earningspersharediluted": 1.8199999999999996,
        "commonstockdividendspersharedeclared": 0.4500000000000001
    },
    {
        "date": "2017-09-29",
        "symbol": "DGX",
        "period": "Q3",
        "profitloss": 175000000,
        "othercomprehensiveincomelossforeigncurrencytransactionandtranslationadjustmentnetoftax": 8000000,
        "othercomprehensiveincomelossavailableforsalesecuritiesadjustmentnetoftax": 3000000,
        "othercomprehensiveincomelossderivativesqualifyingashedgesnetoftax": 1000000,
        "othercomprehensiveincomelossnetoftax": 12000000,
        "comprehensiveincomenetoftaxincludingportionattributabletononcontrollinginterest": 187000000,
        "comprehensiveincomenetoftaxattributabletononcontrollinginterest": 14000000,
        "comprehensiveincomenetoftax": 173000000,
        "salesrevenuenet": 81000000,
        "costofrevenue": 1190000000,
        "sellinggeneralandadministrativeexpense": 423000000,
        "amortizationofintangibleassets": 19000000,
        "otheroperatingincomeexpensenet": -1000000,
        "costsandexpenses": 1633000000,
        "operatingincomeloss": -46000000,
        "interestincomeexpensenet": -38000000,
        "othernonoperatingincomeexpense": -2000000,
        "nonoperatingincomeexpense": -40000000,
        "incomelossfromcontinuingoperationsbeforeincometaxesminorityinterestandincomelossfromequitymethodinvestments": 258000000,
        "incometaxexpensebenefit": 92000000,
        "incomelossfromequitymethodinvestments": 9000000,
        "netincomelossattributabletononcontrollinginterest": 14000000,
        "netincomeloss": 161000000,
        "earningspersharebasic": 1.18,
        "earningspersharediluted": 1.15,
        "weightedaveragenumberofsharesoutstandingbasic": 137000000,
        "weightedaveragenumberofdilutedsharesoutstanding": 140000000,
        "commonstockdividendspersharedeclared": 0.45
    },
    {
        "date": "2017-06-29",
        "symbol": "DGX",
        "period": "Q2",
        "profitloss": 207000000,
        "othercomprehensiveincomelossforeigncurrencytransactionandtranslationadjustmentnetoftax": 8000000,
        "othercomprehensiveincomelossnetoftax": 8000000,
        "comprehensiveincomenetoftaxincludingportionattributabletononcontrollinginterest": 215000000,
        "comprehensiveincomenetoftaxattributabletononcontrollinginterest": 14000000,
        "comprehensiveincomenetoftax": 201000000,
        "salesrevenuenet": 88000000,
        "costofrevenue": 1170000000,
        "sellinggeneralandadministrativeexpense": 437000000,
        "amortizationofintangibleassets": 18000000,
        "otheroperatingincomeexpensenet": 1000000,
        "costsandexpenses": 1624000000,
        "operatingincomeloss": -45000000,
        "interestincomeexpensenet": -38000000,
        "othernonoperatingincomeexpense": 11000000,
        "nonoperatingincomeexpense": -27000000,
        "incomelossfromcontinuingoperationsbeforeincometaxesminorityinterestandincomelossfromequitymethodinvestments": 292000000,
        "incometaxexpensebenefit": 94000000,
        "incomelossfromequitymethodinvestments": 9000000,
        "netincomelossattributabletononcontrollinginterest": 14000000,
        "netincomeloss": 193000000,
        "earningspersharebasic": 1.4,
        "earningspersharediluted": 1.37,
        "weightedaveragenumberofsharesoutstandingbasic": 137000000,
        "weightedaveragenumberofdilutedsharesoutstanding": 140000000,
        "commonstockdividendspersharedeclared": 0.45
    },
    {
        "date": "2017-03-30",
        "symbol": "DGX",
        "period": "Q1",
        "profitloss": 175000000,
        "othercomprehensiveincomelossforeigncurrencytransactionandtranslationadjustmentnetoftax": 4000000,
        "othercomprehensiveincomelossnetoftax": 4000000,
        "comprehensiveincomenetoftaxincludingportionattributabletononcontrollinginterest": 179000000,
        "comprehensiveincomenetoftaxattributabletononcontrollinginterest": 11000000,
        "comprehensiveincomenetoftax": 168000000,
        "salesrevenuenet": 87000000,
        "costofrevenue": 1165000000,
        "sellinggeneralandadministrativeexpense": 437000000,
        "amortizationofintangibleassets": 17000000,
        "otheroperatingincomeexpensenet": -1000000,
        "costsandexpenses": 1620000000,
        "operatingincomeloss": -40000000,
        "interestincomeexpensenet": -36000000,
        "othernonoperatingincomeexpense": 3000000,
        "nonoperatingincomeexpense": -33000000,
        "incomelossfromcontinuingoperationsbeforeincometaxesminorityinterestandincomelossfromequitymethodinvestments": 246000000,
        "incometaxexpensebenefit": 78000000,
        "incomelossfromequitymethodinvestments": 7000000,
        "netincomelossattributabletononcontrollinginterest": 11000000,
        "netincomeloss": 164000000,
        "earningspersharebasic": 1.19,
        "earningspersharediluted": 1.16,
        "weightedaveragenumberofsharesoutstandingbasic": 137000000,
        "weightedaveragenumberofdilutedsharesoutstanding": 141000000,
        "commonstockdividendspersharedeclared": 0.45
    },
    {
        "date": "2016-12-30",
        "symbol": "DGX",
        "period": "Q4",
        "profitloss": 5000000,
        "othercomprehensiveincomelossforeigncurrencytransactionandtranslationadjustmentnetoftax": -11000000,
        "othercomprehensiveincomelossnetoftax": -11000000,
        "comprehensiveincomenetoftaxincludingportionattributabletononcontrollinginterest": 156000000,
        "comprehensiveincomenetoftaxattributabletononcontrollinginterest": 12000000,
        "comprehensiveincomenetoftax": 144000000,
        "salesrevenuenet": 88000000,
        "costofrevenue": 1160000000,
        "sellinggeneralandadministrativeexpense": 400000000,
        "amortizationofintangibleassets": 18000000,
        "costsandexpenses": 1585000000,
        "operatingincomeloss": -47000000,
        "interestincomeexpensenet": -36000000,
        "othernonoperatingincomeexpense": 2000000,
        "nonoperatingincomeexpense": -34000000,
        "incomelossfromcontinuingoperationsbeforeincometaxesminorityinterestandincomelossfromequitymethodinvestments": 242000000,
        "incometaxexpensebenefit": -261000000,
        "incomelossfromequitymethodinvestments": 9000000,
        "netincomelossattributabletononcontrollinginterest": 12000000,
        "netincomeloss": 155000000,
        "earningspersharebasic": 1.12,
        "earningspersharediluted": 1.0899999999999999,
        "commonstockdividendspersharedeclared": 0.44999999999999996
    },
    {
        "date": "2016-09-29",
        "symbol": "DGX",
        "period": "Q3",
        "profitloss": 6000000,
        "othercomprehensiveincomelossforeigncurrencytransactionandtranslationadjustmentnetoftax": -5000000,
        "othercomprehensiveincomelossnetoftax": -5000000,
        "comprehensiveincomenetoftaxincludingportionattributabletononcontrollinginterest": 200000000,
        "comprehensiveincomenetoftaxattributabletononcontrollinginterest": 13000000,
        "comprehensiveincomenetoftax": 187000000,
        "salesrevenuenet": 85000000,
        "costofrevenue": 1157000000,
        "sellinggeneralandadministrativeexpense": 409000000,
        "amortizationofintangibleassets": 18000000,
        "costsandexpenses": 1563000000,
        "operatingincomeloss": -19000000,
        "interestincomeexpensenet": -37000000,
        "othernonoperatingincomeexpense": 4000000,
        "nonoperatingincomeexpense": -33000000,
        "incomelossfromcontinuingoperationsbeforeincometaxesminorityinterestandincomelossfromequitymethodinvestments": 289000000,
        "incometaxexpensebenefit": 95000000,
        "incomelossfromequitymethodinvestments": 11000000,
        "netincomelossattributabletononcontrollinginterest": 13000000,
        "netincomeloss": 192000000,
        "earningspersharebasic": 1.3599999999999999,
        "earningspersharediluted": 1.34,
        "weightedaveragenumberofsharesoutstandingbasic": 0,
        "weightedaveragenumberofdilutedsharesoutstanding": 0,
        "commonstockdividendspersharedeclared": 0.3999999999999999
    },
    {
        "date": "2016-06-29",
        "symbol": "DGX",
        "period": "Q2",
        "profitloss": 6000000,
        "othercomprehensiveincomelossforeigncurrencytransactionandtranslationadjustmentnetoftax": -15000000,
        "othercomprehensiveincomelossderivativesqualifyingashedgesnetoftax": 0,
        "othercomprehensiveincomelossnetoftax": -16000000,
        "comprehensiveincomenetoftaxincludingportionattributabletononcontrollinginterest": 194000000,
        "comprehensiveincomenetoftaxattributabletononcontrollinginterest": 14000000,
        "comprehensiveincomenetoftax": 180000000,
        "salesrevenuenet": 97000000,
        "costofrevenue": 1155000000,
        "sellinggeneralandadministrativeexpense": 430000000,
        "amortizationofintangibleassets": 17000000,
        "otheroperatingincomeexpensenet": 0,
        "costsandexpenses": 1484000000,
        "operatingincomeloss": 77000000,
        "interestincomeexpensenet": -34000000,
        "othernonoperatingincomeexpense": -5000000,
        "nonoperatingincomeexpense": -39000000,
        "incomelossfromcontinuingoperationsbeforeincometaxesminorityinterestandincomelossfromequitymethodinvestments": 383000000,
        "incometaxexpensebenefit": 182000000,
        "incomelossfromequitymethodinvestments": 9000000,
        "netincomelossattributabletononcontrollinginterest": 14000000,
        "netincomeloss": 196000000,
        "earningspersharebasic": 1.3900000000000001,
        "earningspersharediluted": 1.3800000000000001,
        "weightedaveragenumberofsharesoutstandingbasic": -2000000,
        "weightedaveragenumberofdilutedsharesoutstanding": -1000000,
        "commonstockdividendspersharedeclared": 0.4
    },
    {
        "date": "2016-03-30",
        "symbol": "DGX",
        "period": "Q1",
        "profitloss": 6000000,
        "othercomprehensiveincomelossforeigncurrencytransactionandtranslationadjustmentnetoftax": -3000000,
        "othercomprehensiveincomelossderivativesqualifyingashedgesnetoftax": 1000000,
        "othercomprehensiveincomelossnetoftax": -2000000,
        "comprehensiveincomenetoftaxincludingportionattributabletononcontrollinginterest": 112000000,
        "comprehensiveincomenetoftaxattributabletononcontrollinginterest": 12000000,
        "comprehensiveincomenetoftax": 100000000,
        "salesrevenuenet": 107000000,
        "costofrevenue": 1144000000,
        "sellinggeneralandadministrativeexpense": 442000000,
        "amortizationofintangibleassets": 19000000,
        "otheroperatingincomeexpensenet": -1000000,
        "costsandexpenses": 1606000000,
        "operatingincomeloss": -42000000,
        "interestincomeexpensenet": -36000000,
        "othernonoperatingincomeexpense": -49000000,
        "nonoperatingincomeexpense": -85000000,
        "incomelossfromcontinuingoperationsbeforeincometaxesminorityinterestandincomelossfromequitymethodinvestments": 172000000,
        "incometaxexpensebenefit": 68000000,
        "incomelossfromequitymethodinvestments": 10000000,
        "netincomelossattributabletononcontrollinginterest": 12000000,
        "netincomeloss": 102000000,
        "earningspersharebasic": 0.71,
        "earningspersharediluted": 0.7,
        "weightedaveragenumberofsharesoutstandingbasic": 143000000,
        "weightedaveragenumberofdilutedsharesoutstanding": 144000000,
        "commonstockdividendspersharedeclared": 0.4
    },
    {
        "date": "2015-12-30",
        "symbol": "DGX",
        "period": "Q4",
        "profitloss": 220000000,
        "othercomprehensiveincomelossforeigncurrencytransactionandtranslationadjustmentnetoftax": -8000000,
        "othercomprehensiveincomelossderivativesqualifyingashedgesnetoftax": 0,
        "othercomprehensiveincomelossnetoftax": -11000000,
        "comprehensiveincomenetoftaxincludingportionattributabletononcontrollinginterest": 193000000,
        "comprehensiveincomenetoftaxattributabletononcontrollinginterest": 12000000,
        "comprehensiveincomenetoftax": 181000000,
        "salesrevenuenet": 111000000,
        "costofrevenue": 1150000000,
        "sellinggeneralandadministrativeexpense": 429000000,
        "amortizationofintangibleassets": 20000000,
        "costsandexpenses": 1610000000,
        "operatingincomeloss": -65000000,
        "interestincomeexpensenet": -36000000,
        "othernonoperatingincomeexpense": 3000000,
        "nonoperatingincomeexpense": -47000000,
        "incometaxexpensebenefit": 14000000,
        "incomelossfromequitymethodinvestments": 8000000,
        "netincomelossattributabletononcontrollinginterest": 12000000,
        "netincomeloss": 188000000,
        "earningspersharebasic": 1.3099999999999998,
        "earningspersharediluted": 1.29,
        "commonstockdividendspersharedeclared": 0.3800000000000001
    },
    {
        "date": "2015-09-29",
        "symbol": "DGX",
        "period": "Q3",
        "profitloss": 354000000,
        "othercomprehensiveincomelossforeigncurrencytransactionandtranslationadjustmentnetoftax": -5000000,
        "othercomprehensiveincomelossavailableforsalesecuritiesadjustmentnetoftax": -2000000,
        "othercomprehensiveincomelossderivativesqualifyingashedgesnetoftax": 1000000,
        "othercomprehensiveincomelossnetoftax": -6000000,
        "comprehensiveincomenetoftaxincludingportionattributabletononcontrollinginterest": 348000000,
        "comprehensiveincomenetoftaxattributabletononcontrollinginterest": 12000000,
        "comprehensiveincomenetoftax": 336000000,
        "salesrevenuenet": 116000000,
        "costofrevenue": 1162000000,
        "sellinggeneralandadministrativeexpense": 402000000,
        "amortizationofintangibleassets": 20000000,
        "gainlossonsaleofbusiness": 334000000,
        "otheroperatingincomeexpensenet": 1000000,
        "costsandexpenses": 1249000000,
        "operatingincomeloss": 307000000,
        "interestincomeexpensenet": -35000000,
        "othernonoperatingincomeexpense": -4000000,
        "nonoperatingincomeexpense": -39000000,
        "incomelossfromcontinuingoperationsbeforeincometaxesminorityinterestandincomelossfromequitymethodinvestments": 592000000,
        "incometaxexpensebenefit": 239000000,
        "incomelossfromequitymethodinvestments": 1000000,
        "netincomelossattributabletononcontrollinginterest": 12000000,
        "netincomeloss": 342000000,
        "earningspersharebasic": 2.37,
        "earningspersharediluted": 2.35,
        "weightedaveragenumberofsharesoutstandingbasic": 144000000,
        "weightedaveragenumberofdilutedsharesoutstanding": 145000000,
        "commonstockdividendspersharedeclared": 0.38
    },
    {
        "date": "2015-06-29",
        "symbol": "DGX",
        "period": "Q2",
        "profitloss": 118000000,
        "othercomprehensiveincomelossforeigncurrencytransactionandtranslationadjustmentnetoftax": 4000000,
        "othercomprehensiveincomelossavailableforsalesecuritiesadjustmentnetoftax": 0,
        "othercomprehensiveincomelossderivativesqualifyingashedgesnetoftax": 1000000,
        "othercomprehensiveincomelossnetoftax": 5000000,
        "comprehensiveincomenetoftaxincludingportionattributabletononcontrollinginterest": 134000000,
        "comprehensiveincomenetoftaxattributabletononcontrollinginterest": 11000000,
        "comprehensiveincomenetoftax": 123000000,
        "salesrevenuenet": 154000000,
        "costofrevenue": 1182000000,
        "sellinggeneralandadministrativeexpense": 429000000,
        "amortizationofintangibleassets": 20000000,
        "costsandexpenses": 1624000000,
        "operatingincomeloss": -31000000,
        "interestincomeexpensenet": -37000000,
        "incomelossfromequitymethodinvestments": 7000000,
        "othernonoperatingincomeexpense": -64000000,
        "nonoperatingincomeexpense": -94000000,
        "incomelossfromcontinuingoperationsbeforeincometaxesextraordinaryitemsnoncontrollinginterest": 207000000,
        "incometaxexpensebenefit": 78000000,
        "netincomelossattributabletononcontrollinginterest": 11000000,
        "netincomeloss": 118000000,
        "earningspersharebasic": 0.8200000000000001,
        "earningspersharediluted": 0.81,
        "weightedaveragenumberofsharesoutstandingbasic": 0,
        "weightedaveragenumberofdilutedsharesoutstanding": -1000000,
        "commonstockdividendspersharedeclared": 0.38
    },
    {
        "date": "2015-03-30",
        "symbol": "DGX",
        "period": "Q1",
        "profitloss": 61000000,
        "othercomprehensiveincomelossforeigncurrencytransactionandtranslationadjustmentnetoftax": -6000000,
        "othercomprehensiveincomelossavailableforsalesecuritiesadjustmentnetoftax": 2000000,
        "othercomprehensiveincomelossderivativesqualifyingashedgesnetoftax": 1000000,
        "othercomprehensiveincomelossnetoftax": -3000000,
        "comprehensiveincomenetoftaxincludingportionattributabletononcontrollinginterest": 67000000,
        "comprehensiveincomenetoftaxattributabletononcontrollinginterest": 9000000,
        "comprehensiveincomenetoftax": 58000000,
        "salesrevenuenet": 147000000,
        "costofrevenue": 1163000000,
        "sellinggeneralandadministrativeexpense": 419000000,
        "amortizationofintangibleassets": 21000000,
        "otheroperatingexpensenet": 8000000,
        "costsandexpenses": 1611000000,
        "operatingincomeloss": -40000000,
        "interestincomeexpensenet": -45000000,
        "incomelossfromequitymethodinvestments": 7000000,
        "othernonoperatingincomeexpense": -78000000,
        "nonoperatingincomeexpense": -116000000,
        "incomelossfromcontinuingoperationsbeforeincometaxesextraordinaryitemsnoncontrollinginterest": 112000000,
        "incometaxexpensebenefit": 42000000,
        "netincomelossattributabletononcontrollinginterest": 9000000,
        "netincomeloss": 61000000,
        "earningspersharebasic": 0.42,
        "earningspersharediluted": 0.42,
        "weightedaveragenumberofsharesoutstandingbasic": 144000000,
        "weightedaveragenumberofdilutedsharesoutstanding": 146000000,
        "commonstockdividendspersharedeclared": 0.38
    },
    {
        "date": "2014-12-30",
        "symbol": "DGX",
        "period": "Q4",
        "profitloss": 530000000,
        "othercomprehensiveincomelossforeigncurrencytransactionandtranslationadjustmentnetoftax": -4000000,
        "othercomprehensiveincomelossnetoftax": 0,
        "comprehensiveincomenetoftaxincludingportionattributabletononcontrollinginterest": 188000000,
        "comprehensiveincomenetoftaxattributabletononcontrollinginterest": 10000000,
        "comprehensiveincomenetoftax": 178000000,
        "salesrevenuenet": -4579000000,
        "costofrevenue": 1184000000,
        "sellinggeneralandadministrativeexpense": 427000000,
        "amortizationofintangibleassets": 23000000,
        "costsandexpenses": 1626000000,
        "operatingincomeloss": -242000000,
        "interestexpensenet": 42000000,
        "incomelossfromequitymethodinvestments": 7000000,
        "othernonoperatingincomeexpense": 1000000,
        "nonoperatingincomeexpense": -34000000,
        "incomefromcontinuingoperationsbeforetaxes": 223000000,
        "incometaxexpensebenefit": 28000000,
        "incomelossfromcontinuingoperationsincludingportionattributabletononcontrollinginterest": 195000000,
        "netincomelossattributabletononcontrollinginterest": 10000000,
        "netincomeloss": 190000000,
        "incomelossfromcontinuingoperations": 185000000,
        "incomelossfromcontinuingoperationsperbasicshare": 1.28,
        "earningspersharebasic": 1.3100000000000003,
        "incomelossfromcontinuingoperationsperdilutedshare": 1.27,
        "earningspersharediluted": 1.3000000000000003,
        "commonstockdividendspersharedeclared": 0.3300000000000001
    },
    {
        "date": "2014-09-29",
        "symbol": "DGX",
        "period": "Q3",
        "profitloss": -123000000,
        "othercomprehensiveincomelossforeigncurrencytransactionandtranslationadjustmentnetoftax": -5000000,
        "othercomprehensiveincomelossderivativesqualifyingashedgesnetoftax": 0,
        "othercomprehensiveincomelossnetoftax": -7000000,
        "comprehensiveincomenetoftaxincludingportionattributabletononcontrollinginterest": 132000000,
        "comprehensiveincomenetoftaxattributabletononcontrollinginterest": 10000000,
        "comprehensiveincomenetoftax": 122000000,
        "salesrevenuenet": 3246000000,
        "costofrevenue": 1178000000,
        "sellinggeneralandadministrativeexpense": 446000000,
        "amortizationofintangibleassets": 24000000,
        "costsandexpenses": 1648000000,
        "operatingincomeloss": -189000000,
        "interestexpensenet": 41000000,
        "incomelossfromequitymethodinvestments": 7000000,
        "othernonoperatingincomeexpense": -1000000,
        "nonoperatingincomeexpense": -35000000,
        "incomefromcontinuingoperationsbeforetaxes": 221000000,
        "incometaxexpensebenefit": 82000000,
        "incomelossfromcontinuingoperationsincludingportionattributabletononcontrollinginterest": 139000000,
        "netincomelossattributabletononcontrollinginterest": 10000000,
        "netincomeloss": 129000000,
        "incomelossfromcontinuingoperations": 129000000,
        "incomelossfromcontinuingoperationsperbasicshare": 0.8800000000000001,
        "earningspersharebasic": 0.8800000000000001,
        "incomelossfromcontinuingoperationsperdilutedshare": 0.8799999999999999,
        "earningspersharediluted": 0.8799999999999999,
        "weightedaveragenumberofsharesoutstandingbasic": -144000000,
        "weightedaveragenumberofdilutedsharesoutstanding": -145000000,
        "commonstockdividendspersharedeclared": 0.3299999999999999
    },
    {
        "date": "2014-06-29",
        "symbol": "DGX",
        "period": "Q2",
        "profitloss": 142000000,
        "othercomprehensiveincomelossforeigncurrencytransactionandtranslationadjustmentnetoftax": 3000000,
        "othercomprehensiveincomelossavailableforsalesecuritiesadjustmentnetoftax": 3000000,
        "othercomprehensiveincomelossderivativesqualifyingashedgesnetoftax": -3000000,
        "othercomprehensiveincomelossnetoftax": 3000000,
        "comprehensiveincomenetoftaxincludingportionattributabletononcontrollinginterest": 145000000,
        "comprehensiveincomenetoftaxattributabletononcontrollinginterest": 9000000,
        "comprehensiveincomenetoftax": 136000000,
        "salesrevenuenet": 1763000000,
        "costofrevenue": 1174000000,
        "sellinggeneralandadministrativeexpense": 440000000,
        "amortizationofintangibleassets": 25000000,
        "otheroperatingexpensenet": 1000000,
        "costsandexpenses": 1640000000,
        "operatingincomeloss": 293000000,
        "interestexpensenet": 42000000,
        "incomelossfromequitymethodinvestments": 6000000,
        "othernonoperatingincomeexpense": 3000000,
        "nonoperatingincomeexpense": -33000000,
        "incomefromcontinuingoperationsbeforetaxes": 229000000,
        "incometaxexpensebenefit": 87000000,
        "incomelossfromcontinuingoperationsincludingportionattributabletononcontrollinginterest": 142000000,
        "netincomelossattributabletononcontrollinginterest": 9000000,
        "netincomeloss": 133000000,
        "incomelossfromcontinuingoperations": 133000000,
        "incomelossfromcontinuingoperationsperbasicshare": 0.92,
        "earningspersharebasic": 0.92,
        "incomelossfromcontinuingoperationsperdilutedshare": 0.92,
        "earningspersharediluted": 0.92,
        "weightedaveragenumberofsharesoutstandingbasic": 144000000,
        "weightedaveragenumberofdilutedsharesoutstanding": 145000000,
        "commonstockdividendspersharedeclared": 0.33
    },
    {
        "date": "2014-03-30",
        "symbol": "DGX",
        "period": "Q1",
        "profitloss": 7000000,
        "othercomprehensiveincomelossforeigncurrencytransactionandtranslationadjustmentnetoftax": -1000000,
        "othercomprehensiveincomelossderivativesqualifyingashedgesnetoftax": -2000000,
        "othercomprehensiveincomelossnetoftax": -3000000,
        "comprehensiveincomenetoftaxincludingportionattributabletononcontrollinginterest": 108000000,
        "comprehensiveincomenetoftaxattributabletononcontrollinginterest": 7000000,
        "comprehensiveincomenetoftax": 101000000,
        "salesrevenuenet": 132000000,
        "costofrevenue": 1101000000,
        "sellinggeneralandadministrativeexpense": 415000000,
        "amortizationofintangibleassets": 22000000,
        "costsandexpenses": 1538000000,
        "operatingincomeloss": -41000000,
        "interestexpensenet": 39000000,
        "incomelossfromequitymethodinvestments": 6000000,
        "othernonoperatingincomeexpense": 1000000,
        "nonoperatingincomeexpense": -32000000,
        "incomefromcontinuingoperationsbeforetaxes": 176000000,
        "incometaxexpensebenefit": 65000000,
        "incomelossfromcontinuingoperationsincludingportionattributabletononcontrollinginterest": 111000000,
        "netincomelossattributabletononcontrollinginterest": 7000000,
        "netincomeloss": 104000000,
        "incomelossfromcontinuingoperations": 104000000,
        "incomelossfromcontinuingoperationsperbasicshare": 0.72,
        "earningspersharebasic": 0.72,
        "incomelossfromcontinuingoperationsperdilutedshare": 0.71,
        "earningspersharediluted": 0.71,
        "weightedaveragenumberofsharesoutstandingbasic": 144000000,
        "weightedaveragenumberofdilutedsharesoutstanding": 145000000,
        "commonstockdividendspersharedeclared": 0.33
    },
    {
        "date": "2013-12-30",
        "symbol": "DGX",
        "period": "Q4",
        "profitloss": 124731000,
        "othercomprehensiveincomelossforeigncurrencytransactionandtranslationadjustmentnetoftax": -941000,
        "othercomprehensiveincomelossavailableforsalesecuritiesadjustmentnetoftax": -1274000,
        "othercomprehensiveincomelossderivativesqualifyingashedgesnetoftax": 1370000,
        "othercomprehensiveincomelossminimumpensionliabilitynetadjustmentnetoftax": -1153000,
        "othercomprehensiveincomelossnetoftax": 24470000,
        "comprehensiveincomenetoftaxincludingportionattributabletononcontrollinginterest": 151201000,
        "comprehensiveincomenetoftaxattributabletononcontrollinginterest": 8283000,
        "comprehensiveincomenetoftax": 142918000,
        "salesrevenuenet": -2901177000,
        "costofrevenue": 1051997000,
        "sellinggeneralandadministrativeexpense": 414620000,
        "amortizationofintangibleassets": 19802000,
        "otheroperatingexpensenet": 108000,
        "costsandexpenses": 1486665000,
        "operatingincomeloss": -433278000,
        "interestexpensenet": 39246000,
        "incomelossfromequitymethodinvestments": 5697000,
        "othernonoperatingincomeexpense": 1429000,
        "nonoperatingincomeexpense": -32120000,
        "incomefromcontinuingoperationsbeforetaxes": 237688000,
        "incometaxexpensebenefit": 86298000,
        "incomelossfromcontinuingoperationsincludingportionattributabletononcontrollinginterest": 151390000,
        "incomelossfromdiscontinuedoperationsnetoftax": -497000,
        "netincomelossattributabletononcontrollinginterest": 8283000,
        "netincomeloss": 142610000,
        "incomelossfromcontinuingoperations": 143107000,
        "incomelossfromdiscontinuedoperationsnetoftaxattributabletoreportingentity": -497000,
        "incomelossfromcontinuingoperationsperbasicshare": 0.9499999999999995,
        "incomelossfromdiscontinuedoperationsnetoftaxperbasicshare": 0,
        "earningspersharebasic": 0.9499999999999998,
        "incomelossfromcontinuingoperationsperdilutedshare": 0.9399999999999995,
        "incomelossfromdiscontinuedoperationsnetoftaxperdilutedshare": 0,
        "earningspersharediluted": 0.9399999999999998,
        "commonstockdividendspersharedeclared": 0.2999999999999999
    },
    {
        "date": "2013-09-29",
        "symbol": "DGX",
        "period": "Q3",
        "profitloss": 413867000,
        "othercomprehensiveincomelossforeigncurrencytransactionandtranslationadjustmentnetoftax": 4592000,
        "othercomprehensiveincomelossavailableforsalesecuritiesadjustmentnetoftax": -31000,
        "othercomprehensiveincomelossderivativesqualifyingashedgesnetoftax": 210000,
        "othercomprehensiveincomelossminimumpensionliabilitynetadjustmentnetoftax": -10000,
        "othercomprehensiveincomelossnetoftax": 4781000,
        "comprehensiveincomenetoftaxincludingportionattributabletononcontrollinginterest": 418648000,
        "comprehensiveincomenetoftaxattributabletononcontrollinginterest": 8724000,
        "comprehensiveincomenetoftax": 409924000,
        "salesrevenuenet": 1646809000,
        "costofrevenue": 1088503000,
        "sellinggeneralandadministrativeexpense": 422963000,
        "amortizationofintangibleassets": 20158000,
        "gainonsaleofroyaltyrights": 474138000,
        "otheroperatingexpensenet": 40177000,
        "costsandexpenses": 1097663000,
        "operatingincomeloss": 293540000,
        "interestexpensenet": 39968000,
        "incomelossfromequitymethodinvestments": 4904000,
        "othernonoperatingincomeexpense": 2922000,
        "nonoperatingincomeexpense": -32142000,
        "incomefromcontinuingoperationsbeforetaxes": 657335000,
        "incometaxexpensebenefit": 245874000,
        "incomelossfromcontinuingoperationsincludingportionattributabletononcontrollinginterest": 411461000,
        "incomelossfromdiscontinuedoperationsnetoftax": 2406000,
        "netincomelossattributabletononcontrollinginterest": 8724000,
        "netincomeloss": 405143000,
        "incomelossfromcontinuingoperations": 402737000,
        "incomelossfromdiscontinuedoperationsnetoftaxattributabletoreportingentity": 2406000,
        "incomelossfromcontinuingoperationsperbasicshare": 2.68,
        "incomelossfromdiscontinuedoperationsnetoftaxperbasicshare": 0.02,
        "earningspersharebasic": 2.7,
        "incomelossfromcontinuingoperationsperdilutedshare": 2.66,
        "incomelossfromdiscontinuedoperationsnetoftaxperdilutedshare": 0.02,
        "earningspersharediluted": 2.68,
        "weightedaveragenumberofsharesoutstandingbasic": 149625000,
        "weightedaveragenumberofdilutedsharesoutstanding": 150920000,
        "commonstockdividendspersharedeclared": 0.3
    },
    {
        "date": "2013-06-29",
        "symbol": "DGX",
        "period": "Q2",
        "profitloss": 174623000,
        "othercomprehensiveincomelossforeigncurrencytransactionandtranslationadjustmentnetoftax": -26264000,
        "othercomprehensiveincomelossavailableforsalesecuritiesadjustmentnetoftax": 363000,
        "othercomprehensiveincomelossderivativesqualifyingashedgesnetoftax": 210000,
        "othercomprehensiveincomelossminimumpensionliabilitynetadjustmentnetoftax": -2827000,
        "othercomprehensiveincomelossnetoftax": -22864000,
        "comprehensiveincomenetoftaxincludingportionattributabletononcontrollinginterest": 151759000,
        "comprehensiveincomenetoftaxattributabletononcontrollinginterest": 9155000,
        "comprehensiveincomenetoftax": 142604000,
        "salesrevenuenet": 1675139000,
        "costofrevenue": 1093666000,
        "sellinggeneralandadministrativeexpense": 418548000,
        "amortizationofintangibleassets": 19756000,
        "otheroperatingexpensenet": -4951000,
        "costsandexpenses": 1527019000,
        "operatingincomeloss": 323297000,
        "interestexpensenet": 39921000,
        "incomelossfromequitymethodinvestments": 7253000,
        "othernonoperatingincomeexpense": 258000,
        "nonoperatingincomeexpense": -32410000,
        "incomefromcontinuingoperationsbeforetaxes": 256311000,
        "incometaxexpensebenefit": 94491000,
        "incomelossfromcontinuingoperationsincludingportionattributabletononcontrollinginterest": 161820000,
        "incomelossfromdiscontinuedoperationsnetoftax": 12803000,
        "netincomelossattributabletononcontrollinginterest": 9155000,
        "netincomeloss": 165468000,
        "incomelossfromcontinuingoperations": 152665000,
        "incomelossfromdiscontinuedoperationsnetoftaxattributabletoreportingentity": 12803000,
        "incomelossfromcontinuingoperationsperbasicshare": 0.99,
        "incomelossfromdiscontinuedoperationsnetoftaxperbasicshare": 0.08,
        "earningspersharebasic": 1.07,
        "incomelossfromcontinuingoperationsperdilutedshare": 0.99,
        "incomelossfromdiscontinuedoperationsnetoftaxperdilutedshare": 0.08,
        "earningspersharediluted": 1.07,
        "weightedaveragenumberofsharesoutstandingbasic": 152708000,
        "weightedaveragenumberofdilutedsharesoutstanding": 154059000,
        "commonstockdividendspersharedeclared": 0.3
    },
    {
        "date": "2013-03-30",
        "symbol": "DGX",
        "period": "Q1",
        "profitloss": 135779000,
        "othercomprehensiveincomelossforeigncurrencytransactionandtranslationadjustmentnetoftax": -4387000,
        "othercomprehensiveincomelossavailableforsalesecuritiesadjustmentnetoftax": -58000,
        "othercomprehensiveincomelossderivativesqualifyingashedgesnetoftax": 210000,
        "othercomprehensiveincomelossminimumpensionliabilitynetadjustmentnetoftax": -10000,
        "othercomprehensiveincomelossnetoftax": -4387000,
        "comprehensiveincomenetoftaxincludingportionattributabletononcontrollinginterest": 139392000,
        "comprehensiveincomenetoftaxattributabletononcontrollinginterest": 7838000,
        "comprehensiveincomenetoftax": 131554000,
        "salesrevenuenet": 138229000,
        "costofrevenue": 1091834000,
        "sellinggeneralandadministrativeexpense": 447869000,
        "amortizationofintangibleassets": 19284000,
        "otheroperatingexpensenet": 666000,
        "costsandexpenses": 1559653000,
        "operatingincomeloss": 14441000,
        "interestexpensenet": 39865000,
        "incomelossfromequitymethodinvestments": 6146000,
        "othernonoperatingincomeexpense": 3391000,
        "nonoperatingincomeexpense": -30328000,
        "incomefromcontinuingoperationsbeforetaxes": 196666000,
        "incometaxexpensebenefit": 73337000,
        "incomelossfromcontinuingoperationsincludingportionattributabletononcontrollinginterest": 123329000,
        "incomelossfromdiscontinuedoperationsnetoftax": 20288000,
        "netincomelossattributabletononcontrollinginterest": 7838000,
        "netincomeloss": 135779000,
        "incomelossfromcontinuingoperations": 115491000,
        "incomelossfromdiscontinuedoperationsnetoftaxattributabletoreportingentity": 20288000,
        "incomelossfromcontinuingoperationsperbasicshare": 0.73,
        "incomelossfromdiscontinuedoperationsnetoftaxperbasicshare": 0.13,
        "earningspersharebasic": 0.86,
        "incomelossfromcontinuingoperationsperdilutedshare": 0.72,
        "incomelossfromdiscontinuedoperationsnetoftaxperdilutedshare": 0.13,
        "earningspersharediluted": 0.85,
        "weightedaveragenumberofsharesoutstandingbasic": 158098000,
        "weightedaveragenumberofdilutedsharesoutstanding": 159406000,
        "commonstockdividendspersharedeclared": 0.3
    },
    {
        "date": "2012-12-30",
        "symbol": "DGX",
        "period": "Q4",
        "profitloss": 181062000,
        "comprehensiveincomenetoftaxincludingportionattributabletononcontrollinginterest": 360799000,
        "comprehensiveincomenetoftaxattributabletononcontrollinginterest": 9792000,
        "comprehensiveincomenetoftax": 74384000,
        "salesrevenuenet": -2908206000,
        "costofrevenue": 1234082000,
        "sellinggeneralandadministrativeexpense": 536292000,
        "amortizationofintangibleassets": 34331000,
        "costsandexpenses": 3074696000,
        "operatingincomeloss": -347418000,
        "interestexpensenet": 39386000,
        "incomelossfromequitymethodinvestments": 5982000,
        "othernonoperatingincomeexpense": 689000,
        "nonoperatingincomeexpense": -65572000,
        "incomefromcontinuingoperationsbeforetaxes": 225016000,
        "incometaxexpensebenefit": 121775000,
        "incomelossfromcontinuingoperationsincludingportionattributabletononcontrollinginterest": 208299000,
        "incomelossfromdiscontinuedoperationsnetoftax": -74622000,
        "netincomelossattributabletononcontrollinginterest": 9792000,
        "netincomeloss": 114488000,
        "incomelossfromcontinuingoperations": 130438000,
        "incomelossfromdiscontinuedoperationsnetoftaxattributabletoreportingentity": -74622000,
        "incomelossfromcontinuingoperationsperbasicshare": 0.8199999999999998,
        "earningspersharebasic": 0.3500000000000001,
        "incomelossfromcontinuingoperationsperdilutedshare": 0.81,
        "earningspersharediluted": 0.3500000000000001,
        "commonstockdividendspersharedeclared": 0.29999999999999993
    },
    {
        "date": "2012-09-29",
        "symbol": "DGX",
        "period": "Q3",
        "profitloss": 171538000,
        "othercomprehensiveincomelossforeigncurrencytransactionandtranslationadjustmentnetoftax": 22288000,
        "othercomprehensiveincomelossavailableforsalesecuritiesadjustmentnetoftax": -161000,
        "othercomprehensiveincomelossderivativesqualifyingashedgesnetoftax": 210000,
        "othercomprehensiveincomelossnetoftax": 22337000,
        "comprehensiveincomenetoftaxincludingportionattributabletononcontrollinginterest": 193875000,
        "comprehensiveincomenetoftaxattributabletononcontrollinginterest": 8456000,
        "comprehensiveincomenetoftax": 185419000,
        "salesrevenuenet": 1687512000,
        "costofrevenue": 1089718000,
        "sellinggeneralandadministrativeexpense": 432627000,
        "amortizationofintangibleassets": 19961000,
        "otheroperatingexpensenet": 400000,
        "costsandexpenses": 1542706000,
        "operatingincomeloss": -63346000,
        "interestexpensenet": 41028000,
        "incomelossfromequitymethodinvestments": 4662000,
        "othernonoperatingincomeexpense": 2472000,
        "nonoperatingincomeexpense": -33894000,
        "incomefromcontinuingoperationsbeforetaxes": 274839000,
        "incometaxexpensebenefit": 103340000,
        "incomelossfromcontinuingoperationsincludingportionattributabletononcontrollinginterest": 171499000,
        "incomelossfromdiscontinuedoperationsnetoftax": 39000,
        "netincomelossattributabletononcontrollinginterest": 8456000,
        "netincomeloss": 163082000,
        "incomelossfromcontinuingoperations": 163043000,
        "incomelossfromdiscontinuedoperationsnetoftaxattributabletoreportingentity": 39000,
        "incomelossfromcontinuingoperationsperbasicshare": 1.02,
        "earningspersharebasic": 1.02,
        "incomelossfromcontinuingoperationsperdilutedshare": 1.01,
        "earningspersharediluted": 1.01,
        "weightedaveragenumberofsharesoutstandingbasic": 158783000,
        "weightedaveragenumberofdilutedsharesoutstanding": 160702000,
        "commonstockdividendspersharedeclared": 0.17
    },
    {
        "date": "2012-06-29",
        "symbol": "DGX",
        "period": "Q2",
        "profitloss": 186473000,
        "othercomprehensiveincomelossforeigncurrencytransactionandtranslationadjustmentnetoftax": -19183000,
        "othercomprehensiveincomelossavailableforsalesecuritiesadjustmentnetoftax": 44000,
        "othercomprehensiveincomelossderivativesqualifyingashedgesnetoftax": 210000,
        "othercomprehensiveincomelossnetoftax": -18929000,
        "comprehensiveincomenetoftaxincludingportionattributabletononcontrollinginterest": 167544000,
        "comprehensiveincomenetoftaxattributabletononcontrollinginterest": 8768000,
        "comprehensiveincomenetoftax": 158776000,
        "salesrevenuenet": 167718000,
        "costofrevenue": 1110514000,
        "sellinggeneralandadministrativeexpense": 440788000,
        "amortizationofintangibleassets": 20169000,
        "otheroperatingexpensenet": 591000,
        "costsandexpenses": 1572062000,
        "operatingincomeloss": -56205000,
        "interestexpensenet": 41942000,
        "incomelossfromequitymethodinvestments": 7372000,
        "othernonoperatingincomeexpense": -1256000,
        "nonoperatingincomeexpense": -35826000,
        "incomefromcontinuingoperationsbeforetaxes": 298922000,
        "incometaxexpensebenefit": 112394000,
        "incomelossfromcontinuingoperationsincludingportionattributabletononcontrollinginterest": 186528000,
        "incomelossfromdiscontinuedoperationsnetoftax": -55000,
        "netincomelossattributabletononcontrollinginterest": 8768000,
        "netincomeloss": 177705000,
        "incomelossfromcontinuingoperations": 177760000,
        "incomelossfromdiscontinuedoperationsnetoftaxattributabletoreportingentity": -55000,
        "incomelossfromcontinuingoperationsperbasicshare": 1.12,
        "earningspersharebasic": 1.12,
        "incomelossfromcontinuingoperationsperdilutedshare": 1.11,
        "earningspersharediluted": 1.11,
        "weightedaveragenumberofsharesoutstandingbasic": 158477000,
        "weightedaveragenumberofdilutedsharesoutstanding": 159784000,
        "commonstockdividendspersharedeclared": 0.17
    },
    {
        "date": "2012-03-30",
        "symbol": "DGX",
        "period": "Q1",
        "profitloss": 16648000,
        "othercomprehensiveincomeforeigncurrencytransactionandtranslationadjustmentnetoftaxperiodincreasedecrease": 18216000,
        "othercomprehensiveincomeavailableforsalesecuritiesadjustmentnetoftaxperiodincreasedecrease": 201000,
        "othercomprehensiveincomederivativesqualifyingashedgesnetoftaxperiodincreasedecrease": 210000,
        "othercomprehensiveincomelossnetoftaxperiodincreasedecrease": 18216000,
        "comprehensiveincomenetoftaxincludingportionattributabletononcontrollinginterest": -107697000,
        "comprehensiveincomenetoftaxattributabletononcontrollinginterest": 9397000,
        "comprehensiveincomenetoftax": 159529000,
        "salesrevenuenet": 1615622000,
        "costofrevenue": 930385000,
        "sellinggeneralandadministrativeexpense": 335493000,
        "amortizationofintangibleassets": 287000,
        "otheroperatingexpenseincomenet": -127000,
        "costsandexpenses": -7699000,
        "operatingincomeloss": 224856000,
        "interestexpensenet": 42333000,
        "incomelossfromequitymethodinvestments": 7609000,
        "othernonoperatingincomeexpense": 4757000,
        "nonoperatingincomeexpense": 2890000,
        "incomefromcontinuingoperationsbeforetaxes": 269618000,
        "incometaxexpensebenefit": 64388000,
        "incomelossfromcontinuingoperationsincludingportionattributabletononcontrollinginterest": 100172000,
        "incomelossfromdiscontinuedoperationsnetoftax": 274000,
        "netincomelossattributabletononcontrollinginterest": 9397000,
        "netincomeloss": 100446000,
        "incomelossfromcontinuingoperations": 158844000,
        "incomelossfromdiscontinuedoperationsnetoftaxattributabletoreportingentity": 274000,
        "incomelossfromcontinuingoperationsperbasicshare": 1,
        "earningspersharebasic": 1,
        "incomelossfromcontinuingoperationsperdilutedshare": 0.99,
        "earningspersharediluted": 0.99,
        "weightedaveragenumberofsharesoutstandingbasic": 158293000,
        "weightedaveragenumberofdilutedsharesoutstanding": 159706000,
        "commonstockdividendspersharedeclared": 0.17
    },
    {
        "date": "2011-09-29",
        "symbol": "DGX",
        "period": "Q3",
        "salesrevenuenet": 195552000,
        "costofrevenue": 130350000,
        "sellinggeneralandadministrativeexpense": 29507000,
        "amortizationofintangibleassets": 392000,
        "otheroperatingexpenseincomenet": -382000,
        "costsandexpenses": 55754000,
        "operatingincomeloss": 139798000,
        "interestexpensenet": 43408000,
        "incomelossfromequitymethodinvestments": 7301000,
        "othernonoperatingincomeexpense": -2677000,
        "nonoperatingincomeexpense": -43595000,
        "incomefromcontinuingoperationsbeforetaxes": 283269000,
        "incometaxexpensebenefit": 32178000,
        "incomelossfromcontinuingoperationsincludingportionattributabletononcontrollinginterest": 64025000,
        "incomelossfromdiscontinuedoperationsnetoftax": -250000,
        "profitloss": 171848000,
        "netincomelossattributabletononcontrollinginterest": 10045000,
        "netincomeloss": 171848000,
        "incomelossfromcontinuingoperations": 172098000,
        "incomelossfromdiscontinuedoperationsnetoftaxattributabletoreportingentity": -250000,
        "incomelossfromcontinuingoperationsperbasicshare": 1.08,
        "earningspersharebasic": 1.07,
        "incomelossfromcontinuingoperationsperdilutedshare": 1.07,
        "earningspersharediluted": 1.07,
        "weightedaveragenumberofsharesoutstandingbasic": -577000,
        "weightedaveragenumberofdilutedsharesoutstanding": -759000,
        "commonstockdividendspersharedeclared": 0.09999999999999998
    },
    {
        "date": "2011-06-29",
        "symbol": "DGX",
        "period": "Q2",
        "salesrevenuenet": 203321000,
        "costofrevenue": 121342000,
        "sellinggeneralandadministrativeexpense": 35526000,
        "amortizationofintangibleassets": 543000,
        "otheroperatingexpenseincomenet": 28000,
        "costsandexpenses": 53021000,
        "operatingincomeloss": 150300000,
        "interestexpensenet": 46581000,
        "incomelossfromequitymethodinvestments": 7869000,
        "othernonoperatingincomeexpense": -346000,
        "nonoperatingincomeexpense": -45706000,
        "incomefromcontinuingoperationsbeforetaxes": 277796000,
        "incometaxexpensebenefit": 40382000,
        "incomelossfromcontinuingoperationsincludingportionattributabletononcontrollinginterest": 64212000,
        "incomelossfromdiscontinuedoperationsnetoftax": -507000,
        "profitloss": 163143000,
        "netincomelossattributabletononcontrollinginterest": 8384000,
        "netincomeloss": 163143000,
        "incomelossfromcontinuingoperations": 163650000,
        "incomelossfromdiscontinuedoperationsnetoftaxattributabletoreportingentity": -507000,
        "incomelossfromcontinuingoperationsperbasicshare": 1.01,
        "earningspersharebasic": 1.01,
        "incomelossfromcontinuingoperationsperdilutedshare": 1.01,
        "earningspersharediluted": 1,
        "weightedaveragenumberofsharesoutstandingbasic": -1941000,
        "weightedaveragenumberofdilutedsharesoutstanding": -211000,
        "commonstockdividendspersharedeclared": 0.1
    },
    {
        "date": "2011-03-30",
        "symbol": "DGX",
        "period": "Q1",
        "salesrevenuenet": 198489000,
        "costofrevenue": 123591000,
        "sellinggeneralandadministrativeexpense": 38436000,
        "amortizationofintangibleassets": 163000,
        "otheroperatingexpenseincomenet": 236278000,
        "costsandexpenses": 296112000,
        "operatingincomeloss": -97623000,
        "interestexpensenet": 37929000,
        "incomelossfromequitymethodinvestments": 7699000,
        "othernonoperatingincomeexpense": 2208000,
        "nonoperatingincomeexpense": -38420000,
        "incomefromcontinuingoperationsbeforetaxes": 2938000,
        "incometaxexpensebenefit": -3614000,
        "incomelossfromcontinuingoperationsincludingportionattributabletononcontrollinginterest": -132429000,
        "incomelossfromdiscontinuedoperationsnetoftax": -374000,
        "profitloss": -53861000,
        "netincomelossattributabletononcontrollinginterest": 7199000,
        "netincomeloss": -53861000,
        "incomelossfromcontinuingoperations": -53487000,
        "incomelossfromdiscontinuedoperationsnetoftaxattributabletoreportingentity": -374000,
        "incomelossfromcontinuingoperationsperbasicshare": -0.33,
        "earningspersharebasic": -0.33,
        "incomelossfromcontinuingoperationsperdilutedshare": -0.33,
        "earningspersharediluted": -0.33,
        "weightedaveragenumberofsharesoutstandingbasic": 161489000,
        "weightedaveragenumberofdilutedsharesoutstanding": 161489000,
        "commonstockdividendspersharedeclared": 0.1
    },
    {
        "date": "2010-09-29",
        "symbol": "DGX",
        "period": "Q3",
        "salesrevenuenet": 209156000,
        "costofrevenue": 133527000,
        "sellinggeneralandadministrativeexpense": 32043000,
        "amortizationofintangibleassets": 618000,
        "otheroperatingexpenseincomenet": 1499000,
        "costsandexpenses": 62632000,
        "operatingincomeloss": 146524000,
        "interestexpensenet": 36200000,
        "incomelossfromequitymethodinvestments": 7201000,
        "othernonoperatingincomeexpense": 3150000,
        "nonoperatingincomeexpense": -33314000,
        "incomefromcontinuingoperationsbeforetaxes": 311018000,
        "incometaxexpensebenefit": 29294000,
        "incomelossfromcontinuingoperationsincludingportionattributabletononcontrollinginterest": 83916000,
        "incomelossfromdiscontinuedoperationsnetoftax": -360000,
        "profitloss": 198075000,
        "netincomelossattributabletononcontrollinginterest": 9681000,
        "netincomeloss": 198075000,
        "incomelossfromcontinuingoperations": 198435000,
        "incomelossfromdiscontinuedoperationsnetoftaxattributabletoreportingentity": -360000,
        "incomelossfromcontinuingoperationsperbasicshare": 1.14,
        "earningspersharebasic": 1.14,
        "incomelossfromcontinuingoperationsperdilutedshare": 1.13,
        "earningspersharediluted": 1.13,
        "weightedaveragenumberofsharesoutstandingbasic": 173229000,
        "weightedaveragenumberofdilutedsharesoutstanding": 174315000,
        "commonstockdividendspersharedeclared": 0.1
    },
    {
        "date": "2010-06-29",
        "symbol": "DGX",
        "period": "Q2",
        "salesrevenuenet": 218419000,
        "costofrevenue": 129236000,
        "sellinggeneralandadministrativeexpense": 21273000,
        "amortizationofintangibleassets": 18000,
        "otheroperatingexpenseincomenet": -1346000,
        "costsandexpenses": 43865000,
        "operatingincomeloss": 174554000,
        "interestexpensenet": 36367000,
        "incomelossfromequitymethodinvestments": 7385000,
        "othernonoperatingincomeexpense": -7119000,
        "nonoperatingincomeexpense": -39974000,
        "incomefromcontinuingoperationsbeforetaxes": 329793000,
        "incometaxexpensebenefit": 52577000,
        "incomelossfromcontinuingoperationsincludingportionattributabletononcontrollinginterest": 82003000,
        "incomelossfromdiscontinuedoperationsnetoftax": -266000,
        "profitloss": 194615000,
        "netincomelossattributabletononcontrollinginterest": 9261000,
        "netincomeloss": 194615000,
        "incomelossfromcontinuingoperations": 194881000,
        "incomelossfromdiscontinuedoperationsnetoftaxattributabletoreportingentity": -266000,
        "incomelossfromcontinuingoperationsperbasicshare": 1.08,
        "earningspersharebasic": 1.08,
        "incomelossfromcontinuingoperationsperdilutedshare": 1.07,
        "earningspersharediluted": 1.07,
        "weightedaveragenumberofsharesoutstandingbasic": 178920000,
        "weightedaveragenumberofdilutedsharesoutstanding": 180760000,
        "commonstockdividendspersharedeclared": 0.1
    },
    {
        "date": "2010-03-30",
        "symbol": "DGX",
        "period": "Q1",
        "salesrevenuenet": 1805503000,
        "costofrevenue": 1066373000,
        "sellinggeneralandadministrativeexpense": 430733000,
        "amortizationofintangibleassets": 9359000,
        "otheroperatingexpenseincomenet": 476000,
        "costsandexpenses": 1506941000,
        "operatingincomeloss": 298562000,
        "interestexpensenet": 35955000,
        "incomelossfromequitymethodinvestments": 7964000,
        "othernonoperatingincomeexpense": 6012000,
        "nonoperatingincomeexpense": -21979000,
        "incomefromcontinuingoperationsbeforetaxes": 276583000,
        "incometaxexpensebenefit": 105378000,
        "incomelossfromcontinuingoperationsincludingportionattributabletononcontrollinginterest": 171205000,
        "incomelossfromdiscontinuedoperationsnetoftax": -52000,
        "profitloss": 171153000,
        "netincomelossattributabletononcontrollinginterest": 8705000,
        "netincomeloss": 162448000,
        "incomelossfromcontinuingoperations": 162500000,
        "incomelossfromdiscontinuedoperationsnetoftaxattributabletoreportingentity": -52000,
        "incomelossfromcontinuingoperationsperbasicshare": 0.9,
        "earningspersharebasic": 0.9,
        "incomelossfromcontinuingoperationsperdilutedshare": 0.89,
        "earningspersharediluted": 0.89,
        "weightedaveragenumberofsharesoutstandingbasic": 180219,
        "weightedaveragenumberofdilutedsharesoutstanding": 182383,
        "commonstockdividendspersharedeclared": 0.1
    }
]