[
    {
        "date": "2024-09-29",
        "symbol": "IP",
        "period": "Q3",
        "revenuefromcontractwithcustomerexcludingassessedtax": 4686000000,
        "costofgoodsandservicessold": 3342000000,
        "sellinggeneralandadministrativeexpense": 508000000,
        "depreciationdepletionandamortization": 267000000,
        "distributionexpenses": 357000000,
        "taxesother": 37000000,
        "restructuringcharges": 1000000,
        "interestincomeexpensenet": -51000000,
        "netperiodicdefinedbenefitsexpensereversalofexpenseexcludingservicecostcomponent": -12000000,
        "incomelossfromcontinuingoperationsbeforeincometaxesminorityinterestandincomelossfromequitymethodinvestments": 80000000,
        "incometaxexpensebenefit": -71000000,
        "incomelossfromequitymethodinvestments": -1000000,
        "incomelossfromcontinuingoperationsincludingportionattributabletononcontrollinginterest": 150000000,
        "profitloss": 150000000,
        "incomelossfromcontinuingoperationsperbasicshare": 0.43,
        "earningspersharebasic": 0.43,
        "incomelossfromcontinuingoperationsperdilutedshare": 0.42,
        "earningspersharediluted": 0.42,
        "weightedaveragenumberofdilutedsharesoutstanding": 353400000,
        "othercomprehensiveincomedefinedbenefitplansnetunamortizedgainlossarisingduringperiodnetoftax": 18000000,
        "othercomprehensiveincomelossforeigncurrencytransactionandtranslationadjustmentnetoftax": 8000000,
        "othercomprehensiveincomelossnetoftax": 26000000,
        "comprehensiveincomenetoftaxincludingportionattributabletononcontrollinginterest": 176000000
    },
    {
        "date": "2024-06-29",
        "symbol": "IP",
        "period": "Q2",
        "revenuefromcontractwithcustomerexcludingassessedtax": 4734000000,
        "costofgoodsandservicessold": 3360000000,
        "sellinggeneralandadministrativeexpense": 453000000,
        "depreciationdepletionandamortization": 261000000,
        "distributionexpenses": 379000000,
        "taxesother": 35000000,
        "gainlossondispositionofassets1": 5000000,
        "interestincomeexpensenet": -55000000,
        "netperiodicdefinedbenefitsexpensereversalofexpenseexcludingservicecostcomponent": -10000000,
        "incomelossfromcontinuingoperationsbeforeincometaxesminorityinterestandincomelossfromequitymethodinvestments": 206000000,
        "incometaxexpensebenefit": -293000000,
        "incomelossfromequitymethodinvestments": -1000000,
        "incomelossfromcontinuingoperationsincludingportionattributabletononcontrollinginterest": 498000000,
        "profitloss": 498000000,
        "incomelossfromcontinuingoperationsperbasicshare": 1.43,
        "earningspersharebasic": 1.43,
        "incomelossfromcontinuingoperationsperdilutedshare": 1.41,
        "earningspersharediluted": 1.41,
        "weightedaveragenumberofdilutedsharesoutstanding": 352800000,
        "othercomprehensiveincomedefinedbenefitplansnetunamortizedgainlossarisingduringperiodnetoftax": 17000000,
        "othercomprehensiveincomelossforeigncurrencytransactionandtranslationadjustmentnetoftax": -39000000,
        "othercomprehensiveincomelossnetoftax": -22000000,
        "comprehensiveincomenetoftaxincludingportionattributabletononcontrollinginterest": 476000000
    },
    {
        "date": "2023-09-29",
        "symbol": "IP",
        "period": "Q3",
        "revenuefromcontractwithcustomerexcludingassessedtax": 4613000000,
        "costofgoodsandservicessold": 3345000000,
        "sellinggeneralandadministrativeexpense": 286000000,
        "depreciationdepletionandamortization": 258000000,
        "distributionexpenses": 382000000,
        "taxesother": 39000000,
        "interestincomeexpensenet": -58000000,
        "netperiodicdefinedbenefitsexpensereversalofexpenseexcludingservicecostcomponent": 13000000,
        "incomelossfromcontinuingoperationsbeforeincometaxesminorityinterestandincomelossfromequitymethodinvestments": 232000000,
        "incometaxexpensebenefit": 39000000,
        "incomelossfromequitymethodinvestments": -1000000,
        "incomelossfromcontinuingoperationsincludingportionattributabletononcontrollinginterest": 192000000,
        "incomelossfromdiscontinuedoperationsnetoftaxattributabletoreportingentity": -27000000,
        "profitloss": 165000000,
        "incomelossfromcontinuingoperationsperbasicshare": 0.55,
        "incomelossfromdiscontinuedoperationsnetoftaxperbasicshare": -0.08,
        "earningspersharebasic": 0.47,
        "incomelossfromcontinuingoperationsperdilutedshare": 0.55,
        "incomelossfromdiscontinuedoperationsnetoftaxperdilutedshare": -0.08,
        "earningspersharediluted": 0.47,
        "weightedaveragenumberofdilutedsharesoutstanding": 348100000,
        "othercomprehensiveincomedefinedbenefitplansnetunamortizedgainlossarisingduringperiodnetoftax": 22000000,
        "othercomprehensiveincomelossforeigncurrencytransactionandtranslationadjustmentnetoftax": 438000000,
        "othercomprehensiveincomelossnetoftax": 460000000,
        "comprehensiveincomenetoftaxincludingportionattributabletononcontrollinginterest": 625000000
    },
    {
        "date": "2023-06-29",
        "symbol": "IP",
        "period": "Q2",
        "revenuefromcontractwithcustomerexcludingassessedtax": 4682000000,
        "costofgoodsandservicessold": 3360000000,
        "sellinggeneralandadministrativeexpense": 336000000,
        "depreciationdepletionandamortization": 244000000,
        "distributionexpenses": 376000000,
        "taxesother": 40000000,
        "interestincomeexpensenet": -59000000,
        "netperiodicdefinedbenefitsexpensereversalofexpenseexcludingservicecostcomponent": 12000000,
        "incomelossfromcontinuingoperationsbeforeincometaxesminorityinterestandincomelossfromequitymethodinvestments": 255000000,
        "incometaxexpensebenefit": 33000000,
        "incomelossfromequitymethodinvestments": 46000000,
        "incomelossfromcontinuingoperationsincludingportionattributabletononcontrollinginterest": 222000000,
        "incomelossfromdiscontinuedoperationsnetoftaxattributabletoreportingentity": 13000000,
        "profitloss": 235000000,
        "incomelossfromcontinuingoperationsperbasicshare": 0.64,
        "incomelossfromdiscontinuedoperationsnetoftaxperbasicshare": 0.04,
        "earningspersharebasic": 0.68,
        "incomelossfromcontinuingoperationsperdilutedshare": 0.64,
        "incomelossfromdiscontinuedoperationsnetoftaxperdilutedshare": 0.04,
        "earningspersharediluted": 0.68,
        "weightedaveragenumberofdilutedsharesoutstanding": 346500000,
        "othercomprehensiveincomedefinedbenefitplansnetunamortizedgainlossarisingduringperiodnetoftax": 21000000,
        "othercomprehensiveincomelossforeigncurrencytransactionandtranslationadjustmentnetoftax": 30000000,
        "othercomprehensiveincomelossnetoftax": -9000000,
        "comprehensiveincomenetoftaxincludingportionattributabletononcontrollinginterest": 226000000
    },
    {
        "date": "2021-09-29",
        "symbol": "IP",
        "period": "Q3",
        "revenuefromcontractwithcustomerexcludingassessedtax": 5714000000,
        "costofgoodsandservicessold": 3924000000,
        "sellinggeneralandadministrativeexpense": 434000000,
        "depreciationdepletionandamortization": 318000000,
        "distributionexpenses": 446000000,
        "taxesother": 42000000,
        "restructuringcharges": 39000000,
        "gainlossonsalesofassetsandassetimpairmentcharges": 360000000,
        "gainlossonsaleofstockinsubsidiaryorequitymethodinvestee": 1000000,
        "interestincomeexpensenet": -93000000,
        "netperiodicdefinedbenefitsexpensereversalofexpenseexcludingservicecostcomponent": -51000000,
        "incomelossfromcontinuingoperationsbeforeincometaxesminorityinterestandincomelossfromequitymethodinvestments": 916000000,
        "incometaxexpensebenefit": 146000000,
        "incomelossfromequitymethodinvestments": 94000000,
        "profitloss": 864000000,
        "netincomeloss": 864000000,
        "earningspersharebasic": 2.2199999999999998,
        "earningspersharediluted": 2.1900000000000004,
        "weightedaveragenumberofdilutedsharesoutstanding": -396300000,
        "othercomprehensiveincomedefinedbenefitplansnetunamortizedgainlossarisingduringperiodnetoftax": 31000000,
        "othercomprehensiveincomelossforeigncurrencytransactionandtranslationadjustmentnetoftax": -70000000,
        "othercomprehensiveincomelosscashflowhedgegainlossbeforereclassificationaftertax": -4000000,
        "othercomprehensiveincomelosscashflowhedgegainlossreclassificationaftertax": 8000000,
        "othercomprehensiveincomelossnetoftax": 780000000,
        "comprehensiveincomenetoftaxincludingportionattributabletononcontrollinginterest": 1644000000,
        "othercomprehensiveincomelossnetoftaxportionattributabletononcontrollinginterest": 0,
        "comprehensiveincomenetoftax": 1644000000
    },
    {
        "date": "2021-06-29",
        "symbol": "IP",
        "period": "Q2",
        "revenuefromcontractwithcustomerexcludingassessedtax": 5616000000,
        "costofgoodsandservicessold": 3913000000,
        "sellinggeneralandadministrativeexpense": 460000000,
        "depreciationdepletionandamortization": 306000000,
        "distributionexpenses": 420000000,
        "taxesother": 45000000,
        "restructuringcharges": 174000000,
        "gainlossonsalesofassetsandassetimpairmentcharges": 9000000,
        "gainlossonsaleofstockinsubsidiaryorequitymethodinvestee": 130000000,
        "interestincomeexpensenet": -57000000,
        "netperiodicdefinedbenefitsexpensereversalofexpenseexcludingservicecostcomponent": -52000000,
        "incomelossfromcontinuingoperationsbeforeincometaxesminorityinterestandincomelossfromequitymethodinvestments": 432000000,
        "incometaxexpensebenefit": 102000000,
        "incomelossfromequitymethodinvestments": 104000000,
        "profitloss": 434000000,
        "netincomelossattributabletononcontrollinginterest": 2000000,
        "netincomeloss": 432000000,
        "earningspersharebasic": 1.1,
        "earningspersharediluted": 1.09,
        "weightedaveragenumberofdilutedsharesoutstanding": 396800000,
        "othercomprehensiveincomedefinedbenefitplansnetunamortizedgainlossarisingduringperiodnetoftax": 36000000,
        "othercomprehensiveincomelosspensionandotherpostretirementbenefitplansadjustmentnetoftax": -1000000,
        "othercomprehensiveincomelossforeigncurrencytransactionandtranslationadjustmentnetoftax": 312000000,
        "othercomprehensiveincomelosscashflowhedgegainlossbeforereclassificationaftertax": 13000000,
        "othercomprehensiveincomelosscashflowhedgegainlossreclassificationaftertax": 4000000,
        "othercomprehensiveincomelossnetoftax": 358000000,
        "comprehensiveincomenetoftaxincludingportionattributabletononcontrollinginterest": 792000000,
        "othercomprehensiveincomelossnetoftaxportionattributabletononcontrollinginterest": -1000000,
        "comprehensiveincomenetoftax": 791000000
    },
    {
        "date": "2021-03-30",
        "symbol": "IP",
        "period": "Q1",
        "revenuefromcontractwithcustomerexcludingassessedtax": 5363000000,
        "costofgoodsandservicessold": 3847000000,
        "sellinggeneralandadministrativeexpense": 361000000,
        "depreciationdepletionandamortization": 309000000,
        "distributionexpenses": 406000000,
        "taxesother": 44000000,
        "restructuringcharges": 30000000,
        "gainlossonsalesofassetsandassetimpairmentcharges": -2000000,
        "gainlossonsaleofstockinsubsidiaryorequitymethodinvestee": 74000000,
        "interestincomeexpensenet": -92000000,
        "netperiodicdefinedbenefitsexpensereversalofexpenseexcludingservicecostcomponent": -53000000,
        "incomelossfromcontinuingoperationsbeforeincometaxesminorityinterestandincomelossfromequitymethodinvestments": 399000000,
        "incometaxexpensebenefit": 99000000,
        "incomelossfromequitymethodinvestments": 49000000,
        "netincomeloss": 349000000,
        "earningspersharebasic": 0.89,
        "earningspersharediluted": 0.88,
        "weightedaveragenumberofdilutedsharesoutstanding": 394800000,
        "profitloss": 349000000,
        "othercomprehensiveincomedefinedbenefitplansnetunamortizedgainlossarisingduringperiodnetoftax": 34000000,
        "othercomprehensiveincomelossforeigncurrencytransactionandtranslationadjustmentnetoftax": -143000000,
        "othercomprehensiveincomelosscashflowhedgegainlossbeforereclassificationaftertax": -6000000,
        "othercomprehensiveincomelosscashflowhedgegainlossreclassificationaftertax": -3000000,
        "othercomprehensiveincomelossnetoftax": -112000000,
        "comprehensiveincomenetoftaxincludingportionattributabletononcontrollinginterest": 237000000,
        "othercomprehensiveincomelossnetoftaxportionattributabletononcontrollinginterest": -1000000,
        "comprehensiveincomenetoftax": 238000000
    },
    {
        "date": "2020-12-30",
        "symbol": "IP",
        "period": "Q4",
        "costofgoodsandservicessold": 3659000000,
        "sellinggeneralandadministrativeexpense": 410000000,
        "depreciationdepletionandamortization": 332000000,
        "distributionexpenses": 402000000,
        "taxesother": 42000000,
        "restructuringcharges": 64000000,
        "gainlossonsalesofassetsandassetimpairmentcharges": -118000000,
        "interestincomeexpensenet": -99000000,
        "netperiodicdefinedbenefitsexpensereversalofexpenseexcludingservicecostcomponent": -10000000,
        "incomelossfromcontinuingoperationsbeforeincometaxesminorityinterestandincomelossfromequitymethodinvestments": 123000000,
        "incometaxexpensebenefit": 158000000,
        "incomelossfromequitymethodinvestments": 78000000,
        "profitloss": 475000000,
        "netincomeloss": 236000000,
        "earningspersharebasic": 0.39,
        "earningspersharediluted": 0.39,
        "othercomprehensiveincomelossforeigncurrencytransactionandtranslationadjustmentnetoftax": 523000000,
        "othercomprehensiveincomelossnetoftax": 792000000,
        "comprehensiveincomenetoftaxincludingportionattributabletononcontrollinginterest": 945000000,
        "comprehensiveincomenetoftax": 943000000
    },
    {
        "date": "2020-09-29",
        "symbol": "IP",
        "period": "Q3",
        "revenuefromcontractwithcustomerexcludingassessedtax": 743000000,
        "costofgoodsandservicessold": 3541000000,
        "sellinggeneralandadministrativeexpense": 360000000,
        "depreciationdepletionandamortization": 320000000,
        "distributionexpenses": 377000000,
        "taxesother": 44000000,
        "restructuringcharges": 105000000,
        "gainlossonsalesofassetsandassetimpairmentcharges": 5000000,
        "interestincomeexpensenet": -112000000,
        "netperiodicdefinedbenefitsexpensereversalofexpenseexcludingservicecostcomponent": -11000000,
        "incomelossfromcontinuingoperationsbeforeincometaxesminorityinterestandincomelossfromequitymethodinvestments": 282000000,
        "incometaxexpensebenefit": -2000000,
        "incomelossfromequitymethodinvestments": -33000000,
        "profitloss": -60000000,
        "netincomeloss": 204000000,
        "earningspersharebasic": 0.52,
        "earningspersharediluted": 0.51,
        "weightedaveragenumberofdilutedsharesoutstanding": 500000,
        "othercomprehensiveincomelossforeigncurrencytransactionandtranslationadjustmentnetoftax": -28000000,
        "othercomprehensiveincomelossnetoftax": 17000000,
        "comprehensiveincomenetoftaxincludingportionattributabletononcontrollinginterest": 221000000,
        "comprehensiveincomenetoftax": 221000000
    },
    {
        "date": "2020-06-29",
        "symbol": "IP",
        "period": "Q2",
        "revenuefromcontractwithcustomerexcludingassessedtax": 583000000,
        "costofgoodsandservicessold": 3427000000,
        "sellinggeneralandadministrativeexpense": 332000000,
        "depreciationdepletionandamortization": 312000000,
        "distributionexpenses": 365000000,
        "taxesother": 41000000,
        "restructuringcharges": 18000000,
        "gainlossonsalesofassetsandassetimpairmentcharges": -8000000,
        "interestincomeexpensenet": -116000000,
        "netperiodicdefinedbenefitsexpensereversalofexpenseexcludingservicecostcomponent": -14000000,
        "incomelossfromcontinuingoperationsbeforeincometaxesminorityinterestandincomelossfromequitymethodinvestments": 261000000,
        "incometaxexpensebenefit": -5000000,
        "incomelossfromequitymethodinvestments": 63000000,
        "profitloss": 208000000,
        "netincomeloss": 183000000,
        "earningspersharebasic": 0.6799999999999999,
        "earningspersharediluted": 0.6799999999999999,
        "weightedaveragenumberofdilutedsharesoutstanding": 1400000,
        "othercomprehensiveincomelossforeigncurrencytransactionandtranslationadjustmentnetoftax": 57000000,
        "othercomprehensiveincomelossnetoftax": 105000000,
        "comprehensiveincomenetoftaxincludingportionattributabletononcontrollinginterest": 371000000,
        "comprehensiveincomenetoftaxattributabletononcontrollinginterest": 1000000,
        "comprehensiveincomenetoftax": 372000000
    },
    {
        "date": "2020-03-30",
        "symbol": "IP",
        "period": "Q1",
        "profitloss": -141000000,
        "othercomprehensiveincomelossamortizationadjustmentfromaocipensionandotherpostretirementbenefitplansfornetpriorservicecostcreditnetoftax": -46000000,
        "othercomprehensiveincomelossforeigncurrencytransactionandtranslationadjustmentnetoftax": -544000000,
        "othercomprehensiveincomelossderivativesqualifyingashedgesnetoftax": -30000000,
        "othercomprehensiveincomelossreclassificationadjustmentfromaocionderivativesnetoftax": -11000000,
        "othercomprehensiveincomelossnetoftax": -517000000,
        "comprehensiveincomenetoftaxincludingportionattributabletononcontrollinginterest": -658000000,
        "netincomelossattributabletononcontrollinginterest": 11000000,
        "comprehensiveincomenetoftaxattributabletononcontrollinginterest": -1000000,
        "comprehensiveincomenetoftax": -657000000,
        "revenuefromcontractwithcustomerexcludingassessedtax": 5352000000,
        "costofgoodsandservicessold": 3746000000,
        "sellinggeneralandadministrativeexpense": 418000000,
        "depreciationdepletionandamortization": 323000000,
        "distributionexpenses": 407000000,
        "taxesother": 44000000,
        "restructuringcharges": 8000000,
        "gainlossonsalesofassetsandassetimpairmentcharges": -344000000,
        "gainlossonsaleofequityinvestments": 33000000,
        "interestincomeexpensenet": -117000000,
        "netperiodicdefinedbenefitsexpensereversalofexpenseexcludingservicecostcomponent": -6000000,
        "incomelossfromcontinuingoperationsbeforeincometaxesminorityinterestandincomelossfromequitymethodinvestments": -16000000,
        "incometaxexpensebenefit": 94000000,
        "incomelossfromequitymethodinvestments": -31000000,
        "netincomeloss": -141000000,
        "earningspersharebasic": -0.36,
        "earningspersharediluted": -0.36,
        "weightedaveragenumberofdilutedsharesoutstanding": 392600000
    },
    {
        "date": "2019-09-29",
        "symbol": "IP",
        "period": "Q3",
        "profitloss": 342000000,
        "othercomprehensiveincomelossamortizationadjustmentfromaocipensionandotherpostretirementbenefitplansfornetpriorservicecostcreditnetoftax": -41000000,
        "othercomprehensiveincomelossforeigncurrencytransactionandtranslationadjustmentnetoftax": -179000000,
        "othercomprehensiveincomelossderivativesqualifyingashedgesnetoftax": -10000000,
        "othercomprehensiveincomelossreclassificationadjustmentfromaocionderivativesnetoftax": -4000000,
        "othercomprehensiveincomelossnetoftax": -144000000,
        "comprehensiveincomenetoftaxincludingportionattributabletononcontrollinginterest": 198000000,
        "netincomelossattributabletononcontrollinginterest": -2000000,
        "comprehensiveincomenetoftax": 200000000,
        "revenuefromcontractwithcustomerexcludingassessedtax": 5568000000,
        "costofgoodsandservicessold": 3772000000,
        "sellinggeneralandadministrativeexpense": 387000000,
        "depreciationdepletionandamortization": 327000000,
        "distributionexpenses": 395000000,
        "taxesother": 42000000,
        "restructuringcharges": 21000000,
        "gainlossonsalesofassetsandassetimpairmentcharges": -8000000,
        "gainlossrelatedtolitigationsettlement": -32000000,
        "interestincomeexpensenet": -123000000,
        "netperiodicdefinedbenefitsexpensereversalofexpenseexcludingservicecostcomponent": 9000000,
        "incomelossfromcontinuingoperationsbeforeincometaxesminorityinterestandincomelossfromequitymethodinvestments": 452000000,
        "incometaxexpensebenefit": 137000000,
        "incomelossfromequitymethodinvestments": 27000000,
        "incomelossfromcontinuingoperationsincludingportionattributabletononcontrollinginterest": 342000000,
        "netincomeloss": 344000000,
        "incomelossfromcontinuingoperationsperbasicshare": 0.88,
        "earningspersharebasic": 0.88,
        "incomelossfromcontinuingoperationsperdilutedshare": 0.87,
        "earningspersharediluted": 0.87,
        "weightedaveragenumberofdilutedsharesoutstanding": 395400000
    },
    {
        "date": "2019-06-29",
        "symbol": "IP",
        "period": "Q2",
        "profitloss": 286000000,
        "othercomprehensiveincomelossamortizationadjustmentfromaocipensionandotherpostretirementbenefitplansfornetpriorservicecostcreditnetoftax": -40000000,
        "othercomprehensiveincomelossforeigncurrencytransactionandtranslationadjustmentnetoftax": 61000000,
        "othercomprehensiveincomelossreclassificationadjustmentfromaocionderivativesnetoftax": 0,
        "othercomprehensiveincomelossnetoftax": 105000000,
        "comprehensiveincomenetoftaxincludingportionattributabletononcontrollinginterest": 447000000,
        "netincomelossattributabletononcontrollinginterest": -6000000,
        "comprehensiveincomenetoftax": 397000000,
        "revenuefromcontractwithcustomerexcludingassessedtax": 10245000000,
        "sellinggeneralandadministrativeexpense": 402000000,
        "depreciationdepletionandamortization": 321000000,
        "distributionexpenses": 384000000,
        "taxesother": 43000000,
        "gainlossonsalesofassetsandassetimpairmentcharges": -152000000,
        "interestincomeexpensenet": -122000000,
        "netperiodicdefinedbenefitsexpensereversalofexpenseexcludingservicecostcomponent": 8000000,
        "incomelossfromcontinuingoperationsbeforeincometaxesminorityinterestandincomelossfromequitymethodinvestments": 334000000,
        "incometaxexpensebenefit": 128000000,
        "incomelossfromequitymethodinvestments": 80000000,
        "incomelossfromcontinuingoperationsincludingportionattributabletononcontrollinginterest": 286000000,
        "netincomeloss": 292000000,
        "incomelossfromcontinuingoperationsperbasicshare": 0.74,
        "earningspersharebasic": 0.74,
        "incomelossfromcontinuingoperationsperdilutedshare": 0.73,
        "earningspersharediluted": 0.73,
        "weightedaveragenumberofdilutedsharesoutstanding": -1800000
    },
    {
        "date": "2019-03-30",
        "symbol": "IP",
        "period": "Q1",
        "profitloss": 426000000,
        "othercomprehensiveincomelossamortizationadjustmentfromaocipensionandotherpostretirementbenefitplansfornetpriorservicecostcreditnetoftax": -41000000,
        "othercomprehensiveincomelossforeigncurrencytransactionandtranslationadjustmentnetoftax": 12000000,
        "othercomprehensiveincomelossreclassificationadjustmentfromaocionderivativesnetoftax": -1000000,
        "othercomprehensiveincomelossnetoftax": 54000000,
        "taxcutsandjobsactreclassificationfromaocitoretainedearningsnetoftax": -529000000,
        "comprehensiveincomenetoftaxincludingportionattributabletononcontrollinginterest": 424000000,
        "netincomelossattributabletononcontrollinginterest": 2000000,
        "comprehensiveincomenetoftax": 478000000,
        "revenuefromcontractwithcustomerexcludingassessedtax": 1065000000,
        "costofgoodssoldexcludingdepreciationdepletionandamortization": 3929000000,
        "sellinggeneralandadministrativeexpense": 413000000,
        "depreciationdepletionandamortization": 315000000,
        "distributionexpenses": 389000000,
        "taxesother": 43000000,
        "gainlossonsalesofassetsandassetimpairmentcharges": 7000000,
        "interestincomeexpensenet": -133000000,
        "netperiodicdefinedbenefitsexpensereversalofexpenseexcludingservicecostcomponent": 10000000,
        "incomelossfromcontinuingoperationsbeforeincometaxesminorityinterestandincomelossfromequitymethodinvestments": 418000000,
        "incometaxexpensebenefit": 106000000,
        "incomelossfromequitymethodinvestments": 114000000,
        "incomelossfromcontinuingoperationsincludingportionattributabletononcontrollinginterest": 426000000,
        "netincomeloss": 424000000,
        "incomelossfromcontinuingoperationsperbasicshare": 1.06,
        "earningspersharebasic": 1.06,
        "incomelossfromcontinuingoperationsperdilutedshare": 1.05,
        "earningspersharediluted": 1.05,
        "weightedaveragenumberofdilutedsharesoutstanding": 403200000,
        "commonstockdividendspersharecashpaid": 0.5,
        "incomelossfromcontinuingoperations": 424000000
    },
    {
        "date": "2018-09-29",
        "symbol": "IP",
        "period": "Q3",
        "profitloss": 563000000,
        "othercomprehensiveincomelossamortizationadjustmentfromaocipensionandotherpostretirementbenefitplansfornetpriorservicecostcreditnetoftax": -76000000,
        "othercomprehensiveincomelossforeigncurrencytransactionandtranslationadjustmentnetoftax": -87000000,
        "othercomprehensiveincomelossderivativesqualifyingashedgesnetoftax": 1000000,
        "othercomprehensiveincomelossreclassificationadjustmentfromaocionderivativesnetoftax": -2000000,
        "othercomprehensiveincomelossnetoftax": -8000000,
        "comprehensiveincomenetoftaxincludingportionattributabletononcontrollinginterest": 556000000,
        "netincomelossattributabletononcontrollinginterest": 0,
        "comprehensiveincomenetoftax": 556000000,
        "sellinggeneralandadministrativeexpense": 405000000,
        "depreciationdepletionandamortization": 335000000,
        "taxesother": 44000000,
        "restructuringandothercharges": 0,
        "interestincomeexpensenet": 403000000,
        "incomelossfromcontinuingoperationsbeforeincometaxesminorityinterestandincomelossfromequitymethodinvestments": 553000000,
        "incometaxexpensebenefit": -86000000,
        "incomelossfromequitymethodinvestments": 74000000,
        "incomelossfromcontinuingoperationsincludingportionattributabletononcontrollinginterest": -357000000,
        "incomelossfromdiscontinuedoperationsnetoftaxattributabletoreportingentity": 0,
        "netincomeloss": 562000000,
        "incomelossfromcontinuingoperationsperbasicshare": 1.38,
        "incomelossfromdiscontinuedoperationsnetoftaxperbasicshare": 0,
        "earningspersharebasic": 1.3699999999999997,
        "incomelossfromcontinuingoperationsperdilutedshare": 1.37,
        "incomelossfromdiscontinuedoperationsnetoftaxperdilutedshare": 0,
        "earningspersharediluted": 1.3599999999999999,
        "weightedaveragenumberofdilutedsharesoutstanding": -419600000,
        "commonstockdividendspersharecashpaid": 0.4750000000000001,
        "incomelossfromcontinuingoperations": 562000000
    },
    {
        "date": "2018-06-29",
        "symbol": "IP",
        "period": "Q2",
        "profitloss": 405000000,
        "othercomprehensiveincomelossamortizationadjustmentfromaocipensionandotherpostretirementbenefitplansfornetpriorservicecostcreditnetoftax": -85000000,
        "othercomprehensiveincomelossforeigncurrencytransactionandtranslationadjustmentnetoftax": -422000000,
        "othercomprehensiveincomelossderivativesqualifyingashedgesnetoftax": -18000000,
        "othercomprehensiveincomelossreclassificationadjustmentfromaocionderivativesnetoftax": -2000000,
        "othercomprehensiveincomelossnetoftax": -353000000,
        "comprehensiveincomenetoftaxincludingportionattributabletononcontrollinginterest": 54000000,
        "netincomelossattributabletononcontrollinginterest": 2000000,
        "othercomprehensiveincomelossnetoftaxportionattributabletononcontrollinginterest": -2000000,
        "comprehensiveincomenetoftax": 54000000,
        "salesrevenuenet": 1060000000,
        "costofgoodssold": 3930000000,
        "sellinggeneralandadministrativeexpense": 451000000,
        "depreciationdepletionandamortization": 330000000,
        "shippinghandlingandtransportationcosts": 401000000,
        "taxesother": 42000000,
        "restructuringandothercharges": 26000000,
        "interestincomeexpensenet": 133000000,
        "nonservicepensioncostbenefit": 36000000,
        "incomelossfromcontinuingoperationsbeforeincometaxesminorityinterestandincomelossfromequitymethodinvestments": 490000000,
        "incometaxexpensebenefit": -2000000,
        "incomelossfromequitymethodinvestments": 57000000,
        "incomelossfromcontinuingoperationsincludingportionattributabletononcontrollinginterest": -2000000,
        "incomelossfromdiscontinuedoperationsnetoftaxattributabletoreportingentity": -23000000,
        "netincomeloss": 405000000,
        "incomelossfromcontinuingoperationsperbasicshare": 1.03,
        "incomelossfromdiscontinuedoperationsnetoftaxperbasicshare": -0.05,
        "earningspersharebasic": 0.98,
        "incomelossfromcontinuingoperationsperdilutedshare": 1.02,
        "incomelossfromdiscontinuedoperationsnetoftaxperdilutedshare": -0.05,
        "earningspersharediluted": 0.97,
        "weightedaveragenumberofdilutedsharesoutstanding": 417700000,
        "commonstockdividendspersharecashpaid": 0.475,
        "incomelossfromcontinuingoperations": 428000000
    },
    {
        "date": "2018-03-30",
        "symbol": "IP",
        "period": "Q1",
        "profitloss": 725000000,
        "othercomprehensiveincomelossamortizationadjustmentfromaocipensionandotherpostretirementbenefitplansfornetpriorservicecostcreditnetoftax": -66000000,
        "othercomprehensiveincomelossforeigncurrencytransactionandtranslationadjustmentnetoftax": 42000000,
        "othercomprehensiveincomelossderivativesqualifyingashedgesnetoftax": -3000000,
        "othercomprehensiveincomelossreclassificationadjustmentfromaocionderivativesnetoftax": 2000000,
        "othercomprehensiveincomelossnetoftax": 103000000,
        "comprehensiveincomenetoftaxincludingportionattributabletononcontrollinginterest": 832000000,
        "netincomelossattributabletononcontrollinginterest": 1000000,
        "comprehensiveincomenetoftax": 832000000,
        "salesrevenuenet": 1053000000,
        "costofgoodssold": 3932000000,
        "sellinggeneralandadministrativeexpense": 421000000,
        "depreciationdepletionandamortization": 325000000,
        "shippinghandlingandtransportationcosts": 367000000,
        "taxesother": 44000000,
        "restructuringandothercharges": 22000000,
        "interestincomeexpensenet": -135000000,
        "nonservicepensioncostbenefit": 4000000,
        "incomelossfromcontinuingoperationsbeforeincometaxesminorityinterestandincomelossfromequitymethodinvestments": 356000000,
        "incometaxexpensebenefit": 87000000,
        "incomelossfromequitymethodinvestments": 92000000,
        "incomelossfromcontinuingoperationsincludingportionattributabletononcontrollinginterest": 357000000,
        "incomelossfromdiscontinuedoperationsnetoftaxattributabletoreportingentity": 368000000,
        "netincomeloss": 729000000,
        "incomelossfromcontinuingoperationsperbasicshare": 0.87,
        "incomelossfromdiscontinuedoperationsnetoftaxperbasicshare": 0.89,
        "earningspersharebasic": 1.75,
        "incomelossfromcontinuingoperationsperdilutedshare": 0.86,
        "incomelossfromdiscontinuedoperationsnetoftaxperdilutedshare": 0.88,
        "earningspersharediluted": 1.73,
        "weightedaveragenumberofdilutedsharesoutstanding": 418200000,
        "commonstockdividendspersharecashpaid": 0.475,
        "incomelossfromcontinuingoperations": 361000000
    },
    {
        "date": "2017-09-29",
        "symbol": "IP",
        "period": "Q3",
        "profitloss": 395000000,
        "othercomprehensiveincomelossamortizationadjustmentfromaocipensionandotherpostretirementbenefitplansfornetpriorservicecostcreditnetoftax": -59000000,
        "othercomprehensiveincomelosspensionandotherpostretirementbenefitplansadjustmentnetoftax": 0,
        "othercomprehensiveincomelossforeigncurrencytransactionandtranslationadjustmentnetoftax": 100000000,
        "othercomprehensiveincomelossderivativesqualifyingashedgesnetoftax": 1000000,
        "othercomprehensiveincomelossreclassificationadjustmentfromaocionderivativesnetoftax": 2000000,
        "othercomprehensiveincomelossnetoftax": 100000000,
        "comprehensiveincomenetoftaxincludingportionattributabletononcontrollinginterest": 554000000,
        "othercomprehensiveincomelossnetoftaxportionattributabletononcontrollinginterest": -1000000,
        "comprehensiveincomenetoftax": 554000000,
        "salesrevenuenet": 1039000000,
        "costofgoodssold": 4024000000,
        "sellinggeneralandadministrativeexpense": 431000000,
        "depreciationdepletionandamortization": 373000000,
        "shippinghandlingandtransportationcosts": 386000000,
        "taxesother": 44000000,
        "businesscombinationbargainpurchasenetgainrecognizedamount": 0,
        "interestincomeexpensenet": 152000000,
        "incomelossfromcontinuingoperationsbeforeincometaxesminorityinterestandincomelossfromequitymethodinvestments": 3000000,
        "incometaxexpensebenefit": -36000000,
        "incomelossfromequitymethodinvestments": 48000000,
        "incomelossfromcontinuingoperationsincludingportionattributabletononcontrollinginterest": 118000000,
        "netincomeloss": 395000000,
        "incomelossfromcontinuingoperationsperbasicshare": 0.95,
        "earningspersharebasic": 0.95,
        "incomelossfromcontinuingoperationsperdilutedshare": 0.95,
        "earningspersharediluted": 0.95,
        "weightedaveragenumberofdilutedsharesoutstanding": 700000,
        "commonstockdividendspersharecashpaid": 0.4624999999999999,
        "incomelossfromcontinuingoperations": 395000000
    },
    {
        "date": "2017-06-29",
        "symbol": "IP",
        "period": "Q2",
        "profitloss": 80000000,
        "othercomprehensiveincomelossamortizationadjustmentfromaocipensionandotherpostretirementbenefitplansfornetpriorservicecostcreditnetoftax": -60000000,
        "othercomprehensiveincomelosspensionandotherpostretirementbenefitplansadjustmentnetoftax": 2000000,
        "othercomprehensiveincomelossforeigncurrencytransactionandtranslationadjustmentnetoftax": -14000000,
        "othercomprehensiveincomelossderivativesqualifyingashedgesnetoftax": -1000000,
        "othercomprehensiveincomelossreclassificationadjustmentfromaocionderivativesnetoftax": 2000000,
        "othercomprehensiveincomelossnetoftax": -77000000,
        "comprehensiveincomenetoftaxincludingportionattributabletononcontrollinginterest": 124000000,
        "othercomprehensiveincomelossnetoftaxportionattributabletononcontrollinginterest": 1000000,
        "comprehensiveincomenetoftax": 124000000,
        "salesrevenuenet": 1017000000,
        "costofgoodssold": 4105000000,
        "sellinggeneralandadministrativeexpense": 422000000,
        "depreciationdepletionandamortization": 357000000,
        "shippinghandlingandtransportationcosts": 390000000,
        "taxesother": 43000000,
        "businesscombinationbargainpurchasenetgainrecognizedamount": -12000000,
        "interestincomeexpensenet": 421000000,
        "incomelossfromcontinuingoperationsbeforeincometaxesminorityinterestandincomelossfromequitymethodinvestments": -239000000,
        "incometaxexpensebenefit": -156000000,
        "incomelossfromequitymethodinvestments": 23000000,
        "incomelossfromcontinuingoperationsincludingportionattributabletononcontrollinginterest": -326000000,
        "netincomeloss": 80000000,
        "incomelossfromcontinuingoperationsperbasicshare": 0.18999999999999995,
        "earningspersharebasic": 0.18999999999999995,
        "incomelossfromcontinuingoperationsperdilutedshare": 0.18999999999999995,
        "earningspersharediluted": 0.18999999999999995,
        "weightedaveragenumberofdilutedsharesoutstanding": 700000,
        "commonstockdividendspersharecashpaid": 0.4625,
        "incomelossfromcontinuingoperations": 80000000
    },
    {
        "date": "2017-03-30",
        "symbol": "IP",
        "period": "Q1",
        "profitloss": 209000000,
        "othercomprehensiveincomelossamortizationadjustmentfromaocipensionandotherpostretirementbenefitplansfornetpriorservicecostcreditnetoftax": -57000000,
        "othercomprehensiveincomelosspensionandotherpostretirementbenefitplansadjustmentnetoftax": -1000000,
        "othercomprehensiveincomelossforeigncurrencytransactionandtranslationadjustmentnetoftax": 148000000,
        "othercomprehensiveincomelossderivativesqualifyingashedgesnetoftax": 9000000,
        "othercomprehensiveincomelossreclassificationadjustmentfromaocionderivativesnetoftax": 2000000,
        "othercomprehensiveincomelossnetoftax": 211000000,
        "comprehensiveincomenetoftaxincludingportionattributabletononcontrollinginterest": 419000000,
        "othercomprehensiveincomelossnetoftaxportionattributabletononcontrollinginterest": 1000000,
        "comprehensiveincomenetoftax": 419000000,
        "salesrevenuenet": 995000000,
        "costofgoodssold": 3940000000,
        "sellinggeneralandadministrativeexpense": 422000000,
        "depreciationdepletionandamortization": 345000000,
        "shippinghandlingandtransportationcosts": 379000000,
        "taxesother": 45000000,
        "businesscombinationbargainpurchasenetgainrecognizedamount": 6000000,
        "interestincomeexpensenet": -142000000,
        "incomelossfromcontinuingoperationsbeforeincometaxesminorityinterestandincomelossfromequitymethodinvestments": 244000000,
        "incometaxexpensebenefit": 83000000,
        "incomelossfromequitymethodinvestments": 48000000,
        "incomelossfromcontinuingoperationsincludingportionattributabletononcontrollinginterest": 209000000,
        "netincomeloss": 209000000,
        "incomelossfromcontinuingoperationsperbasicshare": 0.51,
        "earningspersharebasic": 0.51,
        "incomelossfromcontinuingoperationsperdilutedshare": 0.5,
        "earningspersharediluted": 0.5,
        "weightedaveragenumberofdilutedsharesoutstanding": 416000000,
        "commonstockdividendspersharecashpaid": 0.4625,
        "incomelossfromcontinuingoperations": 209000000
    },
    {
        "date": "2016-09-29",
        "symbol": "IP",
        "period": "Q3",
        "profitloss": 309000000,
        "othercomprehensiveincomelossamortizationadjustmentfromaocipensionandotherpostretirementbenefitplansfornetpriorservicecostcreditnetoftax": -72000000,
        "othercomprehensiveincomelossforeigncurrencytransactionandtranslationadjustmentnetoftax": 3000000,
        "othercomprehensiveincomelossderivativesqualifyingashedgesnetoftax": 5000000,
        "othercomprehensiveincomelossreclassificationadjustmentfromaocionderivativesnetoftax": 3000000,
        "othercomprehensiveincomelossnetoftax": 3000000,
        "comprehensiveincomenetoftaxincludingportionattributabletononcontrollinginterest": 335000000,
        "comprehensiveincomenetoftax": 335000000,
        "salesrevenuenet": 1266000000,
        "sellinggeneralandadministrativeexpense": 380000000,
        "depreciationdepletionandamortization": 314000000,
        "shippinghandlingandtransportationcosts": 353000000,
        "taxesother": 41000000,
        "impairmentoflonglivedassetstobedisposedof": 111000000,
        "interestincomeexpensenet": 636000000,
        "incomelossfromcontinuingoperationsbeforeincometaxesminorityinterestandincomelossfromequitymethodinvestments": 373000000,
        "incometaxexpensebenefit": 107000000,
        "incomelossfromequitymethodinvestments": 46000000,
        "incomelossfromcontinuingoperationsincludingportionattributabletononcontrollinginterest": 3000000,
        "netincomeloss": 312000000,
        "incomelossfromcontinuingoperationsperbasicshare": 0.7599999999999999,
        "earningspersharebasic": 0.7599999999999998,
        "incomelossfromcontinuingoperationsperdilutedshare": 0.7499999999999999,
        "earningspersharediluted": 0.75,
        "weightedaveragenumberofdilutedsharesoutstanding": 400000,
        "commonstockdividendspersharecashpaid": 0.4400000000000001,
        "incomelossfromcontinuingoperations": 312000000
    },
    {
        "date": "2016-06-29",
        "symbol": "IP",
        "period": "Q2",
        "profitloss": 40000000,
        "othercomprehensiveincomelossamortizationadjustmentfromaocipensionandotherpostretirementbenefitplansfornetpriorservicecostcreditnetoftax": -335000000,
        "othercomprehensiveincomelosspensionandotherpostretirementbenefitplansadjustmentnetoftax": 0,
        "othercomprehensiveincomelossforeigncurrencytransactionandtranslationadjustmentnetoftax": 134000000,
        "othercomprehensiveincomelossderivativesqualifyingashedgesnetoftax": -14000000,
        "othercomprehensiveincomelossreclassificationadjustmentfromaocionderivativesnetoftax": 3000000,
        "othercomprehensiveincomelossnetoftax": 50000000,
        "comprehensiveincomenetoftaxincludingportionattributabletononcontrollinginterest": -52000000,
        "comprehensiveincomenetoftax": -52000000,
        "salesrevenuenet": 1271000000,
        "costofproductssoldandothernonoperatingincomeexpense": 4112000000,
        "sellinggeneralandadministrativeexpense": 386000000,
        "depreciationdepletionandamortization": 301000000,
        "shippinghandlingandtransportationcosts": 339000000,
        "taxesother": 41000000,
        "restructuringandotherrelatedcharges": 8000000,
        "impairmentoflonglivedassetstobedisposedof": -78000000,
        "interestincomeexpensenet": -129000000,
        "incomelossfromcontinuingoperationsbeforeincometaxesminorityinterestandincomelossfromequitymethodinvestments": -14000000,
        "incometaxexpensebenefit": -9000000,
        "incomelossfromequitymethodinvestments": 45000000,
        "incomelossfromcontinuingoperationsincludingportionattributabletononcontrollinginterest": -335000000,
        "incomelossfromdiscontinuedoperationsnetoftaxattributabletoreportingentity": 0,
        "netincomeloss": 40000000,
        "incomelossfromcontinuingoperationsperbasicshare": 0.10000000000000009,
        "incomelossfromdiscontinuedoperationsnetoftaxperbasicshare": 0,
        "earningspersharebasic": 0.09999999999999998,
        "incomelossfromcontinuingoperationsperdilutedshare": 0.09000000000000008,
        "incomelossfromdiscontinuedoperationsnetoftaxperdilutedshare": 0,
        "earningspersharediluted": 0.08999999999999997,
        "weightedaveragenumberofdilutedsharesoutstanding": 1100000,
        "commonstockdividendspersharecashpaid": 0.44,
        "incomelossfromcontinuingoperations": 40000000
    },
    {
        "date": "2016-03-30",
        "symbol": "IP",
        "period": "Q1",
        "profitloss": 334000000,
        "othercomprehensiveincomelossamortizationadjustmentfromaocipensionandotherpostretirementbenefitplansfornetpriorservicecostcreditnetoftax": -64000000,
        "othercomprehensiveincomelosspensionandotherpostretirementbenefitplansadjustmentnetoftax": 17000000,
        "othercomprehensiveincomelossforeigncurrencytransactionandtranslationadjustmentnetoftax": 236000000,
        "othercomprehensiveincomelossderivativesqualifyingashedgesnetoftax": 4000000,
        "othercomprehensiveincomelossreclassificationadjustmentfromaocionderivativesnetoftax": 1000000,
        "othercomprehensiveincomelossnetoftax": 320000000,
        "comprehensiveincomenetoftaxincludingportionattributabletononcontrollinginterest": 653000000,
        "othercomprehensiveincomelossnetoftaxportionattributabletononcontrollinginterest": 1000000,
        "comprehensiveincomenetoftax": 653000000,
        "salesrevenuenet": 1184000000,
        "costofproductssoldandothernonoperatingincomeexpense": 3611000000,
        "sellinggeneralandadministrativeexpense": 376000000,
        "depreciationdepletionandamortization": 284000000,
        "shippinghandlingandtransportationcosts": 320000000,
        "taxesother": 41000000,
        "restructuringandotherrelatedcharges": 1000000,
        "impairmentoflonglivedassetstobedisposedof": 37000000,
        "interestincomeexpensenet": -123000000,
        "incomelossfromcontinuingoperationsbeforeincometaxesminorityinterestandincomelossfromequitymethodinvestments": 317000000,
        "incometaxexpensebenefit": 41000000,
        "incomelossfromequitymethodinvestments": 63000000,
        "incomelossfromcontinuingoperationsincludingportionattributabletononcontrollinginterest": 339000000,
        "incomelossfromdiscontinuedoperationsnetoftaxattributabletoreportingentity": -5000000,
        "netincomeloss": 334000000,
        "incomelossfromcontinuingoperationsperbasicshare": 0.82,
        "incomelossfromdiscontinuedoperationsnetoftaxperbasicshare": -0.01,
        "earningspersharebasic": 0.81,
        "incomelossfromcontinuingoperationsperdilutedshare": 0.82,
        "incomelossfromdiscontinuedoperationsnetoftaxperdilutedshare": -0.01,
        "earningspersharediluted": 0.81,
        "weightedaveragenumberofdilutedsharesoutstanding": 414000000,
        "commonstockdividendspersharecashpaid": 0.44,
        "incomelossfromcontinuingoperations": 339000000
    },
    {
        "date": "2015-09-29",
        "symbol": "IP",
        "period": "Q3",
        "profitloss": 210000000,
        "othercomprehensiveincomelossamortizationadjustmentfromaocipensionandotherpostretirementbenefitplansfornetpriorservicecostcreditnetoftax": -72000000,
        "othercomprehensiveincomelosspensionandotherpostretirementbenefitplansadjustmentnetoftax": 14000000,
        "othercomprehensiveincomelossforeigncurrencytransactionandtranslationadjustmentnetoftax": -562000000,
        "othercomprehensiveincomelossderivativesqualifyingashedgesnetoftax": -8000000,
        "othercomprehensiveincomelossreclassificationadjustmentfromaocionderivativesnetoftax": -7000000,
        "othercomprehensiveincomelossnetoftax": -562000000,
        "comprehensiveincomenetoftaxincludingportionattributabletononcontrollinginterest": -267000000,
        "netincomelossattributabletononcontrollinginterest": -10000000,
        "othercomprehensiveincomelossnetoftaxportionattributabletononcontrollinginterest": -5000000,
        "comprehensiveincomenetoftax": -252000000,
        "salesrevenuenet": 1258000000,
        "costofproductssoldandothernonoperatingincomeexpense": 3891000000,
        "sellinggeneralandadministrativeexpense": 417000000,
        "depreciationdepletionandamortization": 329000000,
        "shippinghandlingandtransportationcosts": 334000000,
        "taxesother": 39000000,
        "restructuringandotherrelatedcharges": 17000000,
        "impairmentoflonglivedassetstobedisposedof": 186000000,
        "interestincomeexpensenet": -141000000,
        "incomelossfromcontinuingoperationsbeforeincometaxesminorityinterestandincomelossfromequitymethodinvestments": 329000000,
        "incometaxexpensebenefit": 106000000,
        "incomelossfromequitymethodinvestments": -9000000,
        "incomelossfromcontinuingoperationsincludingportionattributabletononcontrollinginterest": -7000000,
        "netincomeloss": 220000000,
        "incomelossfromcontinuingoperationsperbasicshare": 0.53,
        "earningspersharebasic": 0.53,
        "incomelossfromcontinuingoperationsperdilutedshare": 0.53,
        "earningspersharediluted": 0.53,
        "weightedaveragenumberofdilutedsharesoutstanding": 417500000,
        "commonstockdividendspersharecashpaid": 0.4,
        "incomelossfromcontinuingoperations": 220000000
    },
    {
        "date": "2015-06-29",
        "symbol": "IP",
        "period": "Q2",
        "profitloss": 218000000,
        "othercomprehensiveincomelossamortizationadjustmentfromaocipensionandotherpostretirementbenefitplansfornetpriorservicecostcreditnetoftax": -65000000,
        "othercomprehensiveincomelossforeigncurrencytransactionandtranslationadjustmentnetoftax": 91000000,
        "othercomprehensiveincomelossderivativesqualifyingashedgesnetoftax": 0,
        "othercomprehensiveincomelossreclassificationadjustmentfromaocionderivativesnetoftax": -8000000,
        "othercomprehensiveincomelossnetoftax": 4000000,
        "comprehensiveincomenetoftaxincludingportionattributabletononcontrollinginterest": 383000000,
        "netincomelossattributabletononcontrollinginterest": -9000000,
        "othercomprehensiveincomelossnetoftaxportionattributabletononcontrollinginterest": 0,
        "comprehensiveincomenetoftax": 383000000,
        "salesrevenuenet": -1296000000,
        "costofproductssoldandothernonoperatingincomeexpense": 3968000000,
        "sellinggeneralandadministrativeexpense": 403000000,
        "depreciationdepletionandamortization": 328000000,
        "shippinghandlingandtransportationcosts": 367000000,
        "taxesother": 44000000,
        "restructuringandotherrelatedcharges": 0,
        "interestincomeexpensenet": -144000000,
        "incomelossfromcontinuingoperationsbeforeincometaxesminorityinterestandincomelossfromequitymethodinvestments": 266000000,
        "incometaxexpensebenefit": -134000000,
        "incomelossfromequitymethodinvestments": 67000000,
        "incomelossfromcontinuingoperationsincludingportionattributabletononcontrollinginterest": -316000000,
        "netincomeloss": 227000000,
        "incomelossfromcontinuingoperationsperbasicshare": 0.54,
        "earningspersharebasic": 0.54,
        "incomelossfromcontinuingoperationsperdilutedshare": 0.54,
        "earningspersharediluted": 0.54,
        "weightedaveragenumberofdilutedsharesoutstanding": -300000,
        "commonstockdividendspersharecashpaid": 0.4,
        "incomelossfromcontinuingoperations": 227000000
    },
    {
        "date": "2015-03-30",
        "symbol": "IP",
        "period": "Q1",
        "profitloss": 311000000,
        "othercomprehensiveincomelossamortizationadjustmentfromaocipensionandotherpostretirementbenefitplansfornetpriorservicecostcreditnetoftax": -78000000,
        "othercomprehensiveincomelossforeigncurrencytransactionandtranslationadjustmentnetoftax": -484000000,
        "othercomprehensiveincomelossderivativesqualifyingashedgesnetoftax": 6000000,
        "othercomprehensiveincomelossreclassificationadjustmentfromaocionderivativesnetoftax": 3000000,
        "othercomprehensiveincomelossnetoftax": -397000000,
        "comprehensiveincomenetoftaxincludingportionattributabletononcontrollinginterest": -83000000,
        "netincomelossattributabletononcontrollinginterest": -2000000,
        "othercomprehensiveincomelossnetoftaxportionattributabletononcontrollinginterest": -1000000,
        "comprehensiveincomenetoftax": -83000000,
        "salesrevenuenet": 1228000000,
        "costofproductssoldandothernonoperatingincomeexpense": 3844000000,
        "sellinggeneralandadministrativeexpense": 406000000,
        "depreciationdepletionandamortization": 323000000,
        "shippinghandlingandtransportationcosts": 357000000,
        "taxesother": 44000000,
        "restructuringandotherrelatedcharges": 1000000,
        "interestincomeexpensenet": -137000000,
        "incomelossfromcontinuingoperationsbeforeincometaxesminorityinterestandincomelossfromequitymethodinvestments": 406000000,
        "incometaxexpensebenefit": 130000000,
        "incomelossfromequitymethodinvestments": 39000000,
        "incomelossfromcontinuingoperationsincludingportionattributabletononcontrollinginterest": 311000000,
        "netincomeloss": 313000000,
        "incomelossfromcontinuingoperationsperbasicshare": 0.74,
        "earningspersharebasic": 0.74,
        "incomelossfromcontinuingoperationsperdilutedshare": 0.74,
        "earningspersharediluted": 0.74,
        "weightedaveragenumberofdilutedsharesoutstanding": 423700000,
        "commonstockdividendspersharecashpaid": 0.4,
        "incomelossfromcontinuingoperations": 313000000
    },
    {
        "date": "2014-09-29",
        "symbol": "IP",
        "period": "Q3",
        "profitloss": 349000000,
        "othercomprehensiveincomelossamortizationadjustmentfromaocipensionandotherpostretirementbenefitplansfornetpriorservicecostcreditnetoftax": -60000000,
        "othercomprehensiveincomelosspensionandotherpostretirementbenefitplansadjustmentnetoftax": -1000000,
        "othercomprehensiveincomelossforeigncurrencytransactionandtranslationadjustmentnetoftax": -492000000,
        "othercomprehensiveincomelossderivativesqualifyingashedgesnetoftax": 1000000,
        "othercomprehensiveincomelossreclassificationadjustmentfromaocionderivativesnetoftax": -7000000,
        "othercomprehensiveincomelossnetoftax": -6000000,
        "comprehensiveincomenetoftaxincludingportionattributabletononcontrollinginterest": -90000000,
        "netincomelossattributabletononcontrollinginterest": -6000000,
        "othercomprehensiveincomelossnetoftaxportionattributabletononcontrollinginterest": -2000000,
        "comprehensiveincomenetoftax": -82000000,
        "salesrevenuenet": 876000000,
        "costofproductssoldandothernonoperatingincomeexpense": 4055000000,
        "sellinggeneralandadministrativeexpense": 467000000,
        "depreciationamortizationandcostoftimberharvested": 358000000,
        "shippinghandlingandtransportationcosts": 394000000,
        "taxesother": 43000000,
        "restructuringandotherrelatedcharges": 1000000,
        "interestincomeexpensenet": 6000000,
        "incomelossfromcontinuingoperationsbeforeincometaxesminorityinterestandincomelossfromequitymethodinvestments": 552000000,
        "incometaxexpensebenefit": 3000000,
        "incomelossfromequitymethodinvestments": -70000000,
        "incomelossfromcontinuingoperationsincludingportionattributabletononcontrollinginterest": 17000000,
        "incomelossfromdiscontinuedoperationsnetoftaxattributabletoreportingentity": 14000000,
        "netincomeloss": 355000000,
        "incomelossfromcontinuingoperationsperbasicshare": 0.8,
        "incomelossfromdiscontinuedoperationsnetoftaxperbasicshare": 0.04,
        "earningspersharebasic": 0.84,
        "incomelossfromcontinuingoperationsperdilutedshare": 0.79,
        "incomelossfromdiscontinuedoperationsnetoftaxperdilutedshare": 0.04,
        "earningspersharediluted": 0.83,
        "weightedaveragenumberofdilutedsharesoutstanding": 428600000,
        "commonstockdividendspersharecashpaid": 0.35,
        "incomelossfromcontinuingoperations": 339000000
    },
    {
        "date": "2014-06-29",
        "symbol": "IP",
        "period": "Q2",
        "profitloss": 158000000,
        "othercomprehensiveincomelossamortizationadjustmentfromaocipensionandotherpostretirementbenefitplansfornetpriorservicecostcreditnetoftax": -69000000,
        "othercomprehensiveincomelosspensionandotherpostretirementbenefitplansadjustmentnetoftax": -3000000,
        "othercomprehensiveincomelossforeigncurrencytransactionandtranslationadjustmentnetoftax": 75000000,
        "othercomprehensiveincomelossderivativesqualifyingashedgesnetoftax": 12000000,
        "othercomprehensiveincomelossreclassificationadjustmentfromaocionderivativesnetoftax": -4000000,
        "othercomprehensiveincomelossnetoftax": 75000000,
        "comprehensiveincomenetoftaxincludingportionattributabletononcontrollinginterest": 307000000,
        "netincomelossattributabletononcontrollinginterest": -3000000,
        "othercomprehensiveincomelossnetoftaxportionattributabletononcontrollinginterest": -1000000,
        "comprehensiveincomenetoftax": 311000000,
        "salesrevenuenet": 1326000000,
        "costofproductssoldandothernonoperatingincomeexpense": 5228000000,
        "sellinggeneralandadministrativeexpense": 527000000,
        "depreciationamortizationandcostoftimberharvested": 359000000,
        "shippinghandlingandtransportationcosts": 412000000,
        "taxesother": 50000000,
        "restructuringandotherrelatedcharges": 1000000,
        "interestincomeexpensenet": -165000000,
        "incomelossfromcontinuingoperationsbeforeincometaxesminorityinterestandincomelossfromequitymethodinvestments": 148000000,
        "incometaxexpensebenefit": -44000000,
        "incomelossfromequitymethodinvestments": 43000000,
        "incomelossfromcontinuingoperationsincludingportionattributabletononcontrollinginterest": 4000000,
        "incomelossfromdiscontinuedoperationsnetoftaxattributabletoreportingentity": -3000000,
        "netincomeloss": 161000000,
        "incomelossfromcontinuingoperationsperbasicshare": 0.38,
        "incomelossfromdiscontinuedoperationsnetoftaxperbasicshare": -0.01,
        "earningspersharebasic": 0.37,
        "incomelossfromcontinuingoperationsperdilutedshare": 0.38,
        "incomelossfromdiscontinuedoperationsnetoftaxperdilutedshare": -0.01,
        "earningspersharediluted": 0.37,
        "weightedaveragenumberofdilutedsharesoutstanding": 432100000,
        "commonstockdividendspersharecashpaid": 0.35,
        "incomelossfromcontinuingoperations": 164000000
    },
    {
        "date": "2014-03-30",
        "symbol": "IP",
        "period": "Q1",
        "profitloss": -99000000,
        "othercomprehensiveincomelossamortizationadjustmentfromaocipensionandotherpostretirementbenefitplansfornetpriorservicecostcreditnetoftax": -52000000,
        "othercomprehensiveincomelosspensionandotherpostretirementbenefitplansadjustmentnetoftax": 3000000,
        "othercomprehensiveincomelossforeigncurrencytransactionandtranslationadjustmentnetoftax": 18000000,
        "othercomprehensiveincomelossderivativesqualifyingashedgesnetoftax": 4000000,
        "othercomprehensiveincomelossreclassificationadjustmentfromaocionderivativesnetoftax": 5000000,
        "othercomprehensiveincomelossnetoftax": 9000000,
        "comprehensiveincomenetoftaxincludingportionattributabletononcontrollinginterest": -6000000,
        "netincomelossattributabletononcontrollinginterest": -4000000,
        "othercomprehensiveincomelossnetoftaxportionattributabletononcontrollinginterest": -2000000,
        "comprehensiveincomenetoftax": -114000000,
        "salesrevenuenet": 829000000,
        "costofproductssoldandothernonoperatingincomeexpense": 5175000000,
        "sellinggeneralandadministrativeexpense": 528000000,
        "depreciationamortizationandcostoftimberharvested": 352000000,
        "shippinghandlingandtransportationcosts": 400000000,
        "taxesother": 47000000,
        "restructuringandotherrelatedcharges": 1000000,
        "interestincomeexpensenet": -142000000,
        "incomelossfromcontinuingoperationsbeforeincometaxesminorityinterestandincomelossfromequitymethodinvestments": -147000000,
        "incometaxexpensebenefit": -33000000,
        "incomelossfromequitymethodinvestments": -31000000,
        "incomelossfromcontinuingoperationsincludingportionattributabletononcontrollinginterest": -5000000,
        "incomelossfromdiscontinuedoperationsnetoftaxattributabletoreportingentity": -2000000,
        "netincomeloss": -95000000,
        "incomelossfromcontinuingoperationsperbasicshare": -0.21,
        "earningspersharebasic": -0.21,
        "incomelossfromcontinuingoperationsperdilutedshare": -0.21,
        "earningspersharediluted": -0.21,
        "weightedaveragenumberofdilutedsharesoutstanding": 435600000,
        "commonstockdividendspersharecashpaid": 0.35,
        "incomelossfromcontinuingoperations": -93000000
    },
    {
        "date": "2013-09-29",
        "symbol": "IP",
        "period": "Q3",
        "profitloss": 376000000,
        "othercomprehensiveincomelossforeigncurrencytransactionandtranslationadjustmentnetoftax": 34000000,
        "othercomprehensiveincomelossderivativesqualifyingashedgesnetoftax": 7000000,
        "othercomprehensiveincomelossnetoftax": -466000000,
        "comprehensiveincomenetoftaxincludingportionattributabletononcontrollinginterest": 622000000,
        "netincomelossattributabletononcontrollinginterest": -6000000,
        "othercomprehensiveincomelossnetoftaxportionattributabletononcontrollinginterest": 0,
        "comprehensiveincomenetoftax": 606000000,
        "salesrevenuenet": -1845000000,
        "costofproductssoldandothernonoperatingincomeexpense": 5313000000,
        "sellinggeneralandadministrativeexpense": 572000000,
        "depreciationamortizationandcostoftimberharvested": 401000000,
        "shippinghandlingandtransportationcosts": 438000000,
        "taxesother": 47000000,
        "restructuringandotherrelatedcharges": -13000000,
        "interestincomeexpensenet": -147000000,
        "incomelossfromcontinuingoperationsbeforeincometaxesminorityinterestandincomelossfromequitymethodinvestments": 411000000,
        "incometaxexpensebenefit": 53000000,
        "incomelossfromequitymethodinvestments": 11000000,
        "incomelossfromcontinuingoperationsincludingportionattributabletononcontrollinginterest": -237000000,
        "incomelossfromdiscontinuedoperationsnetoftaxattributabletoreportingentity": -10000000,
        "netincomeloss": 382000000,
        "incomelossfromcontinuingoperationsperbasicshare": 0.8799999999999998,
        "incomelossfromdiscontinuedoperationsnetoftaxperbasicshare": -0.020000000000000004,
        "earningspersharebasic": 0.8600000000000001,
        "incomelossfromcontinuingoperationsperdilutedshare": 0.8799999999999998,
        "incomelossfromdiscontinuedoperationsnetoftaxperdilutedshare": -0.020000000000000004,
        "earningspersharediluted": 0.8600000000000003,
        "weightedaveragenumberofdilutedsharesoutstanding": -445900000,
        "commonstockdividendspersharecashpaid": 0.3000000000000001,
        "incomelossfromcontinuingoperations": 392000000
    },
    {
        "date": "2013-06-29",
        "symbol": "IP",
        "period": "Q2",
        "profitloss": 257000000,
        "othercomprehensiveincomelossamortizationpensionandotherpostretirementbenefitplansnetpriorservicecostrecognizedinnetperiodicpensioncostnetoftax": -76000000,
        "othercomprehensiveincomelossforeigncurrencytransactionandtranslationadjustmentnetoftax": -337000000,
        "othercomprehensiveincomelossderivativesqualifyingashedgesnetoftax": -15000000,
        "othercomprehensiveincomelossreclassificationadjustmentonderivativesincludedinnetincomenetoftax": -12000000,
        "othercomprehensiveincomelossnetoftax": 76000000,
        "comprehensiveincomenetoftaxincludingportionattributabletononcontrollinginterest": -31000000,
        "netincomelossattributabletononcontrollinginterest": -2000000,
        "othercomprehensiveincomelossnetoftaxportionattributabletononcontrollinginterest": -14000000,
        "comprehensiveincomenetoftax": -15000000,
        "salesrevenuenet": 855000000,
        "costofproductssoldandothernonoperatingincomeexpense": 5414000000,
        "sellinggeneralandadministrativeexpense": 515000000,
        "depreciationamortizationandcostoftimberharvested": 396000000,
        "shippinghandlingandtransportationcosts": 449000000,
        "taxesother": 47000000,
        "restructuringandotherrelatedcharges": 2000000,
        "businesscombinationbargainpurchasegainrecognizedamount": -4000000,
        "interestincomeexpensenet": -168000000,
        "incomelossfromcontinuingoperationsbeforeincometaxesminorityinterestandincomelossfromequitymethodinvestments": 363000000,
        "incometaxexpensebenefit": -49000000,
        "incomelossfromequitymethodinvestments": -34000000,
        "incomelossfromcontinuingoperationsincludingportionattributabletononcontrollinginterest": 12000000,
        "incomelossfromdiscontinuedoperationsnetoftaxattributabletoreportingentity": 24000000,
        "netincomeloss": 259000000,
        "incomelossfromcontinuingoperationsperbasicshare": 0.53,
        "incomelossfromdiscontinuedoperationsnetoftaxperbasicshare": 0.05,
        "earningspersharebasic": 0.58,
        "incomelossfromcontinuingoperationsperdilutedshare": 0.52,
        "incomelossfromdiscontinuedoperationsnetoftaxperdilutedshare": 0.05,
        "earningspersharediluted": 0.57,
        "weightedaveragenumberofdilutedsharesoutstanding": 448500000,
        "commonstockdividendspersharecashpaid": 0.3,
        "incomelossfromcontinuingoperations": 235000000
    },
    {
        "date": "2013-03-30",
        "symbol": "IP",
        "period": "Q1",
        "profitloss": 315000000,
        "othercomprehensiveincomelossamortizationpensionandotherpostretirementbenefitplansnetpriorservicecostrecognizedinnetperiodicpensioncostnetoftax": -78000000,
        "othercomprehensiveincomelossforeigncurrencytransactionandtranslationadjustmentnetoftax": -9000000,
        "othercomprehensiveincomelossderivativesqualifyingashedgesnetoftax": 5000000,
        "othercomprehensiveincomelossreclassificationadjustmentonderivativesincludedinnetincomenetoftax": 3000000,
        "othercomprehensiveincomelossnetoftax": 78000000,
        "comprehensiveincomenetoftaxincludingportionattributabletononcontrollinginterest": 396000000,
        "netincomelossattributabletononcontrollinginterest": -3000000,
        "othercomprehensiveincomelossnetoftaxportionattributabletononcontrollinginterest": -1000000,
        "comprehensiveincomenetoftax": 396000000,
        "salesrevenuenet": 3560000000,
        "costofproductssoldandothernonoperatingincomeexpense": 5220000000,
        "sellinggeneralandadministrativeexpense": 567000000,
        "depreciationamortizationandcostoftimberharvested": 379000000,
        "shippinghandlingandtransportationcosts": 422000000,
        "taxesother": 49000000,
        "restructuringandotherrelatedcharges": 2000000,
        "interestincomeexpensenet": -164000000,
        "incomelossfromcontinuingoperationsbeforeincometaxesminorityinterestandincomelossfromequitymethodinvestments": 230000000,
        "incometaxexpensebenefit": -2000000,
        "incomelossfromequitymethodinvestments": -11000000,
        "incomelossfromcontinuingoperationsincludingportionattributabletononcontrollinginterest": -17000000,
        "incomelossfromdiscontinuedoperationsnetoftaxattributabletoreportingentity": 26000000,
        "netincomeloss": 318000000,
        "incomelossfromcontinuingoperationsperbasicshare": 0.66,
        "incomelossfromdiscontinuedoperationsnetoftaxperbasicshare": 0.06,
        "earningspersharebasic": 0.72,
        "incomelossfromcontinuingoperationsperdilutedshare": 0.65,
        "incomelossfromdiscontinuedoperationsnetoftaxperdilutedshare": 0.06,
        "earningspersharediluted": 0.71,
        "weightedaveragenumberofdilutedsharesoutstanding": 446100000,
        "commonstockdividendspersharecashpaid": 0.3,
        "incomelossfromcontinuingoperations": 292000000
    },
    {
        "date": "2012-09-29",
        "symbol": "IP",
        "period": "Q3",
        "profitloss": 238000000,
        "othercomprehensiveincomelossamortizationpensionandotherpostretirementbenefitplansnetpriorservicecostrecognizedinnetperiodicpensioncostnetoftax": -48000000,
        "othercomprehensiveincomelosspensionandotherpostretirementbenefitplansadjustmentnetoftax": 4000000,
        "othercomprehensiveincomelossforeigncurrencytransactionandtranslationadjustmentnetoftax": 114000000,
        "othercomprehensiveincomelossderivativesqualifyingashedgesnetoftax": 7000000,
        "othercomprehensiveincomelossreclassificationadjustmentonderivativesincludedinnetincomenetoftax": 4000000,
        "othercomprehensiveincomelossnetoftax": 177000000,
        "comprehensiveincomenetoftaxincludingportionattributabletononcontrollinginterest": 415000000,
        "netincomelossattributabletononcontrollinginterest": 1000000,
        "othercomprehensiveincomelossnetoftaxportionattributabletononcontrollinginterest": 12000000,
        "comprehensiveincomenetoftax": 402000000,
        "salesrevenuenet": -189000000,
        "costofproductssoldandothernonoperatingincomeexpense": 5140000000,
        "sellinggeneralandadministrativeexpense": 527000000,
        "depreciationamortizationandcostoftimberharvested": 383000000,
        "shippinghandlingandtransportationcosts": 403000000,
        "taxesother": 39000000,
        "restructuringandotherrelatedcharges": 13000000,
        "disposalgroupnotdiscontinuedoperationgainlossondisposal": -18000000,
        "interestincomeexpensenet": -163000000,
        "incomelossfromcontinuingoperationsbeforeincometaxesminorityinterestandincomelossfromequitymethodinvestments": 320000000,
        "incometaxexpensebenefit": 130000000,
        "incomelossfromequitymethodinvestments": 33000000,
        "incomelossfromcontinuingoperationsincludingportionattributabletononcontrollinginterest": 224000000,
        "incomelossfromdiscontinuedoperationsnetoftaxattributabletoreportingentity": 14000000,
        "netincomeloss": 237000000,
        "incomelossfromcontinuingoperationsperbasicshare": 0.51,
        "incomelossfromdiscontinuedoperationsnetoftaxperbasicshare": 0.03,
        "earningspersharebasic": 0.54,
        "incomelossfromcontinuingoperationsperdilutedshare": 0.51,
        "incomelossfromdiscontinuedoperationsnetoftaxperdilutedshare": 0.03,
        "earningspersharediluted": 0.54,
        "weightedaveragenumberofdilutedsharesoutstanding": 439800000,
        "commonstockdividendspersharecashpaid": 0.2625,
        "incomelossfromcontinuingoperations": 223000000
    },
    {
        "date": "2012-06-29",
        "symbol": "IP",
        "period": "Q2",
        "salesrevenuenet": 30000000,
        "costofproductssoldandothernonoperatingincomeexpense": 5270000000,
        "sellinggeneralandadministrativeexpense": 474000000,
        "depreciationamortizationandcostoftimberharvested": 366000000,
        "shippinghandlingandtransportationcosts": 448000000,
        "taxesother": 44000000,
        "restructuringandotherrelatedcharges": 36000000,
        "disposalgroupnotdiscontinuedoperationgainlossondisposal": -78000000,
        "interestincomeexpensenet": -172000000,
        "incomelossfromcontinuingoperationsbeforeincometaxesminorityinterestandincomelossfromequitymethodinvestments": 204000000,
        "incometaxexpensebenefit": 57000000,
        "incomelossfromequitymethodinvestments": -25000000,
        "incomelossfromcontinuingoperationsincludingportionattributabletononcontrollinginterest": 121000000,
        "incomelossfromdiscontinuedoperationsnetoftaxattributabletoreportingentity": 16000000,
        "profitloss": 137000000,
        "netincomelossattributabletononcontrollinginterest": 3000000,
        "netincomeloss": 134000000,
        "incomelossfromcontinuingoperationsperbasicshare": 0.26999999999999996,
        "incomelossfromdiscontinuedoperationsnetoftaxperbasicshare": 0.04,
        "earningspersharebasic": 0.31,
        "incomelossfromcontinuingoperationsperdilutedshare": 0.26000000000000006,
        "incomelossfromdiscontinuedoperationsnetoftaxperdilutedshare": 0.04,
        "earningspersharediluted": 0.3,
        "weightedaveragenumberofdilutedsharesoutstanding": 700000,
        "commonstockdividendspersharecashpaid": 0.2625,
        "incomelossfromcontinuingoperations": 118000000,
        "comprehensiveincomenetoftaxincludingportionattributabletononcontrollinginterest": -288000000,
        "comprehensiveincomenetoftax": -288000000
    },
    {
        "date": "2012-03-30",
        "symbol": "IP",
        "period": "Q1",
        "salesrevenuenet": 1560000000,
        "costofproductssoldandothernonoperatingincomeexpense": 4984000000,
        "sellinggeneralandadministrativeexpense": 513000000,
        "depreciationamortizationandcostoftimberharvested": 362000000,
        "shippinghandlingandtransportationcosts": 347000000,
        "taxesother": 41000000,
        "restructuringandotherrelatedcharges": 19000000,
        "disposalgroupnotdiscontinuedoperationgainlossondisposal": 7000000,
        "interestincomeexpensenet": -168000000,
        "incomelossfromcontinuingoperationsbeforeincometaxesminorityinterestandincomelossfromequitymethodinvestments": 213000000,
        "incometaxexpensebenefit": 70000000,
        "incomelossfromequitymethodinvestments": 40000000,
        "incomelossfromcontinuingoperationsincludingportionattributabletononcontrollinginterest": 187000000,
        "incomelossfromdiscontinuedoperationsnetoftaxattributabletoreportingentity": 5000000,
        "profitloss": 192000000,
        "netincomelossattributabletononcontrollinginterest": 4000000,
        "netincomeloss": 188000000,
        "incomelossfromcontinuingoperationsperbasicshare": 0.42,
        "incomelossfromdiscontinuedoperationsnetoftaxperbasicshare": 0.01,
        "earningspersharebasic": 0.43,
        "incomelossfromcontinuingoperationsperdilutedshare": 0.42,
        "incomelossfromdiscontinuedoperationsnetoftaxperdilutedshare": 0.01,
        "earningspersharediluted": 0.43,
        "weightedaveragenumberofdilutedsharesoutstanding": 438600000,
        "commonstockdividendspersharecashpaid": 0.2625,
        "incomelossfromcontinuingoperations": 183000000,
        "othercomprehensiveincomeamortizationofdefinedbenefitplannetpriorservicecostrecognizedinnetperiodicpensioncostnetoftax": 49000000,
        "othercomprehensiveincomeminimumpensionliabilitynetadjustmentnetoftax": 24000000,
        "othercomprehensiveincomeforeigncurrencytransactionandtranslationadjustmentnetoftaxperiodincreasedecrease": 199000000,
        "othercomprehensiveincomederivativesqualifyingashedgesnetoftaxperiodincreasedecrease": 27000000,
        "othercomprehensiveincomereclassificationadjustmentonderivativesincludedinnetincomenetoftax": -4000000,
        "othercomprehensiveincomelossnetoftaxperiodincreasedecrease": 303000000,
        "comprehensiveincomenetoftaxincludingportionattributabletononcontrollinginterest": 491000000,
        "comprehensiveincomenetoftax": 491000000
    },
    {
        "date": "2011-09-29",
        "symbol": "IP",
        "period": "Q3",
        "salesrevenuenet": 1550000000,
        "sellinggeneralandadministrativeexpense": 477000000,
        "depreciationamortizationandcostoftimberharvested": 335000000,
        "shippinghandlingandtransportationcosts": 352000000,
        "taxesother": 33000000,
        "restructuringandotherrelatedcharges": 0,
        "incomelossfromcontinuingoperationsbeforeincometaxesminorityinterestandincomelossfromequitymethodinvestments": 381000000,
        "incometaxexpensebenefit": -84000000,
        "incomelossfromequitymethodinvestments": 51000000,
        "incomelossfromcontinuingoperationsincludingportionattributabletononcontrollinginterest": 515000000,
        "profitloss": 518000000,
        "netincomelossattributabletononcontrollinginterest": -3000000,
        "netincomeloss": 518000000,
        "incomelossfromcontinuingoperationsperbasicshare": 1.1999999999999997,
        "earningspersharebasic": 1.1999999999999997,
        "incomelossfromcontinuingoperationsperdilutedshare": 1.1800000000000002,
        "earningspersharediluted": 1.18,
        "weightedaveragenumberofdilutedsharesoutstanding": 3300000,
        "commonstockdividendspersharecashpaid": 0.2625,
        "incomelossfromcontinuingoperations": 518000000
    },
    {
        "date": "2011-06-29",
        "symbol": "IP",
        "period": "Q2",
        "salesrevenuenet": 1585000000,
        "sellinggeneralandadministrativeexpense": 484000000,
        "depreciationamortizationandcostoftimberharvested": 336000000,
        "shippinghandlingandtransportationcosts": 361000000,
        "taxesother": 38000000,
        "restructuringandotherrelatedcharges": -43000000,
        "incomelossfromcontinuingoperationsbeforeincometaxesminorityinterestandincomelossfromequitymethodinvestments": 293000000,
        "incometaxexpensebenefit": 118000000,
        "incomelossfromequitymethodinvestments": 57000000,
        "incomelossfromcontinuingoperationsincludingportionattributabletononcontrollinginterest": 232000000,
        "incomelossfromdiscontinuedoperationsnetoftaxattributabletoreportingentity": 0,
        "profitloss": 224000000,
        "netincomelossattributabletononcontrollinginterest": 8000000,
        "netincomeloss": 224000000,
        "incomelossfromcontinuingoperationsperbasicshare": 0.5199999999999999,
        "incomelossfromdiscontinuedoperationsnetoftaxperbasicshare": 0,
        "earningspersharebasic": 0.52,
        "incomelossfromcontinuingoperationsperdilutedshare": 0.5199999999999999,
        "incomelossfromdiscontinuedoperationsnetoftaxperdilutedshare": 0,
        "earningspersharediluted": 0.52,
        "weightedaveragenumberofdilutedsharesoutstanding": -400000,
        "commonstockdividendspersharecashpaid": 0.2625,
        "incomelossfromcontinuingoperations": 224000000
    },
    {
        "date": "2011-03-30",
        "symbol": "IP",
        "period": "Q1",
        "salesrevenuenet": 1530000000,
        "costofgoodssold": 4625000000,
        "sellinggeneralandadministrativeexpense": 485000000,
        "depreciationamortizationandcostoftimberharvested": 340000000,
        "shippinghandlingandtransportationcosts": 340000000,
        "taxesother": 40000000,
        "restructuringandotherrelatedcharges": 45000000,
        "disposalgroupnotdiscontinuedoperationgainlossondisposal": -8000000,
        "interestexpensenet": 136000000,
        "incomelossfromcontinuingoperationsbeforeincometaxesminorityinterestandincomelossfromequitymethodinvestments": 368000000,
        "incometaxexpensebenefit": 123000000,
        "incomelossfromequitymethodinvestments": 44000000,
        "incomelossfromcontinuingoperationsincludingportionattributabletononcontrollinginterest": 298000000,
        "incomelossfromdiscontinuedoperationsnetoftaxattributabletoreportingentity": 49000000,
        "profitloss": 342000000,
        "netincomelossattributabletononcontrollinginterest": 5000000,
        "netincomeloss": 342000000,
        "incomelossfromcontinuingoperationsperbasicshare": 0.68,
        "incomelossfromdiscontinuedoperationsnetoftaxperbasicshare": 0.11,
        "earningspersharebasic": 0.79,
        "incomelossfromcontinuingoperationsperdilutedshare": 0.67,
        "incomelossfromdiscontinuedoperationsnetoftaxperdilutedshare": 0.11,
        "earningspersharediluted": 0.78,
        "weightedaveragenumberofdilutedsharesoutstanding": 433800000,
        "commonstockdividendspersharecashpaid": 0.1875,
        "incomelossfromcontinuingoperations": 293000000
    },
    {
        "date": "2010-09-29",
        "symbol": "IP",
        "period": "Q3",
        "salesrevenuenet": -6290000000,
        "costofgoodssold": 4758000000,
        "sellinggeneralandadministrativeexpense": 504000000,
        "depreciationamortizationandcostoftimberharvested": 362000000,
        "shippinghandlingandtransportationcosts": 339000000,
        "taxesother": 58000000,
        "restructuringandotherrelatedcharges": 0,
        "interestexpensenet": 152000000,
        "incomelossfromcontinuingoperationsbeforeincometaxesminorityinterestandincomelossfromequitymethodinvestments": 547000000,
        "incometaxexpensebenefit": 170000000,
        "incomelossfromequitymethodinvestments": 21000000,
        "profitloss": 381000000,
        "netincomelossattributabletononcontrollinginterest": 2000000,
        "netincomeloss": 397000000,
        "earningspersharebasic": 0.92,
        "earningspersharediluted": 0.93,
        "weightedaveragenumberofdilutedsharesoutstanding": -428400000,
        "commonstockdividendspersharecashpaid": 0.12500000000000003
    },
    {
        "date": "2010-06-29",
        "symbol": "IP",
        "period": "Q2",
        "salesrevenuenet": -244000000,
        "costofgoodssold": 4490000000,
        "sellinggeneralandadministrativeexpense": 472000000,
        "depreciationamortizationandcostoftimberharvested": 363000000,
        "shippinghandlingandtransportationcosts": 330000000,
        "taxesother": 47000000,
        "restructuringandotherrelatedcharges": 144000000,
        "interestexpensenet": 157000000,
        "incomelossfromcontinuingoperationsbeforeincometaxesminorityinterestandincomelossfromequitymethodinvestments": 118000000,
        "incometaxexpensebenefit": 25000000,
        "incomelossfromequitymethodinvestments": 5000000,
        "profitloss": 100000000,
        "netincomelossattributabletononcontrollinginterest": 7000000,
        "netincomeloss": 93000000,
        "earningspersharebasic": 0.22,
        "earningspersharediluted": 0.21,
        "weightedaveragenumberofdilutedsharesoutstanding": 433400000,
        "commonstockdividendspersharecashpaid": 0.125
    },
    {
        "date": "2010-03-30",
        "symbol": "IP",
        "period": "Q1",
        "salesrevenuenet": 5807000000,
        "costofgoodssold": 4464000000,
        "sellinggeneralandadministrativeexpense": 421000000,
        "depreciationamortizationandcostoftimberharvested": 371000000,
        "shippinghandlingandtransportationcosts": 317000000,
        "taxesother": 45000000,
        "restructuringandotherrelatedcharges": 215000000,
        "interestexpensenet": 149000000,
        "incomelossfromcontinuingoperationsbeforeincometaxesminorityinterestandincomelossfromequitymethodinvestments": -175000000,
        "incometaxexpensebenefit": -24000000,
        "incomelossfromequitymethodinvestments": -2000000,
        "profitloss": -153000000,
        "netincomelossattributabletononcontrollinginterest": 9000000,
        "netincomeloss": -162000000,
        "earningspersharebasic": -0.38,
        "earningspersharediluted": -0.38,
        "weightedaveragenumberofdilutedsharesoutstanding": 428800000,
        "commonstockdividendspersharecashpaid": 0.025
    }
]