[
    {
        "date": "2024-03-30",
        "symbol": "FANG",
        "period": "Q1",
        "revenuefromcontractwithcustomerexcludingassessedtax": 1867000000,
        "otheroperatingincome": 10000000,
        "revenues": 2227000000,
        "operatingleaseexpense": 255000000,
        "productiontaxexpense": 119000000,
        "costofgoodsandservicessold": 77000000,
        "depreciationdepletionandamortization": 469000000,
        "sellinggeneralandadministrativeexpense": 46000000,
        "mergerandintegrationexpense": 12000000,
        "othercostandexpenseoperating": 14000000,
        "costsandexpenses": 1109000000,
        "operatingincomeloss": 1118000000,
        "interestincomeexpensenonoperatingnet": -46000000,
        "othernonoperatingincomenet": 4000000,
        "derivativeinstrumentsnotdesignatedashedginginstrumentsgainlossnet": -48000000,
        "gainslossesonextinguishmentofdebt": 2000000,
        "incomelossfromequitymethodinvestments": 2000000,
        "nonoperatingincomeexpense": -86000000,
        "incomelossfromcontinuingoperationsbeforeincometaxesextraordinaryitemsnoncontrollinginterest": 1032000000,
        "incometaxexpensebenefit": 223000000,
        "profitloss": 809000000,
        "netincomelossattributabletononcontrollinginterest": 41000000,
        "netincomeloss": 768000000,
        "earningspersharebasic": 4.28,
        "earningspersharediluted": 4.28,
        "weightedaveragenumberofsharesoutstandingbasic": 178477000,
        "weightedaveragenumberofdilutedsharesoutstanding": 178477000
    },
    {
        "date": "2023-12-30",
        "symbol": "FANG",
        "period": "Q4",
        "revenuefromcontractwithcustomerexcludingassessedtax": 1920000000,
        "revenues": 2228000000,
        "operatingleaseexpense": 254000000,
        "productiontaxexpense": 104000000,
        "depreciationdepletionandamortization": 469000000,
        "sellinggeneralandadministrativeexpense": 39000000,
        "mergerandintegrationexpense": 0,
        "othercostandexpenseoperating": 27000000,
        "costsandexpenses": 1023000000,
        "operatingincomeloss": 1205000000,
        "interestincomeexpensenonoperatingnet": -37000000,
        "othernonoperatingincomenet": -1000000,
        "incomelossfromequitymethodinvestments": 9000000,
        "nonoperatingincomeexpense": 70000000,
        "incomelossfromcontinuingoperationsbeforeincometaxesextraordinaryitemsnoncontrollinginterest": 1275000000,
        "incometaxexpensebenefit": 264000000,
        "profitloss": 1011000000,
        "netincomelossattributabletononcontrollinginterest": 51000000,
        "netincomeloss": 960000000,
        "earningspersharebasic": 5.329999999999997,
        "earningspersharediluted": 5.329999999999997,
        "weightedaveragenumberofsharesoutstandingbasic": 179999000,
        "weightedaveragenumberofdilutedsharesoutstanding": 179999000
    },
    {
        "date": "2023-09-29",
        "symbol": "FANG",
        "period": "Q3",
        "revenuefromcontractwithcustomerexcludingassessedtax": 1561000000,
        "revenues": 5937000000,
        "operatingleaseexpense": 226000000,
        "productiontaxexpense": 118000000,
        "depreciationdepletionandamortization": 1251000000,
        "sellinggeneralandadministrativeexpense": 34000000,
        "mergerandintegrationexpense": 1000000,
        "othercostandexpenseoperating": 47000000,
        "costsandexpenses": 1000000000,
        "operatingincomeloss": 3420000000,
        "interestincomeexpensenonoperatingnet": -41000000,
        "othernonoperatingincomenet": 37000000,
        "derivativeinstrumentsnotdesignatedashedginginstrumentsgainlossnet": -76000000,
        "incomelossfromequitymethodinvestments": 9000000,
        "nonoperatingincomeexpense": -71000000,
        "incomelossfromcontinuingoperationsbeforeincometaxesextraordinaryitemsnoncontrollinginterest": 1269000000,
        "incometaxexpensebenefit": 641000000,
        "profitloss": 2261000000,
        "netincomelossattributabletononcontrollinginterest": 78000000,
        "netincomeloss": 2246000000,
        "earningspersharebasic": 5.080000000000001,
        "earningspersharediluted": 5.080000000000001,
        "weightedaveragenumberofsharesoutstandingbasic": -181961000,
        "weightedaveragenumberofdilutedsharesoutstanding": -181961000,
        "commonstockdividendspersharedeclared": 3.37
    },
    {
        "date": "2023-06-29",
        "symbol": "FANG",
        "period": "Q2",
        "revenuefromcontractwithcustomerexcludingassessedtax": 1896000000,
        "otheroperatingincome": 23000000,
        "revenues": 127000000,
        "operatingleaseexpense": 200000000,
        "productiontaxexpense": 148000000,
        "costofgoodsandservicessold": 68000000,
        "depreciationdepletionandamortization": 11000000,
        "sellinggeneralandadministrativeexpense": 37000000,
        "mergerandintegrationexpense": 2000000,
        "othercostandexpenseoperating": 32000000,
        "costsandexpenses": 919000000,
        "operatingincomeloss": -33000000,
        "interestincomeexpensenonoperatingnet": -51000000,
        "othernonoperatingincomenet": -21000000,
        "derivativeinstrumentsnotdesignatedashedginginstrumentsgainlossnet": -189000000,
        "gainslossesonextinguishmentofdebt": -4000000,
        "incomelossfromequitymethodinvestments": 16000000,
        "nonoperatingincomeexpense": -249000000,
        "incomelossfromcontinuingoperationsbeforeincometaxesextraordinaryitemsnoncontrollinginterest": 751000000,
        "incometaxexpensebenefit": 3000000,
        "profitloss": 30000000,
        "netincomelossattributabletononcontrollinginterest": 30000000,
        "netincomeloss": -41000000,
        "earningspersharebasic": 3.05,
        "earningspersharediluted": 3.05,
        "weightedaveragenumberofsharesoutstandingbasic": 180373000,
        "weightedaveragenumberofdilutedsharesoutstanding": 180373000,
        "commonstockdividendspersharedeclared": 0.84
    },
    {
        "date": "2023-03-30",
        "symbol": "FANG",
        "period": "Q1",
        "revenuefromcontractwithcustomerexcludingassessedtax": 1902000000,
        "revenuenotfromcontractwithcustomer": 23000000,
        "revenues": 120000000,
        "operatingleaseexpense": 192000000,
        "productiontaxexpense": 155000000,
        "gatheringandtransportationexpsense": 68000000,
        "depreciationdepletionandamortization": 15000000,
        "sellinggeneralandadministrativeexpense": 40000000,
        "mergerandintegrationexpense": 8000000,
        "othercostandexpenseoperating": 34000000,
        "costsandexpenses": 900000000,
        "operatingincomeloss": -22000000,
        "interestincomeexpensenonoperatingnet": -46000000,
        "othernonoperatingincomenet": 53000000,
        "derivativeinstrumentsnotdesignatedashedginginstrumentsgainlossnet": -93000000,
        "incomelossfromequitymethodinvestments": 14000000,
        "nonoperatingincomeexpense": -72000000,
        "incomelossfromcontinuingoperationsbeforeincometaxesextraordinaryitemsnoncontrollinginterest": 953000000,
        "incometaxexpensebenefit": 4000000,
        "profitloss": 34000000,
        "netincomelossattributabletononcontrollinginterest": 34000000,
        "netincomeloss": -22000000,
        "earningspersharebasic": 3.88,
        "earningspersharediluted": 3.88,
        "weightedaveragenumberofsharesoutstandingbasic": 181988000,
        "weightedaveragenumberofdilutedsharesoutstanding": 181988000,
        "commonstockdividendspersharedeclared": 0.83
    },
    {
        "date": "2022-12-30",
        "symbol": "FANG",
        "period": "Q4",
        "revenuefromcontractwithcustomerexcludingassessedtax": 666000000,
        "revenues": 6997000000,
        "operatingleaseexpense": 161000000,
        "productiontaxexpense": 116000000,
        "depreciationdepletionandamortization": 971000000,
        "sellinggeneralandadministrativeexpense": 35000000,
        "costsandexpenses": 774000000,
        "operatingincomeloss": 4933000000,
        "interestincomeexpensenonoperatingnet": -98000000,
        "othernonoperatingincomenet": -2000000,
        "gainslossesonextinguishmentofdebt": -40000000,
        "incomelossfromequitymethodinvestments": 21000000,
        "nonoperatingincomeexpense": 33000000,
        "incomelossfromcontinuingoperationsbeforeincometaxesextraordinaryitemsnoncontrollinginterest": 1289000000,
        "incometaxexpensebenefit": 878000000,
        "profitloss": 1028000000,
        "netincomelossattributabletononcontrollinginterest": 70000000,
        "netincomeloss": 3250000000,
        "earningspersharebasic": 5.590000000000001,
        "earningspersharediluted": 5.610000000000002,
        "weightedaveragenumberofsharesoutstandingbasic": -174931000,
        "weightedaveragenumberofdilutedsharesoutstanding": -175249000,
        "commonstockdividendspersharedeclared": 2.950000000000001
    },
    {
        "date": "2022-09-29",
        "symbol": "FANG",
        "period": "Q3",
        "revenuefromcontractwithcustomerexcludingassessedtax": 1853000000,
        "otheroperatingincome": 20000000,
        "revenues": 2437000000,
        "operatingleaseexpense": 183000000,
        "productiontaxexpense": 156000000,
        "costofgoodsandservicessold": 71000000,
        "depreciationdepletionandamortization": 336000000,
        "sellinggeneralandadministrativeexpense": 34000000,
        "mergerandintegrationexpense": 11000000,
        "othercostandexpenseoperating": 32000000,
        "costsandexpenses": 823000000,
        "operatingincomeloss": 1614000000,
        "interestincomeexpensenonoperatingnet": -43000000,
        "othernonoperatingincomenet": -5000000,
        "derivativeinstrumentsnotdesignatedashedginginstrumentsgainlossnet": -24000000,
        "gainslossesonextinguishmentofdebt": -1000000,
        "incomelossfromequitymethodinvestments": 19000000,
        "nonoperatingincomeexpense": -54000000,
        "incomelossfromcontinuingoperationsbeforeincometaxesextraordinaryitemsnoncontrollinginterest": 1560000000,
        "incometaxexpensebenefit": 290000000,
        "profitloss": 1270000000,
        "netincomelossattributabletononcontrollinginterest": 86000000,
        "netincomeloss": 1184000000,
        "earningspersharebasic": 6.72,
        "earningspersharediluted": 6.72,
        "weightedaveragenumberofsharesoutstandingbasic": 174406000,
        "weightedaveragenumberofdilutedsharesoutstanding": 174408000,
        "commonstockdividendspersharedeclared": 2.26
    },
    {
        "date": "2022-06-29",
        "symbol": "FANG",
        "period": "Q2",
        "revenuefromcontractwithcustomerexcludingassessedtax": 2752000000,
        "revenuenotfromcontractwithcustomer": 29000000,
        "revenues": 105000000,
        "operatingleaseexpense": 159000000,
        "productiontaxexpense": 178000000,
        "costofgoodsandservicessold": 23000000,
        "depreciationdepletionandamortization": 16000000,
        "sellinggeneralandadministrativeexpense": 39000000,
        "othercostandexpenseoperating": 0,
        "costsandexpenses": 790000000,
        "operatingincomeloss": -23000000,
        "interestincomeexpensenonoperatingnet": -9000000,
        "othernonoperatingincomenet": 1000000,
        "derivativeinstrumentsnotdesignatedashedginginstrumentsgainlossnet": -101000000,
        "gainslossesonextinguishmentofdebt": -39000000,
        "incomelossfromequitymethodinvestments": 28000000,
        "nonoperatingincomeexpense": -115000000,
        "incomelossfromcontinuingoperationsbeforeincometaxesextraordinaryitemsnoncontrollinginterest": 1863000000,
        "incometaxexpensebenefit": 4000000,
        "profitloss": 2240000000,
        "netincomelossattributabletononcontrollinginterest": 12000000,
        "netincomeloss": -27000000,
        "earningspersharebasic": 7.910000000000001,
        "earningspersharediluted": 7.919999999999999,
        "weightedaveragenumberofsharesoutstandingbasic": -501000,
        "weightedaveragenumberofdilutedsharesoutstanding": -1175000,
        "commonstockdividendspersharedeclared": 3.05
    },
    {
        "date": "2022-03-30",
        "symbol": "FANG",
        "period": "Q1",
        "revenuefromcontractwithcustomerexcludingassessedtax": 2389000000,
        "revenuenotfromcontractwithcustomer": 2000000,
        "revenues": 104000000,
        "operatingleaseexpense": 149000000,
        "productiontaxexpense": 161000000,
        "costofgoodsandservicessold": 22000000,
        "depreciationdepletionandamortization": 21000000,
        "sellinggeneralandadministrativeexpense": 36000000,
        "othercostandexpenseoperating": 8000000,
        "costsandexpenses": 748000000,
        "operatingincomeloss": -16000000,
        "interestincomeexpensenonoperatingnet": -9000000,
        "othernonoperatingincomenet": 1000000,
        "derivativeinstrumentsnotdesignatedashedginginstrumentsgainlossnet": -552000000,
        "gainslossesonextinguishmentofdebt": -19000000,
        "incomelossfromequitymethodinvestments": 9000000,
        "nonoperatingincomeexpense": -636000000,
        "incomelossfromcontinuingoperationsbeforeincometaxesextraordinaryitemsnoncontrollinginterest": 1024000000,
        "incometaxexpensebenefit": 2000000,
        "profitloss": 24000000,
        "netincomelossattributabletononcontrollinginterest": 8000000,
        "netincomeloss": -21000000,
        "earningspersharebasic": 4.39,
        "earningspersharediluted": 4.36,
        "weightedaveragenumberofsharesoutstandingbasic": 177565000,
        "weightedaveragenumberofdilutedsharesoutstanding": 178555000,
        "commonstockdividendspersharedeclared": 3.05
    },
    {
        "date": "2021-12-30",
        "symbol": "FANG",
        "period": "Q4",
        "revenuefromcontractwithcustomerexcludingassessedtax": 1160000000,
        "revenues": 3823000000,
        "operatingleaseexpense": 150000000,
        "productiontaxexpense": 121000000,
        "costofgoodsandservicessold": 106000000,
        "depreciationdepletionandamortization": 644000000,
        "sellinggeneralandadministrativeexpense": 47000000,
        "othercostandexpenseoperating": -5000000,
        "costsandexpenses": 711000000,
        "operatingincomeloss": 2491000000,
        "interestincomeexpensenonoperatingnet": -79000000,
        "derivativeinstrumentsnotdesignatedashedginginstrumentsgainlossnet": 47000000,
        "incomelossfromequitymethodinvestments": 9000000,
        "nonoperatingincomeexpense": 19000000,
        "incomelossfromcontinuingoperationsbeforeincometaxesextraordinaryitemsnoncontrollinginterest": 1330000000,
        "incometaxexpensebenefit": 469000000,
        "profitloss": 1051000000,
        "netincomelossattributabletononcontrollinginterest": 65000000,
        "netincomeloss": 1668000000,
        "earningspersharebasic": 5.619999999999999,
        "earningspersharediluted": 5.620000000000001,
        "weightedaveragenumberofsharesoutstandingbasic": 1179000,
        "weightedaveragenumberofdilutedsharesoutstanding": 806000,
        "commonstockdividendspersharedeclared": 0.5999999999999998
    },
    {
        "date": "2021-09-29",
        "symbol": "FANG",
        "period": "Q3",
        "revenuefromcontractwithcustomerexcludingassessedtax": 1897000000,
        "revenues": 109000000,
        "operatingleaseexpense": 156000000,
        "productiontaxexpense": 124000000,
        "costofgoodsandservicessold": 19000000,
        "depreciationdepletionandamortization": 17000000,
        "sellinggeneralandadministrativeexpense": 38000000,
        "mergerandintegrationexpense": 0,
        "othercostandexpenseoperating": 1000000,
        "costsandexpenses": 746000000,
        "operatingincomeloss": -16000000,
        "interestincomeexpensenonoperatingnet": -7000000,
        "derivativeinstrumentsnotdesignatedashedginginstrumentsgainlossnet": -234000000,
        "incomelossfromequitymethodinvestments": 4000000,
        "nonoperatingincomeexpense": -297000000,
        "incomelossfromcontinuingoperationsbeforeincometaxesextraordinaryitemsnoncontrollinginterest": 867000000,
        "incometaxexpensebenefit": 3000000,
        "profitloss": 674000000,
        "netincomelossattributabletononcontrollinginterest": 9000000,
        "netincomeloss": -17000000,
        "earningspersharebasic": 3.6500000000000004,
        "earningspersharediluted": 3.619999999999999,
        "weightedaveragenumberofsharesoutstandingbasic": 2828000,
        "weightedaveragenumberofdilutedsharesoutstanding": 3035000,
        "commonstockdividendspersharedeclared": 0.5000000000000001
    },
    {
        "date": "2021-06-29",
        "symbol": "FANG",
        "period": "Q2",
        "revenuefromcontractwithcustomerexcludingassessedtax": 1395000000,
        "otheroperatingincome": 2000000,
        "revenues": 1681000000,
        "operatingleaseexpense": 157000000,
        "productiontaxexpense": 105000000,
        "costofgoodsandservicessold": 56000000,
        "depreciationdepletionandamortization": 341000000,
        "sellinggeneralandadministrativeexpense": 36000000,
        "mergerandintegrationexpense": 2000000,
        "othercostandexpenseoperating": 9000000,
        "costsandexpenses": 726000000,
        "operatingincomeloss": 955000000,
        "interestincomeexpensenonoperatingnet": -57000000,
        "derivativeinstrumentsnotdesignatedashedginginstrumentsgainlossnet": -497000000,
        "gainslossesonextinguishmentofdebt": 0,
        "incomelossfromequitymethodinvestments": 5000000,
        "nonoperatingincomeexpense": -533000000,
        "incomelossfromcontinuingoperationsbeforeincometaxesextraordinaryitemsnoncontrollinginterest": 422000000,
        "incometaxexpensebenefit": 94000000,
        "profitloss": 328000000,
        "netincomelossattributabletononcontrollinginterest": 17000000,
        "netincomeloss": 311000000,
        "earningspersharebasic": 1.74,
        "earningspersharediluted": 1.73,
        "weightedaveragenumberofsharesoutstandingbasic": 8467000,
        "weightedaveragenumberofdilutedsharesoutstanding": 8592000,
        "commonstockdividendspersharedeclared": 0.44999999999999996
    },
    {
        "date": "2021-03-30",
        "symbol": "FANG",
        "period": "Q1",
        "revenuefromcontractwithcustomerexcludingassessedtax": 944000000,
        "otheroperatingincome": 1000000,
        "revenues": 1184000000,
        "operatingleaseexpense": 102000000,
        "productiontaxexpense": 75000000,
        "costofgoodsandservicessold": 31000000,
        "depreciationdepletionandamortization": 273000000,
        "impairmentofmidstreamassets": 3000000,
        "sellinggeneralandadministrativeexpense": 25000000,
        "mergerandintegrationexpense": 75000000,
        "othercostandexpenseoperating": 1000000,
        "costsandexpenses": 613000000,
        "operatingincomeloss": 571000000,
        "interestincomeexpensenonoperatingnet": -56000000,
        "othernonoperatingincome": 1000000,
        "derivativeinstrumentsnotdesignatedashedginginstrumentsgainlossnet": -164000000,
        "gainslossesonextinguishmentofdebt": -61000000,
        "incomelossfromequitymethodinvestments": -3000000,
        "nonoperatingincomeexpense": -283000000,
        "incomelossfromcontinuingoperationsbeforeincometaxesextraordinaryitemsnoncontrollinginterest": 288000000,
        "incometaxexpensebenefit": 65000000,
        "profitloss": 223000000,
        "netincomelossattributabletononcontrollinginterest": 3000000,
        "netincomeloss": 220000000,
        "earningspersharebasic": 1.34,
        "earningspersharediluted": 1.33,
        "weightedaveragenumberofsharesoutstandingbasic": 164169000,
        "weightedaveragenumberofdilutedsharesoutstanding": 164926000,
        "commonstockdividendspersharedeclared": 0.4
    },
    {
        "date": "2020-12-30",
        "symbol": "FANG",
        "period": "Q4",
        "revenuefromcontractwithcustomerexcludingassessedtax": 625000000,
        "otheroperatingincome": 2000000,
        "revenues": 769000000,
        "operatingleaseexpense": 93000000,
        "productiontaxexpense": 47000000,
        "costofgoodsandservicessold": 35000000,
        "depreciationdepletionandamortization": 268000000,
        "impairmentofoilandgasproperties": 1022000000,
        "sellinggeneralandadministrativeexpense": 24000000,
        "assetretirementobligationaccretionexpense": 2000000,
        "othercostandexpenseoperating": 0,
        "costsandexpenses": 1515000000,
        "operatingincomeloss": -746000000,
        "interestincomeexpensenonoperatingnet": -50000000,
        "derivativeinstrumentsnotdesignatedashedginginstrumentsgainlossnet": -163000000,
        "gainlossoninvestments": 0,
        "nonoperatingincomeexpense": -212000000,
        "incomelossfromcontinuingoperationsbeforeincometaxesextraordinaryitemsnoncontrollinginterest": -958000000,
        "incometaxexpensebenefit": -202000000,
        "profitloss": -756000000,
        "netincomelossattributabletononcontrollinginterest": -17000000,
        "netincomeloss": -739000000,
        "earningspersharebasic": -4.680000000000001,
        "earningspersharediluted": -4.680000000000001,
        "weightedaveragenumberofsharesoutstandingbasic": -8000,
        "weightedaveragenumberofdilutedsharesoutstanding": -8000,
        "commonstockdividendspersharedeclared": 0.3999999999999999
    },
    {
        "date": "2020-09-29",
        "symbol": "FANG",
        "period": "Q3",
        "revenuefromcontractwithcustomerexcludingassessedtax": 606000000,
        "otheroperatingincome": 1000000,
        "revenues": 720000000,
        "operatingleaseexpense": 102000000,
        "productiontaxexpense": 55000000,
        "costofgoodsandservicessold": 33000000,
        "depreciationdepletionandamortization": 286000000,
        "impairmentofoilandgasproperties": 1451000000,
        "sellinggeneralandadministrativeexpense": 20000000,
        "assetretirementobligationaccretionexpense": 2000000,
        "othercostandexpenseoperating": 1000000,
        "costsandexpenses": 1976000000,
        "operatingincomeloss": -1256000000,
        "interestincomeexpensenonoperatingnet": -53000000,
        "derivativeinstrumentsnotdesignatedashedginginstrumentsgainlossnet": -99000000,
        "gainlossoninvestments": -2000000,
        "nonoperatingincomeexpense": -153000000,
        "incomelossfromcontinuingoperationsbeforeincometaxesextraordinaryitemsnoncontrollinginterest": -1409000000,
        "incometaxexpensebenefit": -304000000,
        "profitloss": -1105000000,
        "netincomelossattributabletononcontrollinginterest": 8000000,
        "netincomeloss": -1113000000,
        "earningspersharebasic": -7.050000000000002,
        "earningspersharediluted": -7.050000000000002,
        "weightedaveragenumberofsharesoutstandingbasic": -76000,
        "weightedaveragenumberofdilutedsharesoutstanding": -76000,
        "commonstockdividendspersharedeclared": 0.375
    },
    {
        "date": "2020-06-29",
        "symbol": "FANG",
        "period": "Q2",
        "revenuefromcontractwithcustomerexcludingassessedtax": 352000000,
        "otheroperatingincome": 2000000,
        "revenues": 425000000,
        "operatingleaseexpense": 103000000,
        "productiontaxexpense": 22000000,
        "costofgoodsandservicessold": 36000000,
        "depreciationdepletionandamortization": 343000000,
        "impairmentofoilandgasproperties": 2539000000,
        "sellinggeneralandadministrativeexpense": 20000000,
        "assetretirementobligationaccretionexpense": 1000000,
        "othercostandexpenseoperating": 1000000,
        "costsandexpenses": 3097000000,
        "operatingincomeloss": -2672000000,
        "interestincomeexpensenonoperatingnet": -46000000,
        "othernonoperatingincome": 0,
        "derivativeinstrumentsnotdesignatedashedginginstrumentsgainlossnet": -361000000,
        "gainlossoninvestments": 3000000,
        "nonoperatingincomeexpense": -420000000,
        "incomelossfromcontinuingoperationsbeforeincometaxesextraordinaryitemsnoncontrollinginterest": -3092000000,
        "incometaxexpensebenefit": -681000000,
        "profitloss": -2411000000,
        "netincomelossattributabletononcontrollinginterest": -18000000,
        "netincomeloss": -2393000000,
        "earningspersharebasic": -15.139999999999999,
        "earningspersharediluted": -15.139999999999999,
        "weightedaveragenumberofsharesoutstandingbasic": -231000,
        "weightedaveragenumberofdilutedsharesoutstanding": -434000,
        "commonstockdividendspersharedeclared": 0.375
    },
    {
        "date": "2020-03-30",
        "symbol": "FANG",
        "period": "Q1",
        "revenuefromcontractwithcustomerexcludingassessedtax": 827000000,
        "otheroperatingincome": 2000000,
        "revenues": 899000000,
        "operatingleaseexpense": 127000000,
        "productiontaxexpense": 71000000,
        "costofgoodsandservicessold": 36000000,
        "depreciationdepletionandamortization": 407000000,
        "impairmentofoilandgasproperties": 1009000000,
        "sellinggeneralandadministrativeexpense": 24000000,
        "assetretirementobligationaccretionexpense": 2000000,
        "othercostandexpenseoperating": 2000000,
        "costsandexpenses": 1701000000,
        "operatingincomeloss": -802000000,
        "interestincomeexpensenonoperatingnet": -48000000,
        "othernonoperatingincome": 1000000,
        "derivativeinstrumentsnotdesignatedashedginginstrumentsgainlossnet": 542000000,
        "gainlossoninvestments": -10000000,
        "nonoperatingincomeexpense": 485000000,
        "incomelossfromcontinuingoperationsbeforeincometaxesextraordinaryitemsnoncontrollinginterest": -317000000,
        "incometaxexpensebenefit": 83000000,
        "profitloss": -400000000,
        "netincomelossattributabletononcontrollinginterest": -128000000,
        "netincomeloss": -272000000,
        "earningspersharebasic": -1.72,
        "earningspersharediluted": -1.72,
        "weightedaveragenumberofsharesoutstandingbasic": 158291000,
        "weightedaveragenumberofdilutedsharesoutstanding": 158494000,
        "commonstockdividendspersharedeclared": 0.375
    },
    {
        "date": "2019-12-30",
        "symbol": "FANG",
        "period": "Q4",
        "leasebonus": 0,
        "otheroperatingincome": 2000000,
        "operatingleaseexpense": 126000000,
        "productiontaxexpense": 68000000,
        "costofgoodsandservicessold": 34000000,
        "depreciationdepletionandamortization": 401000000,
        "sellinggeneralandadministrativeexpense": 36000000,
        "assetretirementobligationaccretionexpense": 1000000,
        "othercostandexpenseoperating": 1000000,
        "costsandexpenses": 1488000000,
        "operatingincomeloss": -384000000,
        "interestincomeexpensenonoperatingnet": -39000000,
        "derivativeinstrumentsnotdesignatedashedginginstrumentsgainlossnet": -111000000,
        "nonoperatingincomeexpense": -212000000,
        "incomelossfromcontinuingoperationsbeforeincometaxesextraordinaryitemsnoncontrollinginterest": -596000000,
        "incometaxexpensebenefit": -124000000,
        "profitloss": -472000000,
        "netincomelossattributabletononcontrollinginterest": 15000000,
        "netincomeloss": -487000000,
        "earningspersharebasic": -2.97,
        "earningspersharediluted": -2.9499999999999997,
        "weightedaveragenumberofsharesoutstandingbasic": -577000,
        "weightedaveragenumberofdilutedsharesoutstanding": -623000,
        "commonstockdividendspersharedeclared": 0.375
    },
    {
        "date": "2019-09-29",
        "symbol": "FANG",
        "period": "Q3",
        "leasebonus": 1000000,
        "otheroperatingincome": 2000000,
        "operatingleaseexpense": 128000000,
        "productiontaxexpense": 61000000,
        "costofgoodsandservicessold": 25000000,
        "depreciationdepletionandamortization": 365000000,
        "sellinggeneralandadministrativeexpense": 19000000,
        "assetretirementobligationaccretionexpense": 1000000,
        "othercostandexpenseoperating": 1000000,
        "costsandexpenses": 626000000,
        "operatingincomeloss": 349000000,
        "interestincomeexpensenonoperatingnet": -38000000,
        "othernonoperatingincome": 2000000,
        "derivativeinstrumentsnotdesignatedashedginginstrumentsgainlossnet": 177000000,
        "nonoperatingincomeexpense": 141000000,
        "incomelossfromcontinuingoperationsbeforeincometaxesextraordinaryitemsnoncontrollinginterest": 490000000,
        "incometaxexpensebenefit": 102000000,
        "profitloss": 388000000,
        "netincomelossattributabletononcontrollinginterest": 20000000,
        "netincomeloss": 368000000,
        "earningspersharebasic": 2.2600000000000002,
        "earningspersharediluted": 2.25,
        "weightedaveragenumberofsharesoutstandingbasic": -776000,
        "weightedaveragenumberofdilutedsharesoutstanding": -787000,
        "commonstockdividendspersharedeclared": 0.1875
    },
    {
        "date": "2019-06-29",
        "symbol": "FANG",
        "period": "Q2",
        "revenuefromcontractwithcustomerincludingassessedtax": 947000000,
        "leasebonus": 2000000,
        "otheroperatingincome": 3000000,
        "operatingleaseexpense": 127000000,
        "productiontaxexpense": 64000000,
        "costofgoodsandservicessold": 17000000,
        "depreciationdepletionandamortization": 359000000,
        "sellinggeneralandadministrativeexpense": 22000000,
        "assetretirementobligationaccretionexpense": 3000000,
        "othercostandexpenseoperating": 1000000,
        "costsandexpenses": 610000000,
        "operatingincomeloss": 411000000,
        "interestincomeexpensenonoperatingnet": -49000000,
        "othernonoperatingincome": 2000000,
        "derivativeinstrumentsnotdesignatedashedginginstrumentsgainlossnet": 94000000,
        "gainlossoninvestments": 0,
        "nonoperatingincomeexpense": 47000000,
        "incomelossfromcontinuingoperationsbeforeincometaxesextraordinaryitemsnoncontrollinginterest": 458000000,
        "incometaxexpensebenefit": 102000000,
        "profitloss": 356000000,
        "netincomelossattributabletononcontrollinginterest": 7000000,
        "netincomeloss": 349000000,
        "earningspersharebasic": 2.12,
        "earningspersharediluted": 2.11,
        "weightedaveragenumberofsharesoutstandingbasic": -6000,
        "weightedaveragenumberofdilutedsharesoutstanding": 192000,
        "commonstockdividendspersharedeclared": 0.1875
    },
    {
        "date": "2019-03-30",
        "symbol": "FANG",
        "period": "Q1",
        "revenuefromcontractwithcustomerincludingassessedtax": 743000000,
        "leasebonus": 1000000,
        "otheroperatingincome": 2000000,
        "operatingleaseexpense": 109000000,
        "productiontaxexpense": 55000000,
        "costofgoodsandservicessold": 12000000,
        "depreciationdepletionandamortization": 322000000,
        "sellinggeneralandadministrativeexpense": 27000000,
        "assetretirementobligationaccretionexpense": 2000000,
        "othercostandexpenseoperating": 1000000,
        "costsandexpenses": 545000000,
        "operatingincomeloss": 319000000,
        "interestincomeexpensenonoperatingnet": -46000000,
        "othernonoperatingincome": 1000000,
        "derivativeinstrumentsnotdesignatedashedginginstrumentsgainlossnet": -268000000,
        "gainlossoninvestments": 4000000,
        "nonoperatingincomeexpense": -309000000,
        "incomelossfromcontinuingoperationsbeforeincometaxesextraordinaryitemsnoncontrollinginterest": 10000000,
        "incometaxexpensebenefit": -33000000,
        "profitloss": 43000000,
        "netincomelossattributabletononcontrollinginterest": 33000000,
        "netincomeloss": 10000000,
        "earningspersharebasic": 0.06,
        "earningspersharediluted": 0.06,
        "weightedaveragenumberofsharesoutstandingbasic": 164852000,
        "weightedaveragenumberofdilutedsharesoutstanding": 165061000,
        "commonstockdividendspersharedeclared": 0.1875
    },
    {
        "date": "2018-09-29",
        "symbol": "FANG",
        "period": "Q3",
        "revenuefromcontractwithcustomerincludingassessedtax": 14814000,
        "leasebonus": -2883000,
        "otheroperatingincome": 12000,
        "operatingleaseexpense": 49111000,
        "productiontaxexpense": 5027000,
        "costofgoodsandservicessold": 19725000,
        "depreciationdepletionandamortization": 4159000,
        "sellinggeneralandadministrativeexpense": -615000,
        "assetretirementobligationaccretionexpense": 387000,
        "othercostandexpenseoperating": 940000,
        "costsandexpenses": 3544000,
        "operatingincomeloss": -6427000,
        "interestincomeexpensenonoperatingnet": -10868000,
        "othernonoperatingincome": -615000,
        "derivativeinstrumentsnotdesignatedashedginginstrumentsgainlossnet": -48373000,
        "gainlossoninvestments": -199000,
        "nonoperatingincomeexpense": -615000,
        "incomelossfromcontinuingoperationsbeforeincometaxesextraordinaryitemsnoncontrollinginterest": -7042000,
        "incometaxexpensebenefit": 41512000,
        "profitloss": -7042000,
        "netincomelossattributabletononcontrollinginterest": -46103000,
        "netincomeloss": 39061000,
        "earningspersharebasic": 1.59,
        "earningspersharediluted": 1.59,
        "weightedaveragenumberofsharesoutstandingbasic": 98638000,
        "weightedaveragenumberofdilutedsharesoutstanding": 98818000,
        "commonstockdividendspersharedeclared": 0.125,
        "allocatedsharebasedcompensationexpense": 5350000
    },
    {
        "date": "2018-06-29",
        "symbol": "FANG",
        "period": "Q2",
        "revenuefromcontractwithcustomerincludingassessedtax": 11365000,
        "leasebonus": 928000,
        "otheroperatingincome": 58000,
        "operatingleaseexpense": 42647000,
        "productiontaxexpense": 4867000,
        "costofgoodsandservicessold": 17601000,
        "depreciationdepletionandamortization": 4627000,
        "sellinggeneralandadministrativeexpense": -615000,
        "assetretirementobligationaccretionexpense": 365000,
        "othercostandexpenseoperating": 946000,
        "costsandexpenses": 4012000,
        "operatingincomeloss": -4012000,
        "interestincomeexpensenonoperatingnet": -10145000,
        "othernonoperatingincome": -615000,
        "derivativeinstrumentsnotdesignatedashedginginstrumentsgainlossnet": -58587000,
        "gainlossoninvestments": 4465000,
        "nonoperatingincomeexpense": -615000,
        "incomelossfromcontinuingoperationsbeforeincometaxesextraordinaryitemsnoncontrollinginterest": -4627000,
        "incometaxexpensebenefit": 65271000,
        "profitloss": -4627000,
        "netincomelossattributabletononcontrollinginterest": 52958000,
        "netincomeloss": -57585000,
        "earningspersharebasic": 2.22,
        "earningspersharediluted": 2.22,
        "weightedaveragenumberofsharesoutstandingbasic": 98614000,
        "weightedaveragenumberofdilutedsharesoutstanding": 98797000,
        "commonstockdividendspersharedeclared": 0.125,
        "allocatedsharebasedcompensationexpense": 5650000
    },
    {
        "date": "2018-03-30",
        "symbol": "FANG",
        "period": "Q1",
        "oilsalesrevenue": 419268000,
        "naturalgasproductionrevenue": 14378000,
        "liquidnaturalgassalesrevenue": 33113000,
        "naturalgasmidstreamrevenue": 11395000,
        "otheroperatingincome": 2041000,
        "oilandgasrevenue": 480195000,
        "leaseoperatingexpense": 37345000,
        "productiontaxexpense": 27304000,
        "gasgatheringtransportationmarketingandprocessingcosts": 4285000,
        "naturalgasmidstreamcosts": 11189000,
        "depreciationdepletionandamortization": 115216000,
        "sellinggeneralandadministrativeexpense": 16325000,
        "assetretirementobligationaccretionexpense": 355000,
        "othercostandexpenseoperating": 530000,
        "costsandexpenses": 212549000,
        "operatingincomeloss": 267646000,
        "interestincomeexpensenonoperatingnet": -13701000,
        "othernonoperatingincome": 2736000,
        "derivativeinstrumentsnotdesignatedashedginginstrumentsgainlossnet": -32345000,
        "gainlossoninvestments": 899000,
        "nonoperatingincomeexpense": -42411000,
        "incomelossfromcontinuingoperationsbeforeincometaxesextraordinaryitemsnoncontrollinginterest": 225235000,
        "incometaxexpensebenefit": 47081000,
        "profitloss": 162812000,
        "netincomelossattributabletononcontrollinginterest": 15342000,
        "netincomeloss": 162812000,
        "earningspersharebasic": 1.65,
        "earningspersharediluted": 1.65,
        "weightedaveragenumberofsharesoutstandingbasic": 98555000,
        "weightedaveragenumberofdilutedsharesoutstanding": 98769000,
        "commonstockdividendspersharedeclared": 0.125,
        "allocatedsharebasedcompensationexpense": 7451000
    },
    {
        "date": "2017-09-29",
        "symbol": "FANG",
        "period": "Q3",
        "oilsalesrevenue": 36011000,
        "naturalgasproductionrevenue": 3148000,
        "liquidnaturalgassalesrevenue": 3052000,
        "leasebonus": 322000,
        "naturalgasmidstreamrevenue": 1694000,
        "oilandgasrevenue": 42533000,
        "leaseoperatingexpense": 32498000,
        "productiontaxexpense": 2825000,
        "gasgatheringtransportationmarketingandprocessingcosts": 205000,
        "naturalgasmidstreamcosts": 4445000,
        "depreciationdepletionandamortization": 1745000,
        "sellinggeneralandadministrativeexpense": -615000,
        "assetretirementobligationaccretionexpense": 357000,
        "costsandexpenses": 1130000,
        "operatingincomeloss": -1130000,
        "interestincomeexpensenonoperatingnet": -9192000,
        "othernonoperatingincome": -615000,
        "derivativeinstrumentsnotdesignatedashedginginstrumentsgainlossnet": -50645000,
        "nonoperatingincomeexpense": -615000,
        "incomelossfromcontinuingoperationsbeforeincometaxesextraordinaryitemsnoncontrollinginterest": -1745000,
        "incometaxexpensebenefit": 857000,
        "profitloss": -1745000,
        "netincomelossattributabletononcontrollinginterest": 8924000,
        "netincomeloss": -10669000,
        "earningspersharebasic": 0.74,
        "earningspersharediluted": 0.74,
        "weightedaveragenumberofsharesoutstandingbasic": 98144000,
        "weightedaveragenumberofdilutedsharesoutstanding": 98369000,
        "allocatedsharebasedcompensationexpense": 6187000
    },
    {
        "date": "2017-06-29",
        "symbol": "FANG",
        "period": "Q2",
        "oilsalesrevenue": 31771000,
        "naturalgasproductionrevenue": 1954000,
        "liquidnaturalgassalesrevenue": 2208000,
        "leasebonus": -106000,
        "naturalgasmidstreamrevenue": 1417000,
        "oilandgasrevenue": -106000,
        "leaseoperatingexpense": 28989000,
        "productiontaxexpense": 2773000,
        "gasgatheringtransportationmarketingandprocessingcosts": 144000,
        "naturalgasmidstreamcosts": 1828000,
        "depreciationdepletionandamortization": 410000,
        "sellinggeneralandadministrativeexpense": -615000,
        "assetretirementobligationaccretionexpense": 350000,
        "costsandexpenses": -205000,
        "operatingincomeloss": 99000,
        "interestincomeexpensenonoperatingnet": -8245000,
        "othernonoperatingincome": -615000,
        "derivativeinstrumentsnotdesignatedashedginginstrumentsgainlossnet": 33320000,
        "nonoperatingincomeexpense": -615000,
        "incomelossfromcontinuingoperationsbeforeincometaxesextraordinaryitemsnoncontrollinginterest": -516000,
        "incometaxexpensebenefit": 1579000,
        "profitloss": -516000,
        "netincomelossattributabletononcontrollinginterest": 5723000,
        "netincomeloss": -6239000,
        "earningspersharebasic": 1.61,
        "earningspersharediluted": 1.61,
        "weightedaveragenumberofsharesoutstandingbasic": 98142000,
        "weightedaveragenumberofdilutedsharesoutstanding": 98354000,
        "allocatedsharebasedcompensationexpense": 6168000
    },
    {
        "date": "2017-03-30",
        "symbol": "FANG",
        "period": "Q1",
        "oilsalesrevenue": 207074000,
        "naturalgasproductionrevenue": 9922000,
        "liquidnaturalgassalesrevenue": 15502000,
        "leasebonus": 1602000,
        "naturalgasmidstreamrevenue": 1130000,
        "oilandgasrevenue": 235230000,
        "leaseoperatingexpense": 26626000,
        "productiontaxexpense": 15725000,
        "gasgatheringtransportationmarketingandprocessingcosts": 2619000,
        "naturalgasmidstreamcosts": 854000,
        "depreciationdepletionandamortization": 58929000,
        "sellinggeneralandadministrativeexpense": 13744000,
        "assetretirementobligationaccretionexpense": 323000,
        "costsandexpenses": 118820000,
        "operatingincomeloss": 116410000,
        "interestincomeexpensenonoperatingnet": -12225000,
        "othernonoperatingincome": 1145000,
        "derivativeinstrumentsnotdesignatedashedginginstrumentsgainlossnet": 37701000,
        "nonoperatingincomeexpense": 26621000,
        "incomelossfromcontinuingoperationsbeforeincometaxesextraordinaryitemsnoncontrollinginterest": 143031000,
        "incometaxexpensebenefit": 1957000,
        "profitloss": 136273000,
        "netincomelossattributabletononcontrollinginterest": 4801000,
        "netincomeloss": 136273000,
        "earningspersharebasic": 1.46,
        "earningspersharediluted": 1.46,
        "weightedaveragenumberofsharesoutstandingbasic": 93161000,
        "weightedaveragenumberofdilutedsharesoutstanding": 93364000,
        "allocatedsharebasedcompensationexpense": 7063000
    },
    {
        "date": "2016-09-29",
        "symbol": "FANG",
        "period": "Q3",
        "oilsalesrevenue": -48015000,
        "liquidnaturalgassalesrevenue": -2732000,
        "oilandgasrevenue": -87594000,
        "leaseoperatingexpense": 22180000,
        "productiontaxexpense": -5231000,
        "gasgatheringtransportationmarketingandprocessingcosts": 2843000,
        "depreciationdepletionandamortization": -43855000,
        "impairmentofoilandgasproperties": -4805000,
        "sellinggeneralandadministrativeexpense": 1064000,
        "assetretirementobligationaccretionexpense": 270000,
        "operatingexpenses": -116868000,
        "operatingincomeloss": 29274000,
        "othernonoperatingincome": -563000,
        "derivativegainlossonderivativenet": 2034000,
        "nonoperatingincomeexpense": 8024000,
        "incomelossfromcontinuingoperationsbeforeincometaxesminorityinterestandincomelossfromequitymethodinvestments": 37298000,
        "profitloss": -158094000,
        "netincomelossattributabletononcontrollinginterest": 1630000,
        "netincomeloss": 35668000,
        "earningspersharebasic": 0.02999999999999986,
        "earningspersharediluted": 0.02999999999999986,
        "weightedaveragenumberofsharesoutstandingbasic": -69426975,
        "weightedaveragenumberofdilutedsharesoutstanding": -69426654,
        "allocatedsharebasedcompensationexpense": 6264000
    },
    {
        "date": "2016-06-29",
        "symbol": "FANG",
        "period": "Q2",
        "oilsalesrevenue": 15513000,
        "naturalgassalesrevenue": 538000,
        "liquidnaturalgassalesrevenue": 785000,
        "oilandgasrevenue": -196000,
        "leaseoperatingexpense": 18677000,
        "productiontaxexpense": 1403000,
        "gasgatheringtransportationmarketingandprocessingcosts": 2432000,
        "depreciationdepletionandamortization": -820000,
        "impairmentofoilandgasproperties": 21458000,
        "sellinggeneralandadministrativeexpense": 6067000,
        "assetretirementobligationaccretionexpense": 254000,
        "operatingexpenses": -820000,
        "operatingincomeloss": 624000,
        "interestincomeexpensenet": -8844000,
        "othernonoperatingincome": -250000,
        "derivativegainlossonderivativenet": -12125000,
        "nonoperatingincomeexpense": -250000,
        "incomelossfromcontinuingoperationsbeforeincometaxesminorityinterestandincomelossfromequitymethodinvestments": 374000,
        "incometaxexpensebenefit": 368000,
        "profitloss": 374000,
        "netincomelossattributabletononcontrollinginterest": -1631000,
        "netincomeloss": 2005000,
        "earningspersharebasic": -2.17,
        "earningspersharediluted": -2.17,
        "weightedaveragenumberofsharesoutstandingbasic": 71719000,
        "weightedaveragenumberofdilutedsharesoutstanding": 71718679,
        "allocatedsharebasedcompensationexpense": 6029000
    },
    {
        "date": "2016-03-30",
        "symbol": "FANG",
        "period": "Q1",
        "oilsalesrevenue": 79020000,
        "naturalgassalesrevenue": 4022000,
        "liquidnaturalgassalesrevenue": 4439000,
        "oilandgasrevenue": 87481000,
        "leaseoperatingexpense": 18223000,
        "productiontaxexpense": 7962000,
        "gasgatheringtransportationmarketingandprocessingcosts": 2789000,
        "depreciationdepletionandamortization": 42069000,
        "impairmentofoilandgasproperties": 30816000,
        "sellinggeneralandadministrativeexpense": 12979000,
        "assetretirementobligationaccretionexpense": 246000,
        "operatingexpenses": 115084000,
        "operatingincomeloss": -27603000,
        "interestexpense": 10013000,
        "othernonoperatingincome": 563000,
        "derivativegainlossonderivativenet": 1426000,
        "nonoperatingincomeexpense": -8024000,
        "incomelossfromcontinuingoperationsbeforeincometaxesminorityinterestandincomelossfromequitymethodinvestments": -35627000,
        "profitloss": -32912000,
        "netincomelossattributabletononcontrollinginterest": -2715000,
        "netincomeloss": -32912000,
        "earningspersharebasic": -0.46,
        "earningspersharediluted": -0.46,
        "weightedaveragenumberofsharesoutstandingbasic": 71026000,
        "weightedaveragenumberofdilutedsharesoutstanding": 71026000,
        "allocatedsharebasedcompensationexpense": 8350000
    },
    {
        "date": "2015-09-29",
        "symbol": "FANG",
        "period": "Q3",
        "oilsalesrevenue": 17305000,
        "naturalgassalesrevenue": 5673000,
        "liquidnaturalgassalesrevenue": 4966000,
        "revenuefromrelatedpartiesliquidnaturalgassalesrevenue": 0,
        "oilandgasrevenue": 18777000,
        "leaseoperatingexpense": 22189000,
        "productiontaxexpenseexcludingrelatedparty": 8966000,
        "gasgatheringtransportationmarketingandprocessingcosts": 1688000,
        "depreciationdepletionandamortization": -17000,
        "sellinggeneralandadministrativeexpense": 6861000,
        "relatedpartytransactionsellinggeneralandadministrativeexpensesfromtransactionswithrelatedparty": 665000,
        "assetretirementobligationaccretionexpense": 238000,
        "operatingexpenses": -17000,
        "operatingincomeloss": 17000,
        "interestexpense": 8914000,
        "othernonoperatingincome": 0,
        "othernonoperatingincomerelatedparty": 40000,
        "derivativegainlossonderivativenet": 27603000,
        "nonoperatingincomeexpense": -8914000,
        "incomelossfromcontinuingoperationsbeforeincometaxesminorityinterestandincomelossfromequitymethodinvestments": 17000,
        "profitloss": -156781000,
        "netincomelossattributabletononcontrollinginterest": 739000,
        "netincomeloss": -722000,
        "earningspersharebasic": -2.44,
        "earningspersharediluted": -2.44,
        "weightedaveragenumberofsharesoutstandingbasic": 1791000,
        "weightedaveragenumberofdilutedsharesoutstanding": 1791000,
        "allocatedsharebasedcompensationexpense": 4402000
    },
    {
        "date": "2015-06-29",
        "symbol": "FANG",
        "period": "Q2",
        "oilsalesrevenue": 18309000,
        "naturalgassalesrevenue": 4410000,
        "revenuefromrelatedpartiesnaturalgassales": 0,
        "liquidnaturalgassalesrevenue": 7026000,
        "revenuefromrelatedpartiesliquidnaturalgassalesrevenue": -2640000,
        "oilandgasrevenue": 19619000,
        "leaseoperatingexpense": 20472000,
        "productiontaxexpenseexcludingrelatedparty": 7675000,
        "productiontaxexpenserelatedparty": 0,
        "gasgatheringtransportationmarketingandprocessingcosts": 1625000,
        "gasgatheringtransportationmarketingandprocessingcostsrelatedparty": 0,
        "depreciationdepletionandamortization": 186000,
        "sellinggeneralandadministrativeexpense": 7162000,
        "relatedpartytransactionsellinggeneralandadministrativeexpensesfromtransactionswithrelatedparty": 522000,
        "assetretirementobligationaccretionexpense": 180000,
        "operatingexpenses": 186000,
        "operatingincomeloss": -186000,
        "interestexpense": 8911000,
        "othernonoperatingincome": -491000,
        "othernonoperatingincomerelatedparty": 55000,
        "derivativegainlossonderivativenet": -19123000,
        "nonoperatingincomeexpense": -8910000,
        "incomelossfromcontinuingoperationsbeforeincometaxesminorityinterestandincomelossfromequitymethodinvestments": -186000,
        "profitloss": -212287000,
        "netincomelossattributabletononcontrollinginterest": 935000,
        "netincomeloss": -1121000,
        "earningspersharebasic": -3.54,
        "earningspersharediluted": -3.54,
        "weightedaveragenumberofsharesoutstandingbasic": 1550000,
        "weightedaveragenumberofdilutedsharesoutstanding": 1310000,
        "allocatedsharebasedcompensationexpense": 4333000
    },
    {
        "date": "2015-03-30",
        "symbol": "FANG",
        "period": "Q1",
        "oilsalesrevenue": 15532000,
        "naturalgassalesrevenue": 1708000,
        "revenuefromrelatedpartiesnaturalgassales": 2640000,
        "liquidnaturalgassalesrevenue": 1593000,
        "revenuefromrelatedpartiesliquidnaturalgassalesrevenue": 5184000,
        "oilandgasrevenue": 16545000,
        "leaseoperatingexpense": 22456000,
        "productiontaxexpenseexcludingrelatedparty": 8242000,
        "productiontaxexpenserelatedparty": 153000,
        "gasgatheringtransportationmarketingandprocessingcosts": 61000,
        "gasgatheringtransportationmarketingandprocessingcostsrelatedparty": 969000,
        "depreciationdepletionandamortization": 469000,
        "sellinggeneralandadministrativeexpense": 7751000,
        "relatedpartytransactionsellinggeneralandadministrativeexpensesfromtransactionswithrelatedparty": 485000,
        "assetretirementobligationaccretionexpense": 170000,
        "operatingexpenses": 469000,
        "operatingincomeloss": -469000,
        "interestexpense": 8910000,
        "othernonoperatingincome": 492000,
        "othernonoperatingincomerelatedparty": 23000,
        "derivativegainlossonderivativenet": 18354000,
        "nonoperatingincomeexpense": -8910000,
        "incomelossfromcontinuingoperationsbeforeincometaxesminorityinterestandincomelossfromequitymethodinvestments": -469000,
        "currentincometaxexpensebenefit": 945000,
        "deferredincometaxexpensebenefit": 2425000,
        "profitloss": 5849000,
        "netincomelossattributabletononcontrollinginterest": 590000,
        "netincomeloss": -1059000,
        "earningspersharebasic": 0.1,
        "earningspersharediluted": 0.1,
        "weightedaveragenumberofsharesoutstandingbasic": 58386000,
        "weightedaveragenumberofdilutedsharesoutstanding": 58626000,
        "allocatedsharebasedcompensationexpense": 4924000
    },
    {
        "date": "2014-09-29",
        "symbol": "FANG",
        "period": "Q3",
        "oilsalesrevenue": 105202000,
        "naturalgassalesrevenue": 2338000,
        "revenuefromrelatedpartiesnaturalgassales": 2374000,
        "liquidnaturalgassalesrevenue": 3619000,
        "revenuefromrelatedpartiesliquidnaturalgassalesrevenue": 6764000,
        "oilandgasrevenue": 22767000,
        "leaseoperatingexpense": 13766000,
        "oilandgaspropertyleaseoperatingexpenserelatedparty": 39000,
        "productiontaxexpenseexcludingrelatedparty": 8634000,
        "productiontaxexpenserelatedparty": 320000,
        "gasgatheringtransportationmarketingandprocessingcosts": 110000,
        "gasgatheringtransportationmarketingandprocessingcostsrelatedparty": 750000,
        "depreciationdepletionandamortization": 38028000,
        "sellinggeneralandadministrativeexpense": 6016000,
        "relatedpartytransactionsellinggeneralandadministrativeexpensesfromtransactionswithrelatedparty": 479000,
        "assetretirementobligationaccretionexpense": 127000,
        "operatingexpenses": 12628000,
        "operatingincomeloss": 10139000,
        "interestexpense": 317000,
        "othernonoperatingincome": 17000,
        "othernonoperatingincomerelatedparty": 31000,
        "othernonoperatingexpense": 8000,
        "derivativegainlossonderivativenet": 14909000,
        "nonoperatingincomeexpense": -1056000,
        "incomelossfromcontinuingoperationsbeforeincometaxesminorityinterestandincomelossfromequitymethodinvestments": 2874000,
        "currentincometaxexpensebenefit": 3982000,
        "deferredincometaxexpensebenefit": 19996000,
        "profitloss": 9083000,
        "netincomelossattributabletononcontrollinginterest": 902000,
        "netincomeloss": 69540000,
        "earningspersharebasic": 0.79,
        "earningspersharediluted": 0.79,
        "weightedaveragenumberofsharesoutstandingbasic": 55152000,
        "weightedaveragenumberofdilutedsharesoutstanding": 55442000,
        "allocatedsharebasedcompensationexpense": 2069000
    },
    {
        "date": "2014-06-29",
        "symbol": "FANG",
        "period": "Q2",
        "oilsalesrevenue": 115282000,
        "naturalgassalesrevenue": 1913000,
        "revenuefromrelatedpartiesnaturalgassales": 2416000,
        "liquidnaturalgassalesrevenue": 3304000,
        "revenuefromrelatedpartiesliquidnaturalgassalesrevenue": 6505000,
        "oilandgasrevenue": 127004000,
        "leaseoperatingexpense": 10425000,
        "oilandgaspropertyleaseoperatingexpenserelatedparty": 71000,
        "productiontaxexpenseexcludingrelatedparty": 8106000,
        "productiontaxexpenserelatedparty": 448000,
        "gasgatheringtransportationmarketingandprocessingcosts": 102000,
        "gasgatheringtransportationmarketingandprocessingcostsrelatedparty": 601000,
        "depreciationdepletionandamortization": 40021000,
        "sellinggeneralandadministrativeexpense": 3610000,
        "relatedpartytransactionsellinggeneralandadministrativeexpensesfromtransactionswithrelatedparty": 324000,
        "assetretirementobligationaccretionexpense": 104000,
        "operatingexpenses": 63812000,
        "operatingincomeloss": 63192000,
        "interestexpense": 7739000,
        "othernonoperatingincomerelatedparty": 30000,
        "othernonoperatingexpense": 1408000,
        "derivativegainlossonderivativenet": -11088000,
        "nonoperatingincomeexpense": -20205000,
        "incomelossfromcontinuingoperationsbeforeincometaxesminorityinterestandincomelossfromequitymethodinvestments": 42987000,
        "deferredincometaxexpensebenefit": 15163000,
        "profitloss": 27824000,
        "netincomelossattributabletononcontrollinginterest": 71000,
        "netincomeloss": 27753000,
        "earningspersharebasic": 0.55,
        "earningspersharediluted": 0.54,
        "weightedaveragenumberofsharesoutstandingbasic": 50777000,
        "weightedaveragenumberofdilutedsharesoutstanding": 51142000,
        "allocatedsharebasedcompensationexpense": 1128000
    },
    {
        "date": "2014-03-30",
        "symbol": "FANG",
        "period": "Q1",
        "oilsalesrevenue": 89758000,
        "naturalgassalesrevenue": 1755000,
        "revenuefromrelatedpartiesnaturalgassales": 1580000,
        "liquidnaturalgassalesrevenue": 2584000,
        "revenuefromrelatedpartiesliquidnaturalgassalesrevenue": 3907000,
        "oilandgasrevenue": 98004000,
        "leaseoperatingexpense": 7807000,
        "oilandgaspropertyleaseoperatingexpenserelatedparty": 108000,
        "productiontaxexpenseexcludingrelatedparty": 5578000,
        "productiontaxexpenserelatedparty": 264000,
        "gasgatheringtransportationmarketingandprocessingcosts": 214000,
        "gasgatheringtransportationmarketingandprocessingcostsrelatedparty": 368000,
        "depreciationdepletionandamortization": 30973000,
        "sellinggeneralandadministrativeexpense": 4265000,
        "relatedpartytransactionsellinggeneralandadministrativeexpensesfromtransactionswithrelatedparty": 292000,
        "assetretirementobligationaccretionexpense": 72000,
        "operatingexpenses": 49941000,
        "operatingincomeloss": 48063000,
        "interestexpense": 6505000,
        "othernonoperatingincomerelatedparty": 30000,
        "derivativegainlossonderivativenet": -4398000,
        "nonoperatingincomeexpense": -10873000,
        "incomelossfromcontinuingoperationsbeforeincometaxesminorityinterestandincomelossfromequitymethodinvestments": 37190000,
        "deferredincometaxexpensebenefit": 13601000,
        "netincomeloss": 23589000,
        "earningspersharebasic": 0.49,
        "earningspersharediluted": 0.48,
        "weightedaveragenumberofsharesoutstandingbasic": 48446609,
        "weightedaveragenumberofdilutedsharesoutstanding": 48866719,
        "allocatedsharebasedcompensationexpense": 2190000
    },
    {
        "date": "2013-09-29",
        "symbol": "FANG",
        "period": "Q3",
        "oilsalesrevenue": 53086000,
        "naturalgassalesrevenue": 859000,
        "revenuefromrelatedpartiesnaturalgassales": 704000,
        "liquidnaturalgassalesrevenue": 1970000,
        "revenuefromrelatedpartiesliquidnaturalgassalesrevenue": 1877000,
        "oilandgasrevenue": 57791000,
        "leaseoperatingexpense": 4718000,
        "oilandgaspropertyleaseoperatingexpenserelatedparty": 246000,
        "productiontaxexpenseexcludingrelatedparty": 3420000,
        "productiontaxexpenserelatedparty": 133000,
        "gasgatheringtransportationmarketingandprocessingcosts": 69000,
        "gasgatheringtransportationmarketingandprocessingcostsrelatedparty": 192000,
        "depreciationdepletionandamortization": 17423000,
        "sellinggeneralandadministrativeexpense": 1810000,
        "relatedpartytransactionsellinggeneralandadministrativeexpensesfromtransactionswithrelatedparty": 311000,
        "assetretirementobligationaccretionexpense": 46000,
        "operatingexpenses": 28368000,
        "operatingincomeloss": 29423000,
        "investmentincomeinterest": 1000,
        "interestexpense": 1089000,
        "othernonoperatingincomerelatedparty": 270000,
        "derivativegainlossonderivativenet": -4910000,
        "nonoperatingincomeexpense": -5728000,
        "incomelossfromcontinuingoperationsbeforeincometaxesminorityinterestandincomelossfromequitymethodinvestments": 23695000,
        "deferredincometaxexpensebenefit": 9099000,
        "netincomeloss": 14596000,
        "earningspersharebasic": 0.33,
        "earningspersharediluted": 0.33,
        "weightedaveragenumberofsharesoutstandingbasic": 44385107,
        "weightedaveragenumberofdilutedsharesoutstanding": 44697609
    },
    {
        "date": "2013-06-29",
        "symbol": "FANG",
        "period": "Q2",
        "oilsalesrevenue": 41034000,
        "naturalgassalesrevenue": 988000,
        "revenuefromrelatedpartiesnaturalgassales": 680000,
        "liquidnaturalgassalesrevenue": 1649000,
        "revenuefromrelatedpartiesliquidnaturalgassalesrevenue": 1723000,
        "oilandgasrevenue": 45394000,
        "leaseoperatingexpense": 5695000,
        "oilandgaspropertyleaseoperatingexpenserelatedparty": 392000,
        "productiontaxexpenseexcludingrelatedparty": 2080000,
        "productiontaxexpenserelatedparty": 116000,
        "gasgatheringtransportationmarketingandprocessingcosts": 31000,
        "gasgatheringtransportationmarketingandprocessingcostsrelatedparty": 216000,
        "depreciationdepletionandamortization": 14815000,
        "sellinggeneralandadministrativeexpense": 2355000,
        "relatedpartytransactionsellinggeneralandadministrativeexpensesfromtransactionswithrelatedparty": 266000,
        "assetretirementobligationaccretionexpense": 45000,
        "operatingexpenses": 26011000,
        "operatingincomeloss": 19383000,
        "interestexpense": 535000,
        "othernonoperatingincomerelatedparty": 388000,
        "derivativeinstrumentsgainlossrecognizedinincomenet": 3037000,
        "nonoperatingincomeexpense": 2890000,
        "incomelossfromcontinuingoperationsbeforeincometaxesminorityinterestandincomelossfromequitymethodinvestments": 22273000,
        "deferredincometaxexpensebenefit": 7802000,
        "netincomeloss": 14471000,
        "earningspersharebasic": 0.37,
        "earningspersharediluted": 0.36,
        "weightedaveragenumberofsharesoutstandingbasic": 39402282,
        "weightedaveragenumberofdilutedsharesoutstanding": 39718574
    },
    {
        "date": "2013-03-30",
        "symbol": "FANG",
        "period": "Q1",
        "oilsalesrevenue": 25253000,
        "naturalgassalesrevenue": 739000,
        "revenuefromrelatedpartiesnaturalgassales": 412000,
        "liquidnaturalgassalesrevenue": 1822000,
        "revenuefromrelatedpartiesliquidnaturalgassalesrevenue": 1095000,
        "oilandgasrevenue": 28909000,
        "leaseoperatingexpense": 5233000,
        "oilandgaspropertyleaseoperatingexpenserelatedparty": 202000,
        "productiontaxexpenseexcludingrelatedparty": 1351000,
        "productiontaxexpenserelatedparty": 76000,
        "gasgatheringtransportationmarketingandprocessingcosts": 75000,
        "gasgatheringtransportationmarketingandprocessingcostsrelatedparty": 58000,
        "depreciationdepletionandamortization": 10738000,
        "sellinggeneralandadministrativeexpense": 2185000,
        "relatedpartytransactionsellinggeneralandadministrativeexpensesfromtransactionswithrelatedparty": 286000,
        "assetretirementobligationaccretionexpense": 43000,
        "operatingexpenses": 20247000,
        "operatingincomeloss": 8662000,
        "interestexpense": 485000,
        "othernonoperatingincomerelatedparty": 389000,
        "derivativeinstrumentsgainlossrecognizedinincomenet": -8000,
        "nonoperatingincomeexpense": -104000,
        "incomelossfromcontinuingoperationsbeforeincometaxesminorityinterestandincomelossfromequitymethodinvestments": 8558000,
        "deferredincometaxexpensebenefit": 3162000,
        "netincomeloss": 5396000,
        "earningspersharebasic": 0.15,
        "earningspersharediluted": 0.15,
        "weightedaveragenumberofsharesoutstandingbasic": 37059071,
        "weightedaveragenumberofdilutedsharesoutstanding": 37205690
    }
]