[
    {
        "date": "2024-09-29",
        "symbol": "ALGN",
        "period": "Q3",
        "revenuefromcontractwithcustomerexcludingassessedtax": 977872000,
        "costofrevenue": 296098000,
        "grossprofit": 681774000,
        "sellinggeneralandadministrativeexpense": 434138000,
        "researchanddevelopmentexpense": 85272000,
        "losscontingencylossinperiod": 66000,
        "operatingexpenses": 519476000,
        "operatingincomeloss": 162298000,
        "interestincomeother": 4003000,
        "nonoperatingincomeexpense": -371000,
        "interestincomeandotherincomeexpensenet": 3632000,
        "incomelossfromcontinuingoperationsbeforeincometaxesextraordinaryitemsnoncontrollinginterest": 165930000,
        "incometaxexpensebenefit": 50000000,
        "netincomeloss": 115963000,
        "earningspersharebasic": 1.55,
        "earningspersharediluted": 1.55,
        "weightedaveragenumberofsharesoutstandingbasic": 74736000,
        "weightedaveragenumberofdilutedsharesoutstanding": 74757000,
        "othercomprehensiveincomelossforeigncurrencytransactionandtranslationadjustmentnetoftax": 10713000,
        "othercomprehensiveincomeunrealizedholdinggainlossonsecuritiesarisingduringperiodnetoftax": 159000,
        "othercomprehensiveincomelossnetoftaxportionattributabletoparent": 10872000,
        "comprehensiveincomenetoftax": 126835000
    },
    {
        "date": "2024-06-29",
        "symbol": "ALGN",
        "period": "Q2",
        "revenuefromcontractwithcustomerexcludingassessedtax": 1028490000,
        "costofrevenue": 305862000,
        "grossprofit": 722628000,
        "sellinggeneralandadministrativeexpense": 452262000,
        "researchanddevelopmentexpense": 92193000,
        "losscontingencylossinperiod": 31127000,
        "operatingexpenses": 575582000,
        "operatingincomeloss": 147046000,
        "interestincomeother": 3301000,
        "nonoperatingincomeexpense": -6481000,
        "interestincomeandotherincomeexpensenet": -3180000,
        "incomelossfromcontinuingoperationsbeforeincometaxesextraordinaryitemsnoncontrollinginterest": 143866000,
        "incometaxexpensebenefit": 47302000,
        "netincomeloss": 96564000,
        "earningspersharebasic": 1.28,
        "earningspersharediluted": 1.28,
        "weightedaveragenumberofsharesoutstandingbasic": 75184000,
        "weightedaveragenumberofdilutedsharesoutstanding": 75223000,
        "othercomprehensiveincomelossforeigncurrencytransactionandtranslationadjustmentnetoftax": 6359000,
        "othercomprehensiveincomeunrealizedholdinggainlossonsecuritiesarisingduringperiodnetoftax": 243000,
        "othercomprehensiveincomelossnetoftaxportionattributabletoparent": 6602000,
        "comprehensiveincomenetoftax": 103166000
    },
    {
        "date": "2024-03-30",
        "symbol": "ALGN",
        "period": "Q1",
        "revenuefromcontractwithcustomerexcludingassessedtax": 997431000,
        "costofrevenue": 299615000,
        "grossprofit": 697816000,
        "sellinggeneralandadministrativeexpense": 451822000,
        "researchanddevelopmentexpense": 91859000,
        "operatingexpenses": 543681000,
        "operatingincomeloss": 154135000,
        "interestincomeother": 4392000,
        "nonoperatingincomeexpense": -141000,
        "interestincomeandotherincomeexpensenet": 4251000,
        "incomelossfromcontinuingoperationsbeforeincometaxesextraordinaryitemsnoncontrollinginterest": 158386000,
        "incometaxexpensebenefit": 53358000,
        "netincomeloss": 105028000,
        "earningspersharebasic": 1.4,
        "earningspersharediluted": 1.39,
        "weightedaveragenumberofsharesoutstandingbasic": 75175000,
        "weightedaveragenumberofdilutedsharesoutstanding": 75322000,
        "othercomprehensiveincomelossforeigncurrencytransactionandtranslationadjustmentnetoftax": -2932000,
        "othercomprehensiveincomeunrealizedholdinggainlossonsecuritiesarisingduringperiodnetoftax": 203000,
        "othercomprehensiveincomelossnetoftaxportionattributabletoparent": -2729000,
        "comprehensiveincomenetoftax": 102299000
    },
    {
        "date": "2023-12-30",
        "symbol": "ALGN",
        "period": "Q4",
        "revenuefromcontractwithcustomerexcludingassessedtax": 956726000,
        "costofrevenue": 287202000,
        "grossprofit": 669524000,
        "sellinggeneralandadministrativeexpense": 402503000,
        "researchanddevelopmentexpense": 82160000,
        "operatingexpenses": 497979000,
        "operatingincomeloss": 171545000,
        "interestincomeother": 4978000,
        "nonoperatingincomeexpense": -3643000,
        "interestincomeandotherincomeexpensenet": 1335000,
        "incomelossfromcontinuingoperationsbeforeincometaxesextraordinaryitemsnoncontrollinginterest": 172880000,
        "incometaxexpensebenefit": 48866000,
        "netincomeloss": 124014000,
        "earningspersharebasic": 1.6300000000000006,
        "earningspersharediluted": 1.6299999999999997,
        "weightedaveragenumberofsharesoutstandingbasic": 76426000,
        "weightedaveragenumberofdilutedsharesoutstanding": 76568000,
        "othercomprehensiveincomelossforeigncurrencytransactionandtranslationadjustmentnetoftax": 18609000,
        "othercomprehensiveincomeunrealizedholdinggainlossonsecuritiesarisingduringperiodnetoftax": 512000,
        "othercomprehensiveincomelossnetoftaxportionattributabletoparent": 19121000,
        "comprehensiveincomenetoftax": 143135000
    },
    {
        "date": "2023-09-29",
        "symbol": "ALGN",
        "period": "Q3",
        "revenuefromcontractwithcustomerexcludingassessedtax": 960214000,
        "costofrevenue": 297138000,
        "grossprofit": 663076000,
        "sellinggeneralandadministrativeexpense": 407992000,
        "researchanddevelopmentexpense": 88738000,
        "operatingexpenses": 496730000,
        "operatingincomeloss": 166346000,
        "interestincomeother": 5522000,
        "nonoperatingincomeexpense": -9757000,
        "interestincomeandotherincomeexpensenet": -4235000,
        "incomelossfromcontinuingoperationsbeforeincometaxesextraordinaryitemsnoncontrollinginterest": 162111000,
        "incometaxexpensebenefit": 40684000,
        "netincomeloss": 121427000,
        "earningspersharebasic": 1.59,
        "earningspersharediluted": 1.58,
        "weightedaveragenumberofsharesoutstandingbasic": 76569000,
        "weightedaveragenumberofdilutedsharesoutstanding": 76826000,
        "othercomprehensiveincomelossforeigncurrencytransactionandtranslationadjustmentnetoftax": -9822000,
        "othercomprehensiveincomeunrealizedholdinggainlossonsecuritiesarisingduringperiodnetoftax": 526000,
        "othercomprehensiveincomelossnetoftaxportionattributabletoparent": -9296000,
        "comprehensiveincomenetoftax": 112131000
    },
    {
        "date": "2023-06-29",
        "symbol": "ALGN",
        "period": "Q2",
        "revenuefromcontractwithcustomerexcludingassessedtax": 1002173000,
        "costofrevenue": 288564000,
        "grossprofit": 713609000,
        "sellinggeneralandadministrativeexpense": 453193000,
        "researchanddevelopmentexpense": 88485000,
        "operatingexpenses": 541678000,
        "operatingincomeloss": 171931000,
        "interestincomeother": 4421000,
        "nonoperatingincomeexpense": -4763000,
        "interestincomeandotherincomeexpensenet": -342000,
        "incomelossfromcontinuingoperationsbeforeincometaxesextraordinaryitemsnoncontrollinginterest": 171589000,
        "incometaxexpensebenefit": 59775000,
        "netincomeloss": 111814000,
        "earningspersharebasic": 1.46,
        "earningspersharediluted": 1.46,
        "weightedaveragenumberofsharesoutstandingbasic": 76524000,
        "weightedaveragenumberofdilutedsharesoutstanding": 76689000,
        "othercomprehensiveincomelossforeigncurrencytransactionandtranslationadjustmentnetoftax": 9158000,
        "othercomprehensiveincomeunrealizedholdinggainlossonsecuritiesarisingduringperiodnetoftax": 350000,
        "othercomprehensiveincomelossnetoftaxportionattributabletoparent": 9508000,
        "comprehensiveincomenetoftax": 121322000
    },
    {
        "date": "2023-03-30",
        "symbol": "ALGN",
        "period": "Q1",
        "revenuefromcontractwithcustomerexcludingassessedtax": 943147000,
        "costofrevenue": 282493000,
        "grossprofit": 660654000,
        "sellinggeneralandadministrativeexpense": 439691000,
        "researchanddevelopmentexpense": 87447000,
        "operatingexpenses": 527138000,
        "operatingincomeloss": 133516000,
        "interestincomeother": 2337000,
        "nonoperatingincomeexpense": -1229000,
        "interestincomeandotherincomeexpensenet": 1108000,
        "incomelossfromcontinuingoperationsbeforeincometaxesextraordinaryitemsnoncontrollinginterest": 134624000,
        "incometaxexpensebenefit": 46826000,
        "netincomeloss": 87798000,
        "earningspersharebasic": 1.14,
        "earningspersharediluted": 1.14,
        "weightedaveragenumberofsharesoutstandingbasic": 76921000,
        "weightedaveragenumberofdilutedsharesoutstanding": 77111000,
        "othercomprehensiveincomelossforeigncurrencytransactionandtranslationadjustmentnetoftax": 10474000,
        "othercomprehensiveincomeunrealizedholdinggainlossonsecuritiesarisingduringperiodnetoftax": 1645000,
        "othercomprehensiveincomelossnetoftaxportionattributabletoparent": 12119000,
        "comprehensiveincomenetoftax": 99917000
    },
    {
        "date": "2022-12-30",
        "symbol": "ALGN",
        "period": "Q4",
        "revenuefromcontractwithcustomerexcludingassessedtax": 901515000,
        "costofrevenue": 283814000,
        "grossprofit": 617701000,
        "sellinggeneralandadministrativeexpense": 410067000,
        "researchanddevelopmentexpense": 83520000,
        "operatingexpenses": 505040000,
        "operatingincomeloss": 112661000,
        "interestincomeother": 2760000,
        "nonoperatingincomeexpense": -100000,
        "interestincomeandotherincomeexpensenet": 2660000,
        "incomelossfromcontinuingoperationsbeforeincometaxesextraordinaryitemsnoncontrollinginterest": 115321000,
        "incometaxexpensebenefit": 73546000,
        "netincomeloss": 41775000,
        "earningspersharebasic": 0.54,
        "earningspersharediluted": 0.5400000000000003,
        "weightedaveragenumberofsharesoutstandingbasic": -157040000,
        "weightedaveragenumberofdilutedsharesoutstanding": -157555000,
        "othercomprehensiveincomelossforeigncurrencytransactionandtranslationadjustmentnetoftax": 29833000,
        "othercomprehensiveincomeunrealizedholdinggainlossonsecuritiesarisingduringperiodnetoftax": 628000,
        "othercomprehensiveincomelossnetoftaxportionattributabletoparent": 30461000,
        "comprehensiveincomenetoftax": 72236000
    },
    {
        "date": "2022-09-29",
        "symbol": "ALGN",
        "period": "Q3",
        "revenuefromcontractwithcustomerexcludingassessedtax": 890348000,
        "costofrevenue": 271179000,
        "grossprofit": 619169000,
        "sellinggeneralandadministrativeexpense": 398547000,
        "researchanddevelopmentexpense": 76966000,
        "operatingexpenses": 475513000,
        "operatingincomeloss": 143656000,
        "interestincomeother": 1685000,
        "nonoperatingincomeexpense": -22700000,
        "interestincomeandotherincomeexpensenet": -21015000,
        "incomelossfromcontinuingoperationsbeforeincometaxesextraordinaryitemsnoncontrollinginterest": 122641000,
        "incometaxexpensebenefit": 49941000,
        "netincomeloss": 72700000,
        "earningspersharebasic": 0.93,
        "earningspersharediluted": 0.93,
        "weightedaveragenumberofsharesoutstandingbasic": 78093000,
        "weightedaveragenumberofdilutedsharesoutstanding": 78237000,
        "othercomprehensiveincomelossforeigncurrencytransactionandtranslationadjustmentnetoftax": -20246000,
        "othercomprehensiveincomeunrealizedholdinggainlossonsecuritiesarisingduringperiodnetoftax": -729000,
        "othercomprehensiveincomelossnetoftaxportionattributabletoparent": -20975000,
        "comprehensiveincomenetoftax": 51725000
    },
    {
        "date": "2022-06-29",
        "symbol": "ALGN",
        "period": "Q2",
        "revenuefromcontractwithcustomerexcludingassessedtax": 969553000,
        "costofrevenue": 281994000,
        "grossprofit": 687559000,
        "sellinggeneralandadministrativeexpense": 426398000,
        "researchanddevelopmentexpense": 72965000,
        "operatingexpenses": 499363000,
        "operatingincomeloss": 188196000,
        "interestincomeother": 245000,
        "nonoperatingincomeexpense": -14832000,
        "interestincomeandotherincomeexpensenet": -14587000,
        "incomelossfromcontinuingoperationsbeforeincometaxesextraordinaryitemsnoncontrollinginterest": 173609000,
        "incometaxexpensebenefit": 60809000,
        "netincomeloss": 112800000,
        "earningspersharebasic": 1.44,
        "earningspersharediluted": 1.44,
        "weightedaveragenumberofsharesoutstandingbasic": 78395000,
        "weightedaveragenumberofdilutedsharesoutstanding": 78545000,
        "othercomprehensiveincomelossforeigncurrencytransactionandtranslationadjustmentnetoftax": -13756000,
        "othercomprehensiveincomeunrealizedholdinggainlossonsecuritiesarisingduringperiodnetoftax": -301000,
        "othercomprehensiveincomelossnetoftaxportionattributabletoparent": -14057000,
        "comprehensiveincomenetoftax": 98743000
    },
    {
        "date": "2022-03-30",
        "symbol": "ALGN",
        "period": "Q1",
        "revenuefromcontractwithcustomerexcludingassessedtax": 973219000,
        "costofrevenue": 263873000,
        "grossprofit": 709346000,
        "sellinggeneralandadministrativeexpense": 439457000,
        "researchanddevelopmentexpense": 71807000,
        "operatingexpenses": 511264000,
        "operatingincomeloss": 198082000,
        "interestincomeother": 677000,
        "nonoperatingincomeexpense": -11273000,
        "interestincomeandotherincomeexpensenet": -10596000,
        "incomelossfromcontinuingoperationsbeforeincometaxesextraordinaryitemsnoncontrollinginterest": 187486000,
        "incometaxexpensebenefit": 53188000,
        "netincomeloss": 134298000,
        "earningspersharebasic": 1.71,
        "earningspersharediluted": 1.7,
        "weightedaveragenumberofsharesoutstandingbasic": 78742000,
        "weightedaveragenumberofdilutedsharesoutstanding": 79193000,
        "othercomprehensiveincomelossforeigncurrencytransactionandtranslationadjustmentnetoftax": -7311000,
        "othercomprehensiveincomeunrealizedholdinggainlossonsecuritiesarisingduringperiodnetoftax": -2728000,
        "othercomprehensiveincomelossnetoftaxportionattributabletoparent": -10039000,
        "comprehensiveincomenetoftax": 124259000
    },
    {
        "date": "2021-09-29",
        "symbol": "ALGN",
        "period": "Q3",
        "revenuefromcontractwithcustomerexcludingassessedtax": 1015906000,
        "costofrevenue": 260750000,
        "grossprofit": 755156000,
        "sellinggeneralandadministrativeexpense": 428409000,
        "researchanddevelopmentexpense": 65587000,
        "operatingexpenses": 493996000,
        "operatingincomeloss": 261160000,
        "interestincomeother": 401000,
        "nonoperatingincomeexpense": 427000,
        "interestincomeandotherincomeexpensenet": 828000,
        "incomelossfromcontinuingoperationsbeforeincometaxesextraordinaryitemsnoncontrollinginterest": 261988000,
        "incometaxexpensebenefit": 81019000,
        "netincomeloss": 180969000,
        "earningspersharebasic": 2.29,
        "earningspersharediluted": 2.28,
        "weightedaveragenumberofsharesoutstandingbasic": 78904000,
        "weightedaveragenumberofdilutedsharesoutstanding": 79516000,
        "othercomprehensiveincomelossforeigncurrencytransactionandtranslationadjustmentnetoftax": -12037000,
        "othercomprehensiveincomelossavailableforsalesecuritiesadjustmentnetoftax": 20000,
        "othercomprehensiveincomelossnetoftaxportionattributabletoparent": -12017000,
        "comprehensiveincomenetoftax": 168952000
    },
    {
        "date": "2021-06-30",
        "symbol": "ALGN",
        "period": "Q2",
        "revenuefromcontractwithcustomerexcludingassessedtax": 1010808000,
        "costofrevenue": 252270000,
        "grossprofit": 758538000,
        "sellinggeneralandadministrativeexpense": 431921000,
        "researchanddevelopmentexpense": 57715000,
        "operatingexpenses": 489636000,
        "operatingincomeloss": 268902000,
        "interestincomeother": 383000,
        "nonoperatingincomeexpense": -483000,
        "interestincomeandotherincomeexpensenet": -100000,
        "incomelossfromcontinuingoperationsbeforeincometaxesminorityinterestandincomelossfromequitymethodinvestments": 268802000,
        "incometaxexpensebenefit": 69088000,
        "netincomeloss": 199714000,
        "earningspersharebasic": 2.5199999999999996,
        "earningspersharediluted": 2.51,
        "weightedaveragenumberofsharesoutstandingbasic": 4000,
        "weightedaveragenumberofdilutedsharesoutstanding": -61000,
        "othercomprehensiveincomelossforeigncurrencytransactionandtranslationadjustmentnetoftax": 586000,
        "othercomprehensiveincomelossnetoftaxportionattributabletoparent": 586000,
        "comprehensiveincomenetoftax": 200300000
    },
    {
        "date": "2021-03-31",
        "symbol": "ALGN",
        "period": "Q1",
        "revenuefromcontractwithcustomerexcludingassessedtax": 894771000,
        "costofrevenue": 217673000,
        "grossprofit": 677098000,
        "sellinggeneralandadministrativeexpense": 397115000,
        "researchanddevelopmentexpense": 54537000,
        "operatingexpenses": 451652000,
        "operatingincomeloss": 225446000,
        "interestincomeother": 1643000,
        "nonoperatingincomeexpense": 34532000,
        "interestincomeandotherincomeexpensenet": 36175000,
        "incomelossfromcontinuingoperationsbeforeincometaxesminorityinterestandincomelossfromequitymethodinvestments": 261621000,
        "incometaxexpensebenefit": 61245000,
        "netincomeloss": 200376000,
        "earningspersharebasic": 2.54,
        "earningspersharediluted": 2.51,
        "weightedaveragenumberofsharesoutstandingbasic": 79000000,
        "weightedaveragenumberofdilutedsharesoutstanding": 79798000,
        "othercomprehensiveincomelossforeigncurrencytransactionandtranslationadjustmentnetoftax": -14451000,
        "othercomprehensiveincomeunrealizedholdinggainlossonsecuritiesarisingduringperiodnetoftax": -20000,
        "othercomprehensiveincomelossnetoftaxportionattributabletoparent": -14471000,
        "comprehensiveincomenetoftax": 185905000
    },
    {
        "date": "2020-12-31",
        "symbol": "ALGN",
        "period": "Q4",
        "revenuefromcontractwithcustomerexcludingassessedtax": 834520000,
        "costofrevenue": 224057000,
        "grossprofit": 610463000,
        "sellinggeneralandadministrativeexpense": 348392000,
        "researchanddevelopmentexpense": 48887000,
        "operatingexpenses": 397279000,
        "operatingincomeloss": 213184000,
        "nonoperatingincomeexpense": 1021000,
        "interestincomeandotherincomeexpensenet": 1358000,
        "incomelossfromcontinuingoperationsbeforeincometaxesminorityinterestandincomelossfromequitymethodinvestments": 214542000,
        "incometaxexpensebenefit": 55554000,
        "netincomeloss": 158988000,
        "earningspersharebasic": 2.0100000000000016,
        "earningspersharediluted": 1.9600000000000009,
        "weightedaveragenumberofsharesoutstandingbasic": 31000,
        "weightedaveragenumberofdilutedsharesoutstanding": 152000,
        "othercomprehensiveincomelossforeigncurrencytransactionandtranslationadjustmentnetoftax": 18590000,
        "comprehensiveincomenetoftax": 177578000
    },
    {
        "date": "2020-09-30",
        "symbol": "ALGN",
        "period": "Q3",
        "revenuefromcontractwithcustomerexcludingassessedtax": 734144000,
        "costofrevenue": 200056000,
        "grossprofit": 534088000,
        "sellinggeneralandadministrativeexpense": 312492000,
        "researchanddevelopmentexpense": 44527000,
        "operatingexpenses": 357019000,
        "operatingincomeloss": 177069000,
        "nonoperatingincomeexpense": 7147000,
        "interestincomeandotherincomeexpensenet": 7476000,
        "incomelossfromcontinuingoperationsbeforeincometaxesminorityinterestandincomelossfromequitymethodinvestments": 184545000,
        "incometaxexpensebenefit": 45174000,
        "netincomeloss": 139371000,
        "earningspersharebasic": 1.759999999999998,
        "earningspersharediluted": 1.75,
        "weightedaveragenumberofsharesoutstandingbasic": 48000,
        "weightedaveragenumberofdilutedsharesoutstanding": 62000,
        "othercomprehensiveincomelossforeigncurrencytransactionandtranslationadjustmentnetoftax": 15810000,
        "othercomprehensiveincomelossnetoftax": 15810000,
        "comprehensiveincomenetoftax": 155181000
    },
    {
        "date": "2020-06-30",
        "symbol": "ALGN",
        "period": "Q2",
        "revenuefromcontractwithcustomerexcludingassessedtax": 352314000,
        "costofrevenue": 127986000,
        "grossprofit": 224328000,
        "sellinggeneralandadministrativeexpense": 256967000,
        "researchanddevelopmentexpense": 40361000,
        "operatingexpenses": 297328000,
        "operatingincomeloss": -73000000,
        "nonoperatingincomeexpense": -966000,
        "interestincomeandotherincomeexpensenet": -493000,
        "incomelossfromcontinuingoperationsbeforeincometaxesminorityinterestandincomelossfromequitymethodinvestments": -73493000,
        "incometaxexpensebenefit": -32891000,
        "netincomeloss": -40602000,
        "earningspersharebasic": -0.5399999999999991,
        "earningspersharediluted": -0.5100000000000016,
        "weightedaveragenumberofsharesoutstandingbasic": 89000,
        "weightedaveragenumberofdilutedsharesoutstanding": -12000,
        "othercomprehensiveincomelossforeigncurrencytransactionandtranslationadjustmentnetoftax": 9294000,
        "othercomprehensiveincomelossavailableforsalesecuritiesadjustmentnetoftax": 0,
        "othercomprehensiveincomelossnetoftax": 9294000,
        "comprehensiveincomenetoftax": -31308000
    },
    {
        "date": "2020-03-31",
        "symbol": "ALGN",
        "period": "Q1",
        "revenuefromcontractwithcustomerexcludingassessedtax": 550963000,
        "costofrevenue": 156607000,
        "grossprofit": 394356000,
        "sellinggeneralandadministrativeexpense": 282906000,
        "researchanddevelopmentexpense": 41532000,
        "operatingexpenses": 324438000,
        "operatingincomeloss": 69918000,
        "interestincomeoperating": 1986000,
        "nonoperatingincomeexpense": -18549000,
        "incomelossfromcontinuingoperationsbeforeincometaxesminorityinterestandincomelossfromequitymethodinvestments": 53355000,
        "incometaxexpensebenefit": -1464776000,
        "netincomeloss": 1518131000,
        "earningspersharebasic": 19.32,
        "earningspersharediluted": 19.21,
        "weightedaveragenumberofsharesoutstandingbasic": 78592000,
        "weightedaveragenumberofdilutedsharesoutstanding": 79028000,
        "interestincomeandotherincomeexpensenet": -16563000,
        "othercomprehensiveincomelossforeigncurrencytransactionandtranslationadjustmentnetoftax": 689000,
        "othercomprehensiveincomelossavailableforsalesecuritiesadjustmentnetoftax": -194000,
        "othercomprehensiveincomelossnetoftax": 495000,
        "comprehensiveincomenetoftax": 1518626000
    },
    {
        "date": "2019-12-31",
        "symbol": "ALGN",
        "period": "Q4",
        "netincomeloss": 121262000,
        "othercomprehensiveincomelossforeigncurrencytransactionandtranslationadjustmentnetoftax": 1257000,
        "comprehensiveincomenetoftax": 122501000,
        "revenuefromcontractwithcustomerexcludingassessedtax": 649787000,
        "costofrevenue": 177829000,
        "grossprofit": 120600000,
        "researchanddevelopmentexpense": 41327000,
        "operatingexpenses": 320808000,
        "operatingincomeloss": 250349000,
        "interestincomeoperating": 2906000,
        "incomelossfromcontinuingoperationsbeforeincometaxesminorityinterestandincomelossfromequitymethodinvestments": 155797000,
        "incometaxexpensebenefit": 34535000,
        "earningspersharebasic": 1.54,
        "earningspersharediluted": 1.5300000000000002,
        "weightedaveragenumberofsharesoutstandingbasic": -285000,
        "weightedaveragenumberofdilutedsharesoutstanding": -297000
    },
    {
        "date": "2019-09-30",
        "symbol": "ALGN",
        "period": "Q3",
        "netincomeloss": 102524000,
        "othercomprehensiveincomelossforeigncurrencytransactionandtranslationadjustmentnetoftax": -92000,
        "othercomprehensiveincomelossavailableforsalesecuritiesadjustmentnetoftax": 41000,
        "othercomprehensiveincomelossnetoftax": -51000,
        "comprehensiveincomenetoftax": 102473000,
        "revenuefromcontractwithcustomerexcludingassessedtax": 607341000,
        "costofrevenue": 169787000,
        "grossprofit": 437554000,
        "sellinggeneralandadministrativeexpense": 277514000,
        "researchanddevelopmentexpense": 39680000,
        "operatingexpenses": 310402000,
        "operatingincomeloss": 127152000,
        "interestincomeoperating": 3478000,
        "nonoperatingincomeexpense": -2211000,
        "incomelossfromcontinuingoperationsbeforeincometaxesminorityinterestandincomelossfromequitymethodinvestments": 128419000,
        "incometaxexpensebenefit": 25895000,
        "incomelossfromequitymethodinvestments": 0,
        "earningspersharebasic": 1.29,
        "earningspersharediluted": 1.29,
        "weightedaveragenumberofsharesoutstandingbasic": -192000,
        "weightedaveragenumberofdilutedsharesoutstanding": -268000
    },
    {
        "date": "2019-06-30",
        "symbol": "ALGN",
        "period": "Q2",
        "netincomeloss": 147142000,
        "othercomprehensiveincomelossforeigncurrencytransactionandtranslationadjustmentnetoftax": 213000,
        "othercomprehensiveincomelossavailableforsalesecuritiesadjustmentnetoftax": 192000,
        "othercomprehensiveincomelossnetoftax": 405000,
        "comprehensiveincomenetoftax": 147547000,
        "revenuefromcontractwithcustomerexcludingassessedtax": 600697000,
        "costofrevenue": 168408000,
        "grossprofit": 783647000,
        "sellinggeneralandadministrativeexpense": 267948000,
        "researchanddevelopmentexpense": 38851000,
        "assetimpairmentcharges": 0,
        "operatingexpenses": 255799000,
        "operatingincomeloss": 77291000,
        "interestincomeoperating": 3465000,
        "nonoperatingincomeexpense": 13892000,
        "incomelossfromcontinuingoperationsbeforeincometaxesminorityinterestandincomelossfromequitymethodinvestments": 193847000,
        "incometaxexpensebenefit": 43121000,
        "incomelossfromequitymethodinvestments": -3584000,
        "earningspersharebasic": 1.8400000000000003,
        "earningspersharediluted": 1.8199999999999998,
        "weightedaveragenumberofsharesoutstandingbasic": 41000,
        "weightedaveragenumberofdilutedsharesoutstanding": -22000
    },
    {
        "date": "2019-03-31",
        "symbol": "ALGN",
        "period": "Q1",
        "netincomeloss": 71848000,
        "othercomprehensiveincomelossforeigncurrencytransactionandtranslationadjustmentnetoftax": 409000,
        "othercomprehensiveincomelossavailableforsalesecuritiesadjustmentnetoftax": 84000,
        "othercomprehensiveincomelossnetoftax": 493000,
        "comprehensiveincomenetoftax": 72341000,
        "revenuefromcontractwithcustomerexcludingassessedtax": 548971000,
        "costofrevenue": 146875000,
        "grossprofit": 402096000,
        "sellinggeneralandadministrativeexpense": 247110000,
        "researchanddevelopmentexpense": 37503000,
        "assetimpairmentcharges": 29782000,
        "operatingexpenses": 314395000,
        "operatingincomeloss": 87701000,
        "interestincomeoperating": 2633000,
        "nonoperatingincomeexpense": -5746000,
        "incomelossfromcontinuingoperationsbeforeincometaxesminorityinterestandincomelossfromequitymethodinvestments": 84588000,
        "incometaxexpensebenefit": 8796000,
        "incomelossfromequitymethodinvestments": -3944000,
        "earningspersharebasic": 0.9,
        "earningspersharediluted": 0.89,
        "weightedaveragenumberofsharesoutstandingbasic": 79860000,
        "weightedaveragenumberofdilutedsharesoutstanding": 80687000
    },
    {
        "date": "2018-12-30",
        "symbol": "ALGN",
        "period": "Q4",
        "netincomeloss": 97392000,
        "othercomprehensiveincomelossforeigncurrencytransactionandtranslationadjustmentnetoftax": -3676000,
        "comprehensiveincomenetoftax": 94200000,
        "costofrevenue": 150924000,
        "grossprofit": -213583000,
        "researchanddevelopmentexpense": 35804000,
        "operatingexpenses": 262623000,
        "operatingincomeloss": -332104000,
        "interestincomeoperating": 2249000,
        "incomelossfromcontinuingoperationsbeforeincometaxesminorityinterestandincomelossfromequitymethodinvestments": 121992000,
        "incometaxexpensebenefit": 22517000,
        "incomelossfromequitymethodinvestments": -2083000,
        "earningspersharebasic": 1.22,
        "earningspersharediluted": 1.21,
        "weightedaveragenumberofsharesoutstandingbasic": -160299000,
        "weightedaveragenumberofdilutedsharesoutstanding": -163101000
    },
    {
        "date": "2018-09-30",
        "symbol": "ALGN",
        "period": "Q3",
        "netincomeloss": 100872000,
        "othercomprehensiveincomelossforeigncurrencytransactionandtranslationadjustmentnetoftax": -1756000,
        "othercomprehensiveincomelossavailableforsalesecuritiesadjustmentnetoftax": 117000,
        "othercomprehensiveincomelossnetoftax": -1639000,
        "comprehensiveincomenetoftax": 99233000,
        "salesrevenuenet": 263349000,
        "costofrevenue": 133508000,
        "grossprofit": 50009000,
        "sellinggeneralandadministrativeexpense": 213873000,
        "researchanddevelopmentexpense": 32700000,
        "operatingexpenses": 246573000,
        "operatingincomeloss": -88957000,
        "interestincomeoperating": 2234000,
        "nonoperatingincomeexpense": -837000,
        "incomelossfromcontinuingoperationsbeforeincometaxesminorityinterestandincomelossfromequitymethodinvestments": 126605000,
        "incometaxexpensebenefit": 24601000,
        "incomelossfromequitymethodinvestments": -1132000,
        "earningspersharebasic": 1.26,
        "earningspersharediluted": 1.24,
        "weightedaveragenumberofsharesoutstandingbasic": 80111000,
        "weightedaveragenumberofdilutedsharesoutstanding": 81359000
    },
    {
        "date": "2018-06-30",
        "symbol": "ALGN",
        "period": "Q2",
        "netincomeloss": 106105000,
        "othercomprehensiveincomelossforeigncurrencytransactionandtranslationadjustmentnetoftax": 759000,
        "othercomprehensiveincomelossavailableforsalesecuritiesadjustmentnetoftax": -186000,
        "othercomprehensiveincomelossnetoftax": 573000,
        "comprehensiveincomenetoftax": 106678000,
        "salesrevenuenet": 254020000,
        "costofrevenue": 124677000,
        "grossprofit": 33970000,
        "sellinggeneralandadministrativeexpense": 212087000,
        "researchanddevelopmentexpense": 30804000,
        "operatingexpenses": 242891000,
        "operatingincomeloss": -85266000,
        "interestincomeoperating": 1917000,
        "nonoperatingincomeexpense": -7099000,
        "incomelossfromcontinuingoperationsbeforeincometaxesminorityinterestandincomelossfromequitymethodinvestments": 117509000,
        "incometaxexpensebenefit": 7703000,
        "incomelossfromequitymethodinvestments": -3701000,
        "earningspersharebasic": 1.32,
        "earningspersharediluted": 1.3,
        "weightedaveragenumberofsharesoutstandingbasic": 80216000,
        "weightedaveragenumberofdilutedsharesoutstanding": 81471000
    },
    {
        "date": "2018-03-30",
        "symbol": "ALGN",
        "period": "Q1",
        "netincomeloss": 95866000,
        "othercomprehensiveincomelossforeigncurrencytransactionandtranslationadjustmentnetoftax": 1042000,
        "othercomprehensiveincomelossavailableforsalesecuritiesadjustmentnetoftax": -129000,
        "othercomprehensiveincomelossnetoftax": 913000,
        "comprehensiveincomenetoftax": 96779000,
        "salesrevenuenet": 385505000,
        "costofrevenue": 109516000,
        "grossprofit": 296976000,
        "sellinggeneralandadministrativeexpense": 199625000,
        "researchanddevelopmentexpense": 29591000,
        "operatingexpenses": 229216000,
        "operatingincomeloss": 161454000,
        "interestincomeoperating": 2176000,
        "nonoperatingincomeexpense": 177000,
        "incomelossfromcontinuingoperationsbeforeincometaxesminorityinterestandincomelossfromequitymethodinvestments": 100545000,
        "incometaxexpensebenefit": 2902000,
        "incomelossfromequitymethodinvestments": -1777000,
        "earningspersharebasic": 1.2,
        "earningspersharediluted": 1.17,
        "weightedaveragenumberofsharesoutstandingbasic": 80036000,
        "weightedaveragenumberofdilutedsharesoutstanding": 81628000
    },
    {
        "date": "2017-09-30",
        "symbol": "ALGN",
        "period": "Q3",
        "netincomeloss": 82555000,
        "othercomprehensiveincomelossforeigncurrencytransactionandtranslationadjustmentnetoftax": 884000,
        "othercomprehensiveincomelossavailableforsalesecuritiesadjustmentnetoftax": 60000,
        "othercomprehensiveincomelossnetoftax": 944000,
        "comprehensiveincomenetoftax": 83499000,
        "salesrevenuenet": 217758000,
        "costofrevenue": 92779000,
        "grossprofit": 26203000,
        "sellinggeneralandadministrativeexpense": 169524000,
        "researchanddevelopmentexpense": 24201000,
        "operatingexpenses": 193725000,
        "operatingincomeloss": -69376000,
        "nonoperatingincomeexpense": 3750000,
        "incomelossfromcontinuingoperationsbeforeincometaxesminorityinterestandincomelossfromequitymethodinvestments": 102513000,
        "incometaxexpensebenefit": 18344000,
        "incomelossfromequitymethodinvestments": -1614000,
        "earningspersharebasic": 1.03,
        "earningspersharediluted": 1.01,
        "weightedaveragenumberofsharesoutstandingbasic": 80163000,
        "weightedaveragenumberofdilutedsharesoutstanding": 81789000
    },
    {
        "date": "2017-06-30",
        "symbol": "ALGN",
        "period": "Q2",
        "netincomeloss": 69179000,
        "othercomprehensiveincomelossforeigncurrencytransactionandtranslationadjustmentnetoftax": 1199000,
        "othercomprehensiveincomelossavailableforsalesecuritiesadjustmentnetoftax": 27000,
        "othercomprehensiveincomelossnetoftax": 1226000,
        "comprehensiveincomenetoftax": 70405000,
        "salesrevenuenet": 207021000,
        "costofrevenue": 85565000,
        "grossprofit": 20103000,
        "sellinggeneralandadministrativeexpense": 162964000,
        "researchanddevelopmentexpense": 24384000,
        "operatingexpenses": 187348000,
        "operatingincomeloss": -59142000,
        "nonoperatingincomeexpense": -1900000,
        "incomelossfromcontinuingoperationsbeforeincometaxesminorityinterestandincomelossfromequitymethodinvestments": 86781000,
        "incometaxexpensebenefit": 15387000,
        "incomelossfromequitymethodinvestments": -2215000,
        "earningspersharebasic": 0.86,
        "earningspersharediluted": 0.85,
        "weightedaveragenumberofsharesoutstandingbasic": 80188000,
        "weightedaveragenumberofdilutedsharesoutstanding": 81631000
    },
    {
        "date": "2017-03-30",
        "symbol": "ALGN",
        "period": "Q1",
        "netincomeloss": 69420000,
        "othercomprehensiveincomelossforeigncurrencytransactionandtranslationadjustmentnetoftax": -459000,
        "othercomprehensiveincomelossavailableforsalesecuritiesadjustmentnetoftax": 15000,
        "othercomprehensiveincomelossnetoftax": -444000,
        "comprehensiveincomenetoftax": 68976000,
        "salesrevenuenet": 282399000,
        "costofrevenue": 74716000,
        "grossprofit": 219947000,
        "sellinggeneralandadministrativeexpense": 151148000,
        "researchanddevelopmentexpense": 22804000,
        "operatingexpenses": 173952000,
        "operatingincomeloss": 114734000,
        "nonoperatingincomeexpense": 1645000,
        "incomelossfromcontinuingoperationsbeforeincometaxesminorityinterestandincomelossfromequitymethodinvestments": 63318000,
        "incometaxexpensebenefit": -7223000,
        "incomelossfromequitymethodinvestments": -1121000,
        "earningspersharebasic": 0.87,
        "earningspersharediluted": 0.85,
        "weightedaveragenumberofsharesoutstandingbasic": 79904000,
        "weightedaveragenumberofdilutedsharesoutstanding": 81534000
    },
    {
        "date": "2016-09-30",
        "symbol": "ALGN",
        "period": "Q3",
        "netincomeloss": 51367000,
        "othercomprehensiveincomelossforeigncurrencytransactionandtranslationadjustmentnetoftax": -76000,
        "othercomprehensiveincomelossavailableforsalesecuritiesadjustmentnetoftax": -437000,
        "othercomprehensiveincomelossnetoftax": -513000,
        "comprehensiveincomenetoftax": 50854000,
        "salesrevenuenet": 168501000,
        "costofrevenue": 69387000,
        "grossprofit": 19932000,
        "sellinggeneralandadministrativeexpense": 126708000,
        "researchanddevelopmentexpense": 20415000,
        "operatingexpenses": 147123000,
        "operatingincomeloss": 62079000,
        "nonoperatingincomeexpense": 1463000,
        "incomelossfromcontinuingoperationsbeforeincometaxesminorityinterestandincomelossfromequitymethodinvestments": 63542000,
        "incometaxexpensebenefit": 11698000,
        "incomelossfromequitymethodinvestments": -477000,
        "earningspersharebasic": 0.64,
        "earningspersharediluted": 0.63,
        "weightedaveragenumberofsharesoutstandingbasic": 79977000,
        "weightedaveragenumberofdilutedsharesoutstanding": 81466000
    },
    {
        "date": "2016-06-30",
        "symbol": "ALGN",
        "period": "Q2",
        "netincomeloss": 50148000,
        "othercomprehensiveincomelossforeigncurrencytransactionandtranslationadjustmentnetoftax": 83000,
        "othercomprehensiveincomelossavailableforsalesecuritiesadjustmentnetoftax": 323000,
        "othercomprehensiveincomelossnetoftax": 406000,
        "comprehensiveincomenetoftax": 50554000,
        "salesrevenuenet": 182322000,
        "costofrevenue": 64146000,
        "grossprofit": 13890000,
        "sellinggeneralandadministrativeexpense": 121467000,
        "researchanddevelopmentexpense": 18613000,
        "operatingexpenses": 140080000,
        "operatingincomeloss": 65136000,
        "nonoperatingincomeexpense": 125000,
        "incomelossfromcontinuingoperationsbeforeincometaxesminorityinterestandincomelossfromequitymethodinvestments": 65261000,
        "incometaxexpensebenefit": 15113000,
        "earningspersharebasic": 0.63,
        "earningspersharediluted": 0.62,
        "weightedaveragenumberofsharesoutstandingbasic": 79951000,
        "weightedaveragenumberofdilutedsharesoutstanding": 81281000
    },
    {
        "date": "2016-03-30",
        "symbol": "ALGN",
        "period": "Q1",
        "netincomeloss": 40546000,
        "othercomprehensiveincomelossforeigncurrencytransactionandtranslationadjustmentnetoftax": -150000,
        "othercomprehensiveincomelossavailableforsalesecuritiesadjustmentnetoftax": 1152000,
        "othercomprehensiveincomelossnetoftax": 1002000,
        "comprehensiveincomenetoftax": 41548000,
        "salesrevenuenet": 219698000,
        "costofrevenue": 58093000,
        "grossprofit": 172067000,
        "sellinggeneralandadministrativeexpense": 112210000,
        "researchanddevelopmentexpense": 15083000,
        "operatingexpenses": 127293000,
        "operatingincomeloss": 53334000,
        "nonoperatingincomeexpense": -427000,
        "incomelossfromcontinuingoperationsbeforeincometaxesminorityinterestandincomelossfromequitymethodinvestments": 52907000,
        "incometaxexpensebenefit": 12361000,
        "earningspersharebasic": 0.51,
        "earningspersharediluted": 0.5,
        "weightedaveragenumberofsharesoutstandingbasic": 79831000,
        "weightedaveragenumberofdilutedsharesoutstanding": 81320000
    },
    {
        "date": "2015-09-30",
        "symbol": "ALGN",
        "period": "Q3",
        "netincomeloss": 27616000,
        "othercomprehensiveincomelossforeigncurrencytransactionandtranslationadjustmentnetoftax": 114000,
        "othercomprehensiveincomelossavailableforsalesecuritiesadjustmentnetoftax": 98000,
        "othercomprehensiveincomelossnetoftax": 212000,
        "comprehensiveincomenetoftax": 27828000,
        "salesrevenuenet": 143933000,
        "costofrevenue": 50060000,
        "grossprofit": 1371000,
        "sellingandmarketingexpense": 101751000,
        "researchanddevelopmentexpense": 17779000,
        "operatingexpenses": 119530000,
        "operatingincomeloss": 38046000,
        "nonoperatingincomeexpense": -1568000,
        "incomelossfromcontinuingoperationsbeforeincometaxesminorityinterestandincomelossfromequitymethodinvestments": 36478000,
        "incometaxexpensebenefit": 8862000,
        "earningspersharebasic": 0.35,
        "earningspersharediluted": 0.34,
        "weightedaveragenumberofsharesoutstandingbasic": 79808000,
        "weightedaveragenumberofdilutedsharesoutstanding": 81092000
    },
    {
        "date": "2015-06-30",
        "symbol": "ALGN",
        "period": "Q2",
        "netincomeloss": 31350000,
        "othercomprehensiveincomelossforeigncurrencytransactionandtranslationadjustmentnetoftax": 52000,
        "othercomprehensiveincomelossavailableforsalesecuritiesadjustmentnetoftax": -133000,
        "othercomprehensiveincomelossnetoftax": -81000,
        "comprehensiveincomenetoftax": 31269000,
        "salesrevenuenet": 145368000,
        "costofrevenue": 50854000,
        "grossprofit": 1297000,
        "sellingandmarketingexpense": 100625000,
        "researchanddevelopmentexpense": 15684000,
        "operatingexpenses": 116309000,
        "operatingincomeloss": 42325000,
        "nonoperatingincomeexpense": 174000,
        "incomelossfromcontinuingoperationsbeforeincometaxesminorityinterestandincomelossfromequitymethodinvestments": 42499000,
        "incometaxexpensebenefit": 11149000,
        "earningspersharebasic": 0.39,
        "earningspersharediluted": 0.39,
        "weightedaveragenumberofsharesoutstandingbasic": 80257000,
        "weightedaveragenumberofdilutedsharesoutstanding": 81394000
    },
    {
        "date": "2015-03-30",
        "symbol": "ALGN",
        "period": "Q1",
        "netincomeloss": 36177000,
        "othercomprehensiveincomelossforeigncurrencytransactionandtranslationadjustmentnetoftax": -261000,
        "othercomprehensiveincomelossavailableforsalesecuritiesadjustmentnetoftax": 295000,
        "othercomprehensiveincomelossnetoftax": 34000,
        "comprehensiveincomenetoftax": 36211000,
        "salesrevenuenet": 198086000,
        "costofrevenue": 46996000,
        "grossprofit": 147960000,
        "sellingandmarketingexpense": 88281000,
        "researchanddevelopmentexpense": 13885000,
        "operatingexpenses": 102166000,
        "operatingincomeloss": 48924000,
        "nonoperatingincomeexpense": -1452000,
        "incomelossfromcontinuingoperationsbeforeincometaxesminorityinterestandincomelossfromequitymethodinvestments": 47472000,
        "incometaxexpensebenefit": 11295000,
        "earningspersharebasic": 0.45,
        "earningspersharediluted": 0.44,
        "weightedaveragenumberofsharesoutstandingbasic": 80459000,
        "weightedaveragenumberofdilutedsharesoutstanding": 81824000
    },
    {
        "date": "2014-09-30",
        "symbol": "ALGN",
        "period": "Q3",
        "netincomeloss": 38247000,
        "othercomprehensiveincomelossforeigncurrencytransactionandtranslationadjustmentnetoftax": -257000,
        "othercomprehensiveincomelossavailableforsalesecuritiesadjustmentnetoftax": -191000,
        "othercomprehensiveincomelossnetoftax": -448000,
        "comprehensiveincomenetoftax": 37799000,
        "salesrevenuenet": 11350000,
        "costofrevenue": 44822000,
        "grossprofit": 141117000,
        "sellingandmarketingexpense": 52368000,
        "generalandadministrativeexpense": 28285000,
        "researchanddevelopmentexpense": 12854000,
        "operatingexpenses": 93507000,
        "operatingincomeloss": 51547000,
        "nonoperatingincomeexpense": -1999000,
        "incomelossfromcontinuingoperationsbeforeincometaxesminorityinterestandincomelossfromequitymethodinvestments": 49548000,
        "incometaxexpensebenefit": 11301000,
        "earningspersharebasic": 0.47,
        "earningspersharediluted": 0.47,
        "weightedaveragenumberofsharesoutstandingbasic": 80629000,
        "weightedaveragenumberofdilutedsharesoutstanding": 82014000
    },
    {
        "date": "2014-06-30",
        "symbol": "ALGN",
        "period": "Q2",
        "netincomeloss": 35600000,
        "othercomprehensiveincomelossforeigncurrencytransactionandtranslationadjustmentnetoftax": -4000,
        "othercomprehensiveincomelossavailableforsalesecuritiesadjustmentnetoftax": 70000,
        "othercomprehensiveincomelossnetoftax": 66000,
        "comprehensiveincomenetoftax": 35666000,
        "salesrevenuenet": 12099000,
        "costofrevenue": 47055000,
        "grossprofit": 141703000,
        "sellingandmarketingexpense": 56386000,
        "generalandadministrativeexpense": 27069000,
        "researchanddevelopmentexpense": 13289000,
        "operatingexpenses": 96744000,
        "operatingincomeloss": 48732000,
        "nonoperatingincomeexpense": -93000,
        "incomelossfromcontinuingoperationsbeforeincometaxesminorityinterestandincomelossfromequitymethodinvestments": 48639000,
        "incometaxexpensebenefit": 13039000,
        "earningspersharebasic": 0.44,
        "earningspersharediluted": 0.43,
        "weightedaveragenumberofsharesoutstandingbasic": 81027000,
        "weightedaveragenumberofdilutedsharesoutstanding": 82341000
    },
    {
        "date": "2014-03-30",
        "symbol": "ALGN",
        "period": "Q1",
        "netincomeloss": 32444000,
        "othercomprehensiveincomelossforeigncurrencytransactionandtranslationadjustmentnetoftax": 106000,
        "othercomprehensiveincomelossavailableforsalesecuritiesadjustmentnetoftax": 42000,
        "othercomprehensiveincomelossnetoftax": 148000,
        "comprehensiveincomenetoftax": 32592000,
        "salesrevenuenet": 10481000,
        "costofrevenue": 43395000,
        "grossprofit": 133083000,
        "sellingandmarketingexpense": 52888000,
        "generalandadministrativeexpense": 29179000,
        "researchanddevelopmentexpense": 13380000,
        "operatingexpenses": 95447000,
        "operatingincomeloss": 41804000,
        "nonoperatingincomeexpense": 601000,
        "incomelossfromcontinuingoperationsbeforeincometaxesminorityinterestandincomelossfromequitymethodinvestments": 42405000,
        "incometaxexpensebenefit": 9961000,
        "earningspersharebasic": 0.4,
        "earningspersharediluted": 0.39,
        "weightedaveragenumberofsharesoutstandingbasic": 81120000,
        "weightedaveragenumberofdilutedsharesoutstanding": 82817000,
        "effectiveincometaxratecontinuingoperations": 0.235
    },
    {
        "date": "2013-09-30",
        "symbol": "ALGN",
        "period": "Q3",
        "netincomeloss": 34537000,
        "othercomprehensiveincomelossforeigncurrencytransactionandtranslationadjustmentnetoftax": 173000,
        "othercomprehensiveincomelossavailableforsalesecuritiesadjustmentnetoftax": 203000,
        "othercomprehensiveincomelossnetoftax": 376000,
        "comprehensiveincomenetoftax": 34913000,
        "salesrevenuenet": -8875000,
        "costofrevenue": 39416000,
        "grossprofit": 122663000,
        "sellingandmarketingexpense": 45224000,
        "generalandadministrativeexpense": 27487000,
        "researchanddevelopmentexpense": 10915000,
        "assetimpairmentcharges": 0,
        "operatingexpenses": 83626000,
        "operatingincomeloss": 41464000,
        "nonoperatingincomeexpense": 449000,
        "incomelossfromcontinuingoperationsbeforeincometaxesminorityinterestandincomelossfromequitymethodinvestments": 41913000,
        "incometaxexpensebenefit": 7376000,
        "earningspersharebasic": 0.43000000000000005,
        "earningspersharediluted": 0.42000000000000004,
        "weightedaveragenumberofsharesoutstandingbasic": -317000,
        "weightedaveragenumberofdilutedsharesoutstanding": 1640000,
        "effectiveincometaxratecontinuingoperations": 8.541999999999998
    },
    {
        "date": "2013-06-30",
        "symbol": "ALGN",
        "period": "Q2",
        "netincomeloss": 29320000,
        "othercomprehensiveincomelossforeigncurrencytransactionandtranslationadjustmentnetoftax": -9000,
        "othercomprehensiveincomelossavailableforsalesecuritiesadjustmentnetoftax": -186000,
        "othercomprehensiveincomelossnetoftax": -195000,
        "comprehensiveincomenetoftax": 29125000,
        "salesrevenuenet": 4146000,
        "costofrevenue": 40137000,
        "grossprofit": 225929000,
        "sellingandmarketingexpense": 47847000,
        "generalandadministrativeexpense": 27027000,
        "researchanddevelopmentexpense": 10916000,
        "goodwillimpairmentloss": 0,
        "assetimpairmentcharges": 7020000,
        "operatingexpenses": 85790000,
        "operatingincomeloss": 37901000,
        "nonoperatingincomeexpense": -335000,
        "incomelossfromcontinuingoperationsbeforeincometaxesminorityinterestandincomelossfromequitymethodinvestments": 37566000,
        "incometaxexpensebenefit": 8246000,
        "earningspersharebasic": 0.36,
        "earningspersharediluted": 0.36,
        "weightedaveragenumberofsharesoutstandingbasic": -339000,
        "weightedaveragenumberofdilutedsharesoutstanding": -339000,
        "effectiveincometaxratecontinuingoperations": -7.3839999999999995
    },
    {
        "date": "2013-03-30",
        "symbol": "ALGN",
        "period": "Q1",
        "netincomeloss": -41983000,
        "othercomprehensiveincomelossforeigncurrencytransactionandtranslationadjustmentnetoftax": -55000,
        "othercomprehensiveincomelossavailableforsalesecuritiesadjustmentnetoftax": 3000,
        "othercomprehensiveincomelossnetoftax": -52000,
        "comprehensiveincomenetoftax": -42035000,
        "salesrevenuenet": 31095000,
        "costofrevenue": 40731000,
        "grossprofit": 3522000,
        "sellingandmarketingexpense": 42281000,
        "generalandadministrativeexpense": 30348000,
        "researchanddevelopmentexpense": 11282000,
        "goodwillimpairmentloss": 40693000,
        "assetimpairmentcharges": 19300000,
        "operatingexpenses": 150924000,
        "operatingincomeloss": -38075000,
        "nonoperatingincomeexpense": -988000,
        "incomelossfromcontinuingoperationsbeforeincometaxesminorityinterestandincomelossfromequitymethodinvestments": -39063000,
        "incometaxexpensebenefit": 2920000,
        "earningspersharebasic": -0.52,
        "earningspersharediluted": -0.52,
        "weightedaveragenumberofsharesoutstandingbasic": 81248000,
        "weightedaveragenumberofdilutedsharesoutstanding": 81248000,
        "effectiveincometaxratecontinuingoperations": -0.075
    },
    {
        "date": "2012-09-30",
        "symbol": "ALGN",
        "period": "Q3",
        "netincomeloss": -344000,
        "comprehensiveincomenetoftax": -23000,
        "salesrevenuenet": 19148000,
        "costofrevenue": 36146000,
        "grossprofit": -92002000,
        "sellingandmarketingexpense": 36468000,
        "generalandadministrativeexpense": 23892000,
        "researchanddevelopmentexpense": 9952000,
        "operatingexpenses": 95847000,
        "operatingincomeloss": 4503000,
        "nonoperatingincomeexpense": -353000,
        "incomelossfromcontinuingoperationsbeforeincometaxesminorityinterestandincomelossfromequitymethodinvestments": 4150000,
        "incometaxexpensebenefit": 4494000,
        "earningspersharebasic": 0,
        "earningspersharediluted": -0.010000000000000064,
        "weightedaveragenumberofsharesoutstandingbasic": -79263000,
        "weightedaveragenumberofdilutedsharesoutstanding": -81794000
    },
    {
        "date": "2012-06-30",
        "symbol": "ALGN",
        "period": "Q2",
        "netincomeloss": 28492000,
        "othercomprehensiveincomeforeigncurrencytransactionandtranslationadjustmentnetoftaxperiodincreasedecrease": -521000,
        "othercomprehensiveincomeavailableforsalesecuritiesadjustmentnetoftaxperiodincreasedecrease": -12000,
        "othercomprehensiveincomelossnetoftaxperiodincreasedecrease": -533000,
        "comprehensiveincomenetoftax": 27959000,
        "salesrevenuenet": 11957000,
        "costofrevenue": 36826000,
        "grossprofit": 3183000,
        "sellingandmarketingexpense": 39087000,
        "generalandadministrativeexpense": 22152000,
        "researchanddevelopmentexpense": 10680000,
        "amortizationofacquiredintangibleassetsinoperatingexpenses": 869000,
        "operatingexpenses": 72788000,
        "operatingincomeloss": 36012000,
        "nonoperatingincomeexpense": 541000,
        "incomelossfromcontinuingoperationsbeforeincometaxesminorityinterestandincomelossfromequitymethodinvestments": 36553000,
        "incometaxexpensebenefit": 8061000,
        "earningspersharebasic": 0.35,
        "earningspersharediluted": 0.34,
        "weightedaveragenumberofsharesoutstandingbasic": 80384000,
        "weightedaveragenumberofdilutedsharesoutstanding": 82954000
    },
    {
        "date": "2012-03-30",
        "symbol": "ALGN",
        "period": "Q1",
        "salesrevenuenet": 2374000,
        "costofrevenue": 34319000,
        "grossprofit": 97389000,
        "sellingandmarketingexpense": 38717000,
        "generalandadministrativeexpense": 22626000,
        "researchanddevelopmentexpense": 10526000,
        "amortizationofacquiredintangibleassets": 261000,
        "operatingexpenses": 72754000,
        "operatingincomeloss": 28006000,
        "nonoperatingincomeexpense": -812000,
        "incomelossfromcontinuingoperationsbeforeincometaxesminorityinterestandincomelossfromequitymethodinvestments": 27194000,
        "incometaxexpensebenefit": 6210000,
        "netincomeloss": 20984000,
        "earningspersharebasic": 0.26,
        "earningspersharediluted": 0.26,
        "weightedaveragenumberofsharesoutstandingbasic": 79235000,
        "weightedaveragenumberofdilutedsharesoutstanding": 81856000,
        "othercomprehensiveincomeforeigncurrencytransactionandtranslationadjustmentnetoftaxperiodincreasedecrease": 159000,
        "othercomprehensiveincomeavailableforsalesecuritiesadjustmentnetoftaxperiodincreasedecrease": -12000,
        "othercomprehensiveincomelossnetoftaxperiodincreasedecrease": 147000,
        "comprehensiveincomenetoftax": 21131000
    },
    {
        "date": "2011-09-30",
        "symbol": "ALGN",
        "period": "Q3",
        "salesrevenuenet": 125894000,
        "costofrevenue": 33524000,
        "grossprofit": 92370000,
        "sellingandmarketingexpense": 34655000,
        "generalandadministrativeexpense": 21609000,
        "researchanddevelopmentexpense": 8926000,
        "operatingexpenses": 66058000,
        "amortizationofacquiredintangibleassets": 267000,
        "operatingincomeloss": 26312000,
        "nonoperatingincomeexpense": -118000,
        "incomelossfromcontinuingoperationsbeforeincometaxesminorityinterestandincomelossfromequitymethodinvestments": 26194000,
        "incometaxexpensebenefit": 6930000,
        "netincomeloss": 19264000,
        "earningspersharebasic": 0.25,
        "earningspersharediluted": 0.24,
        "weightedaveragenumberofsharesoutstandingbasic": 78455000,
        "weightedaveragenumberofdilutedsharesoutstanding": 80266000
    },
    {
        "date": "2011-06-29",
        "symbol": "ALGN",
        "period": "Q2",
        "salesrevenuenet": 120086000,
        "costofrevenue": 28949000,
        "grossprofit": 91137000,
        "sellingandmarketingexpense": 38586000,
        "generalandadministrativeexpense": 26094000,
        "researchanddevelopmentexpense": 9270000,
        "amortizationofacquiredintangibleassets": 592000,
        "operatingexpenses": 74542000,
        "operatingincomeloss": 16595000,
        "nonoperatingincomeexpense": -306000,
        "incomelossfromcontinuingoperationsbeforeincometaxesminorityinterestandincomelossfromequitymethodinvestments": 16289000,
        "incometaxexpensebenefit": 5127000,
        "netincomeloss": 11162000,
        "earningspersharebasic": 0.14,
        "earningspersharediluted": 0.14,
        "weightedaveragenumberofsharesoutstandingbasic": 77888000,
        "weightedaveragenumberofdilutedsharesoutstanding": 80321000,
        "deferredrevenuerevenuerecognized": 14300000
    },
    {
        "date": "2011-03-30",
        "symbol": "ALGN",
        "period": "Q1",
        "salesrevenuegoodsnet": 99437000,
        "othersalesrevenuenet": 5419000,
        "revenues": 104856000,
        "costofgoodssold": 20993000,
        "othercostofoperatingrevenue": 1637000,
        "costofrevenue": 22630000,
        "grossprofit": 82226000,
        "sellingandmarketingexpense": 32821000,
        "generalandadministrativeexpense": 18992000,
        "researchanddevelopmentexpense": 9390000,
        "operatingexpenses": 61203000,
        "operatingincomeloss": 21023000,
        "nonoperatingincomeexpense": 89000,
        "incomelossfromcontinuingoperationsbeforeincometaxesminorityinterestandincomelossfromequitymethodinvestments": 21112000,
        "incometaxexpensebenefit": 5271000,
        "netincomeloss": 15841000,
        "earningspersharebasic": 0.21,
        "earningspersharediluted": 0.2,
        "weightedaveragenumberofsharesoutstandingbasic": 76844000,
        "weightedaveragenumberofdilutedsharesoutstanding": 79361000
    },
    {
        "date": "2010-06-29",
        "symbol": "ALGN",
        "period": "Q2",
        "salesrevenuegoodsnet": 102821000,
        "othersalesrevenuenet": 5375000,
        "revenues": 108196000,
        "costofgoodssold": 18583000,
        "othercostofoperatingrevenue": 2595000,
        "costofrevenue": 21178000,
        "grossprofit": 87018000,
        "sellingandmarketingexpense": 28939000,
        "generalandadministrativeexpense": 15005000,
        "researchanddevelopmentexpense": 6396000,
        "gainlossrelatedtolitigationsettlement": 8666000,
        "operatingexpenses": 41674000,
        "operatingincomeloss": 45344000,
        "nonoperatingincomeexpense": 156000,
        "incomelossfromcontinuingoperationsbeforeincometaxesminorityinterestandincomelossfromequitymethodinvestments": 45500000,
        "incometaxexpensebenefit": 12897000,
        "netincomeloss": 32603000,
        "earningspersharebasic": 0.43,
        "earningspersharediluted": 0.42,
        "weightedaveragenumberofsharesoutstandingbasic": 75703000,
        "weightedaveragenumberofdilutedsharesoutstanding": 77607000,
        "deferredrevenuerevenuerecognized": 14300000
    }
]