[
    {
        "date": "2023-12-30",
        "symbol": "DOV",
        "period": "Q4",
        "revenuefromcontractwithcustomerexcludingassessedtax": 6104664000,
        "costofgoodsandservicessold": 1319994000,
        "grossprofit": 785763000,
        "sellinggeneralandadministrativeexpense": 431291000,
        "operatingincomeloss": 354472000,
        "interestexpense": 30898000,
        "interestincomeother": 4944000,
        "othernonoperatingincomeexpense": 11771000,
        "incomelossattributabletoparent": 917662000,
        "incometaxexpensebenefit": 148889000,
        "netincomeloss": 768773000,
        "earningspersharebasic": 2.12,
        "earningspersharediluted": 2.1099999999999994,
        "weightedaveragenumberofsharesoutstandingbasic": 139848000,
        "weightedaveragenumberofdilutedsharesoutstanding": 140599000,
        "othercomprehensiveincomeforeigncurrencytransactionandtranslationgainlossarisingduringperiodnetoftax": 55100000,
        "othercomprehensiveincomelossforeigncurrencytransactionandtranslationadjustmentnetoftax": 55100000,
        "othercomprehensiveincomelossreclassificationadjustmentfromaocipensionandotherpostretirementbenefitplansfornetgainlossnetoftax": 404000,
        "othercomprehensiveincomelossamortizationadjustmentfromaocipensionandotherpostretirementbenefitplansfornetpriorservicecostcreditnetoftax": 88000,
        "othercomprehensiveincomelosspensionandotherpostretirementbenefitplansadjustmentnetoftax": 12358000,
        "othercomprehensiveincomelosscashflowhedgegainlossbeforereclassificationaftertax": 436000,
        "othercomprehensiveincomelosscashflowhedgegainlossreclassificationaftertax": 113000,
        "othercomprehensiveincomelosscashflowhedgegainlossafterreclassificationandtax": 323000,
        "othercomprehensiveincomelossnetoftaxportionattributabletoparent": 43065000,
        "comprehensiveincomenetoftax": 339327000,
        "othercomprehensiveincomeforeigncurrencytranslationadjustmenttaxportionattributabletoparent": -10496000,
        "othercomprehensiveincomedefinedbenefitplanstaxportionattributabletoparent": 3322000,
        "othercomprehensiveincomelosscashflowhedgegainlossafterreclassificationtaxparent": 118000
    },
    {
        "date": "2023-09-29",
        "symbol": "DOV",
        "period": "Q3",
        "revenuefromcontractwithcustomerexcludingassessedtax": 2153268000,
        "costofgoodsandservicessold": 1360253000,
        "grossprofit": 793015000,
        "sellinggeneralandadministrativeexpense": 420245000,
        "operatingincomeloss": 372770000,
        "interestexpense": 32389000,
        "interestincomeother": 3808000,
        "othernonoperatingincomeexpense": 10273000,
        "incomelossattributabletoparent": 354462000,
        "incometaxexpensebenefit": 64709000,
        "netincomeloss": 289753000,
        "earningspersharebasic": 2.07,
        "earningspersharediluted": 2.06,
        "weightedaveragenumberofsharesoutstandingbasic": 139878000,
        "weightedaveragenumberofdilutedsharesoutstanding": 140615000,
        "othercomprehensiveincomeforeigncurrencytransactionandtranslationgainlossarisingduringperiodnetoftax": -54114000,
        "othercomprehensiveincomelossforeigncurrencytransactionandtranslationadjustmentnetoftax": -54114000,
        "othercomprehensiveincomelossreclassificationadjustmentfromaocipensionandotherpostretirementbenefitplansfornetgainlossnetoftax": 516000,
        "othercomprehensiveincomelossamortizationadjustmentfromaocipensionandotherpostretirementbenefitplansfornetpriorservicecostcreditnetoftax": 245000,
        "othercomprehensiveincomelosspensionandotherpostretirementbenefitplansadjustmentnetoftax": 271000,
        "othercomprehensiveincomelosscashflowhedgegainlossbeforereclassificationaftertax": 587000,
        "othercomprehensiveincomelosscashflowhedgegainlossreclassificationaftertax": -369000,
        "othercomprehensiveincomelosscashflowhedgegainlossafterreclassificationandtax": 956000,
        "othercomprehensiveincomelossnetoftaxportionattributabletoparent": -53429000,
        "comprehensiveincomenetoftax": 236324000,
        "othercomprehensiveincomeforeigncurrencytranslationadjustmenttaxportionattributabletoparent": 7274000,
        "othercomprehensiveincomedefinedbenefitplanstaxportionattributabletoparent": 82000,
        "othercomprehensiveincomelosscashflowhedgegainlossafterreclassificationtaxparent": 273000
    },
    {
        "date": "2023-06-29",
        "symbol": "DOV",
        "period": "Q2",
        "revenuefromcontractwithcustomerexcludingassessedtax": 92419000,
        "costofgoodsandservicessold": 1341250000,
        "grossprofit": 758836000,
        "sellinggeneralandadministrativeexpense": 434340000,
        "operatingincomeloss": 324496000,
        "interestexpense": 33804000,
        "interestincomeother": 2653000,
        "othernonoperatingincomeexpense": -283000,
        "incomelossattributabletoparent": -1045000,
        "incometaxexpensebenefit": -193000,
        "netincomeloss": -852000,
        "earningspersharebasic": 1.73,
        "earningspersharediluted": 1.72,
        "weightedaveragenumberofsharesoutstandingbasic": 139862000,
        "weightedaveragenumberofdilutedsharesoutstanding": 140578000,
        "othercomprehensiveincomeforeigncurrencytransactionandtranslationgainlossarisingduringperiodnetoftax": 21335000,
        "othercomprehensiveincomelossforeigncurrencytransactionandtranslationadjustmentnetoftax": 21335000,
        "othercomprehensiveincomelossreclassificationadjustmentfromaocipensionandotherpostretirementbenefitplansfornetgainlossnetoftax": 528000,
        "othercomprehensiveincomelossamortizationadjustmentfromaocipensionandotherpostretirementbenefitplansfornetpriorservicecostcreditnetoftax": 255000,
        "othercomprehensiveincomelosspensionandotherpostretirementbenefitplansadjustmentnetoftax": 273000,
        "othercomprehensiveincomelosscashflowhedgegainlossbeforereclassificationaftertax": -268000,
        "othercomprehensiveincomelosscashflowhedgegainlossreclassificationaftertax": -852000,
        "othercomprehensiveincomelosscashflowhedgegainlossafterreclassificationandtax": 584000,
        "othercomprehensiveincomelossnetoftaxportionattributabletoparent": 21646000,
        "comprehensiveincomenetoftax": 263885000,
        "othercomprehensiveincomeforeigncurrencytranslationadjustmenttaxportionattributabletoparent": -3166000,
        "othercomprehensiveincomedefinedbenefitplanstaxportionattributabletoparent": 83000,
        "othercomprehensiveincomelosscashflowhedgegainlossafterreclassificationtaxparent": 167000
    },
    {
        "date": "2023-03-30",
        "symbol": "DOV",
        "period": "Q1",
        "revenuefromcontractwithcustomerexcludingassessedtax": 87783000,
        "costofgoodsandservicessold": 1332004000,
        "grossprofit": 747019000,
        "sellinggeneralandadministrativeexpense": 432414000,
        "operatingincomeloss": 314605000,
        "interestexpense": 34214000,
        "interestincomeother": 2091000,
        "othernonoperatingincomeexpense": -289000,
        "incomelossattributabletoparent": -1073000,
        "incometaxexpensebenefit": -227000,
        "netincomeloss": -846000,
        "earningspersharebasic": 1.64,
        "earningspersharediluted": 1.63,
        "weightedaveragenumberofsharesoutstandingbasic": 139757000,
        "weightedaveragenumberofdilutedsharesoutstanding": 140616000,
        "othercomprehensiveincomeforeigncurrencytransactionandtranslationgainlossarisingduringperiodnetoftax": 16572000,
        "othercomprehensiveincomelossforeigncurrencytransactionandtranslationadjustmentnetoftax": 16572000,
        "othercomprehensiveincomelossreclassificationadjustmentfromaocipensionandotherpostretirementbenefitplansfornetgainlossnetoftax": 534000,
        "othercomprehensiveincomelossamortizationadjustmentfromaocipensionandotherpostretirementbenefitplansfornetpriorservicecostcreditnetoftax": 264000,
        "othercomprehensiveincomelosspensionandotherpostretirementbenefitplansadjustmentnetoftax": 270000,
        "othercomprehensiveincomelosscashflowhedgegainlossbeforereclassificationaftertax": -73000,
        "othercomprehensiveincomelosscashflowhedgegainlossreclassificationaftertax": -846000,
        "othercomprehensiveincomelosscashflowhedgegainlossafterreclassificationandtax": 773000,
        "othercomprehensiveincomelossnetoftaxportionattributabletoparent": 17075000,
        "comprehensiveincomenetoftax": 245649000,
        "othercomprehensiveincomeforeigncurrencytranslationadjustmenttaxportionattributabletoparent": -4050000,
        "othercomprehensiveincomedefinedbenefitplanstaxportionattributabletoparent": 82000,
        "othercomprehensiveincomelosscashflowhedgegainlossafterreclassificationtaxparent": 220000
    },
    {
        "date": "2022-12-30",
        "symbol": "DOV",
        "period": "Q4",
        "revenuefromcontractwithcustomerexcludingassessedtax": 54456000,
        "costofgoodsandservicessold": 1372852000,
        "grossprofit": 766329000,
        "operatingincomeloss": 352718000,
        "interestexpense": 33126000,
        "interestincomeother": 1462000,
        "othernonoperatingincomeexpense": -3469000,
        "incomelossattributabletoparent": -238000,
        "incometaxexpensebenefit": -59000,
        "netincomeloss": -179000,
        "earningspersharebasic": 1.8800000000000001,
        "earningspersharediluted": 1.8699999999999997,
        "weightedaveragenumberofsharesoutstandingbasic": -788000,
        "weightedaveragenumberofdilutedsharesoutstanding": -818000,
        "othercomprehensiveincomeforeigncurrencytransactionandtranslationgainlossarisingduringperiodnetoftax": 97655000,
        "othercomprehensiveincomelossforeigncurrencytransactionandtranslationadjustmentnetoftax": 97655000,
        "othercomprehensiveincomelossreclassificationadjustmentfromaocipensionandotherpostretirementbenefitplansfornetgainlossnetoftax": -871000,
        "othercomprehensiveincomelossamortizationadjustmentfromaocipensionandotherpostretirementbenefitplansfornetpriorservicecostcreditnetoftax": 218000,
        "othercomprehensiveincomelosspensionandotherpostretirementbenefitplansadjustmentnetoftax": -3489000,
        "othercomprehensiveincomelosscashflowhedgegainlossbeforereclassificationaftertax": -2852000,
        "othercomprehensiveincomelosscashflowhedgegainlossreclassificationaftertax": -179000,
        "othercomprehensiveincomelosscashflowhedgegainlossafterreclassificationandtax": -2673000,
        "othercomprehensiveincomelossnetoftaxportionattributabletoparent": 98471000,
        "comprehensiveincomenetoftax": 362050000,
        "othercomprehensiveincomelosscashflowhedgegainlossafterreclassificationtaxparent": -759000
    },
    {
        "date": "2022-09-29",
        "symbol": "DOV",
        "period": "Q3",
        "revenuefromcontractwithcustomerexcludingassessedtax": 67120000,
        "costofgoodsandservicessold": 1385541000,
        "grossprofit": 772750000,
        "operatingincomeloss": 370411000,
        "interestexpense": 29789000,
        "interestincomeother": 1244000,
        "othernonoperatingincomeexpense": -271000,
        "incomelossattributabletoparent": 8409000,
        "incometaxexpensebenefit": 1877000,
        "netincomeloss": 6532000,
        "earningspersharebasic": 2.01,
        "earningspersharediluted": 1.9899999999999998,
        "weightedaveragenumberofsharesoutstandingbasic": -490000,
        "weightedaveragenumberofdilutedsharesoutstanding": -585000,
        "othercomprehensiveincomeforeigncurrencytransactionandtranslationgainlossarisingduringperiodnetoftax": -117460000,
        "othercomprehensiveincomelossforeigncurrencytransactionandtranslationadjustmentnetoftax": -117460000,
        "othercomprehensiveincomelossreclassificationadjustmentfromaocipensionandotherpostretirementbenefitplansfornetgainlossnetoftax": -327000,
        "othercomprehensiveincomelossamortizationadjustmentfromaocipensionandotherpostretirementbenefitplansfornetpriorservicecostcreditnetoftax": 223000,
        "othercomprehensiveincomelosspensionandotherpostretirementbenefitplansadjustmentnetoftax": -550000,
        "othercomprehensiveincomelosscashflowhedgegainlossbeforereclassificationaftertax": 1503000,
        "othercomprehensiveincomelosscashflowhedgegainlossreclassificationaftertax": 1290000,
        "othercomprehensiveincomelosscashflowhedgegainlossafterreclassificationandtax": 213000,
        "othercomprehensiveincomelossnetoftaxportionattributabletoparent": -116697000,
        "comprehensiveincomenetoftax": 169329000,
        "othercomprehensiveincomelosscashflowhedgegainlossafterreclassificationtaxparent": 61000
    },
    {
        "date": "2022-06-29",
        "symbol": "DOV",
        "period": "Q2",
        "revenuefromcontractwithcustomerexcludingassessedtax": 68547000,
        "costofgoodsandservicessold": 1377432000,
        "grossprofit": 781283000,
        "sellinggeneralandadministrativeexpense": 0,
        "operatingincomeloss": 356850000,
        "interestexpense": 26989000,
        "interestincomeother": 949000,
        "othernonoperatingincomeexpense": -274000,
        "incomelossattributabletoparent": -1345000,
        "incometaxexpensebenefit": -300000,
        "netincomeloss": -1045000,
        "earningspersharebasic": 2.01,
        "earningspersharediluted": 2,
        "weightedaveragenumberofsharesoutstandingbasic": -128000,
        "weightedaveragenumberofdilutedsharesoutstanding": -331000,
        "othercomprehensiveincomeforeigncurrencytransactionandtranslationgainlossarisingduringperiodnetoftax": -77552000,
        "othercomprehensiveincomelossforeigncurrencytransactionandtranslationreclassificationadjustmentfromaocirealizeduponsaleorliquidationnetoftax": 0,
        "othercomprehensiveincomelossforeigncurrencytransactionandtranslationadjustmentnetoftax": -77552000,
        "othercomprehensiveincomelossreclassificationadjustmentfromaocipensionandotherpostretirementbenefitplansfornetgainlossnetoftax": -345000,
        "othercomprehensiveincomelossamortizationadjustmentfromaocipensionandotherpostretirementbenefitplansfornetpriorservicecostcreditnetoftax": 226000,
        "othercomprehensiveincomelosspensionandotherpostretirementbenefitplansadjustmentnetoftax": -571000,
        "othercomprehensiveincomelosscashflowhedgegainlossbeforereclassificationaftertax": -1150000,
        "othercomprehensiveincomelosscashflowhedgegainlossreclassificationaftertax": 1045000,
        "othercomprehensiveincomelosscashflowhedgegainlossafterreclassificationandtax": -2195000,
        "othercomprehensiveincomelossnetoftaxportionattributabletoparent": -79176000,
        "comprehensiveincomenetoftax": 210442000,
        "othercomprehensiveincomelosscashflowhedgegainlossafterreclassificationtaxparent": -631000
    },
    {
        "date": "2022-03-30",
        "symbol": "DOV",
        "period": "Q1",
        "revenuefromcontractwithcustomerexcludingassessedtax": 71858000,
        "costofgoodsandservicessold": 1308707000,
        "grossprofit": 743194000,
        "sellinggeneralandadministrativeexpense": 5915000,
        "operatingincomeloss": 299351000,
        "interestexpense": 26552000,
        "interestincomeother": 775000,
        "othernonoperatingincomeexpense": -268000,
        "incomelossattributabletoparent": -2029000,
        "incometaxexpensebenefit": -453000,
        "netincomeloss": -1576000,
        "earningspersharebasic": 1.57,
        "earningspersharediluted": 1.56,
        "weightedaveragenumberofsharesoutstandingbasic": 144087000,
        "weightedaveragenumberofdilutedsharesoutstanding": 145329000,
        "othercomprehensiveincomeforeigncurrencytransactionandtranslationgainlossarisingduringperiodnetoftax": -21653000,
        "othercomprehensiveincomelossforeigncurrencytransactionandtranslationreclassificationadjustmentfromaocirealizeduponsaleorliquidationnetoftax": -5915000,
        "othercomprehensiveincomelossforeigncurrencytransactionandtranslationadjustmentnetoftax": -15738000,
        "othercomprehensiveincomelossreclassificationadjustmentfromaocipensionandotherpostretirementbenefitplansfornetgainlossnetoftax": -360000,
        "othercomprehensiveincomelossamortizationadjustmentfromaocipensionandotherpostretirementbenefitplansfornetpriorservicecostcreditnetoftax": 221000,
        "othercomprehensiveincomelosspensionandotherpostretirementbenefitplansadjustmentnetoftax": -581000,
        "othercomprehensiveincomelosscashflowhedgegainlossbeforereclassificationaftertax": 1964000,
        "othercomprehensiveincomelosscashflowhedgegainlossreclassificationaftertax": 1576000,
        "othercomprehensiveincomelosscashflowhedgegainlossafterreclassificationandtax": 388000,
        "othercomprehensiveincomelossnetoftaxportionattributabletoparent": -14769000,
        "comprehensiveincomenetoftax": 211384000,
        "derivativesusedinnetinvestmenthedgetaxexpensebenefit": 8431000,
        "othercomprehensiveincomelosspensionandotherpostretirementbenefitplanstax": -208000,
        "othercomprehensiveincomelosscashflowhedgegainlossafterreclassificationtaxparent": 112000
    },
    {
        "date": "2021-12-30",
        "symbol": "DOV",
        "period": "Q4",
        "revenuefromcontractwithcustomerexcludingassessedtax": 83004000,
        "costofgoodsandservicessold": 3673605000,
        "grossprofit": 721487000,
        "sellinggeneralandadministrativeexpense": 438685000,
        "operatingincomeloss": 282802000,
        "interestexpense": 26402000,
        "interestincomeother": 1353000,
        "othernonoperatingincomeexpense": -3378000,
        "incomelossattributabletoparent": 1287946000,
        "incometaxexpensebenefit": 97928000,
        "netincomeloss": 362785000,
        "earningspersharebasic": 2.5199999999999996,
        "earningspersharediluted": 2.499999999999999,
        "weightedaveragenumberofsharesoutstandingbasic": -287759000,
        "weightedaveragenumberofdilutedsharesoutstanding": -290223000,
        "othercomprehensiveincomeforeigncurrencytransactionandtranslationgainlossarisingduringperiodnetoftax": -22252000,
        "othercomprehensiveincomelossforeigncurrencytransactionandtranslationadjustmentnetoftax": -22252000,
        "othercomprehensiveincomelossreclassificationadjustmentfromaocipensionandotherpostretirementbenefitplansfornetgainlossnetoftax": -2371000,
        "othercomprehensiveincomelossamortizationadjustmentfromaocipensionandotherpostretirementbenefitplansfornetpriorservicecostcreditnetoftax": 377000,
        "othercomprehensiveincomelosspensionandotherpostretirementbenefitplansadjustmentnetoftax": -29442000,
        "othercomprehensiveincomelossnetoftaxportionattributabletoparent": 8013000,
        "comprehensiveincomenetoftax": 370798000,
        "othercomprehensiveincomelosspensionandotherpostretirementbenefitplanstax": -7550000
    },
    {
        "date": "2021-09-29",
        "symbol": "DOV",
        "period": "Q3",
        "revenuefromcontractwithcustomerexcludingassessedtax": 69094000,
        "costofgoodsandservicessold": 1263690000,
        "grossprofit": 754579000,
        "sellinggeneralandadministrativeexpense": 412553000,
        "operatingincomeloss": 342026000,
        "interestexpense": 26433000,
        "interestincomeother": 1466000,
        "othernonoperatingincomeexpense": 10460000,
        "incomelossattributabletoparent": 33498000,
        "incometaxexpensebenefit": 63763000,
        "netincomeloss": 263756000,
        "earningspersharebasic": 1.83,
        "earningspersharediluted": 1.81,
        "weightedaveragenumberofsharesoutstandingbasic": 143976000,
        "weightedaveragenumberofdilutedsharesoutstanding": 145440000,
        "othercomprehensiveincomeforeigncurrencytransactionandtranslationgainlossarisingduringperiodnetoftax": -26155000,
        "othercomprehensiveincomelossforeigncurrencytranslationadjustmenttax": 5446000,
        "othercomprehensiveincomelossforeigncurrencytransactionandtranslationadjustmentnetoftax": -26155000,
        "othercomprehensiveincomelossreclassificationadjustmentfromaocipensionandotherpostretirementbenefitplansfornetgainlossnetoftax": -2353000,
        "othercomprehensiveincomelossamortizationadjustmentfromaocipensionandotherpostretirementbenefitplansfornetpriorservicecostcreditnetoftax": 214000,
        "othercomprehensiveincomelosspensionandotherpostretirementbenefitplanstax": -771000,
        "othercomprehensiveincomelosspensionandotherpostretirementbenefitplansadjustmentnetoftax": -2567000,
        "othercomprehensiveincomelosscashflowhedgegainlossbeforereclassificationaftertax": -212000,
        "othercomprehensiveincomelosscashflowhedgegainlossreclassificationaftertax": 206000,
        "othercomprehensiveincomelosscashflowhedgegainlossafterreclassificationtax": -122000,
        "othercomprehensiveincomelosscashflowhedgegainlossafterreclassificationandtax": -418000,
        "othercomprehensiveincomelossnetoftaxportionattributabletoparent": -24006000,
        "comprehensiveincomenetoftax": 239750000
    },
    {
        "date": "2021-06-29",
        "symbol": "DOV",
        "period": "Q2",
        "revenuefromcontractwithcustomerexcludingassessedtax": 2031676000,
        "costofgoodsandservicessold": 1259504000,
        "grossprofit": 772172000,
        "sellinggeneralandadministrativeexpense": 428042000,
        "operatingincomeloss": 344130000,
        "interestexpense": 26661000,
        "interestincomeother": 942000,
        "othernonoperatingincomeexpense": 4933000,
        "incomelossattributabletoparent": 323344000,
        "incometaxexpensebenefit": 58836000,
        "netincomeloss": 264508000,
        "earningspersharebasic": 1.84,
        "earningspersharediluted": 1.82,
        "weightedaveragenumberofsharesoutstandingbasic": 143941000,
        "weightedaveragenumberofdilutedsharesoutstanding": 145118000,
        "othercomprehensiveincomeforeigncurrencytransactionandtranslationgainlossarisingduringperiodnetoftax": 21559000,
        "othercomprehensiveincomelossforeigncurrencytranslationadjustmenttax": -4269000,
        "othercomprehensiveincomelossforeigncurrencytransactionandtranslationadjustmentnetoftax": 21559000,
        "othercomprehensiveincomelossreclassificationadjustmentfromaocipensionandotherpostretirementbenefitplansfornetgainlossnetoftax": -2353000,
        "othercomprehensiveincomelossamortizationadjustmentfromaocipensionandotherpostretirementbenefitplansfornetpriorservicecostcreditnetoftax": 224000,
        "othercomprehensiveincomelosspensionandotherpostretirementbenefitplanstax": -774000,
        "othercomprehensiveincomelosspensionandotherpostretirementbenefitplansadjustmentnetoftax": -2577000,
        "othercomprehensiveincomeunrealizedgainlossonderivativesarisingduringperiodnetoftax": -5000,
        "othercomprehensiveincomelossreclassificationadjustmentfromaocionderivativesnetoftax": 1460000,
        "othercomprehensiveincomelossderivativesqualifyingashedgestax": -447000,
        "othercomprehensiveincomelossderivativesqualifyingashedgesnetoftax": -1465000,
        "othercomprehensiveincomelossnetoftaxportionattributabletoparent": 22671000,
        "comprehensiveincomenetoftax": 287179000
    },
    {
        "date": "2021-03-30",
        "symbol": "DOV",
        "period": "Q1",
        "revenuefromcontractwithcustomerexcludingassessedtax": 1867901000,
        "costofgoodsandservicessold": 1146353000,
        "grossprofit": 721548000,
        "sellinggeneralandadministrativeexpense": 408998000,
        "operatingincomeloss": 312550000,
        "interestexpense": 26823000,
        "interestincomeother": 680000,
        "othernonoperatingincomeexpense": 2843000,
        "incomelossattributabletoparent": 289250000,
        "incometaxexpensebenefit": 56481000,
        "netincomeloss": 232769000,
        "earningspersharebasic": 1.62,
        "earningspersharediluted": 1.61,
        "weightedaveragenumberofsharesoutstandingbasic": 143765000,
        "weightedaveragenumberofdilutedsharesoutstanding": 144938000,
        "othercomprehensiveincomeforeigncurrencytransactionandtranslationgainlossarisingduringperiodnetoftax": -12971000,
        "othercomprehensiveincomelossforeigncurrencytranslationadjustmenttax": 10492000,
        "othercomprehensiveincomelossforeigncurrencytransactionandtranslationadjustmentnetoftax": -12971000,
        "othercomprehensiveincomelossreclassificationadjustmentfromaocipensionandotherpostretirementbenefitplansfornetgainlossnetoftax": -2374000,
        "othercomprehensiveincomelossamortizationadjustmentfromaocipensionandotherpostretirementbenefitplansfornetpriorservicecostcreditnetoftax": 208000,
        "othercomprehensiveincomelosspensionandotherpostretirementbenefitplanstax": -773000,
        "othercomprehensiveincomelosspensionandotherpostretirementbenefitplansadjustmentnetoftax": -2582000,
        "othercomprehensiveincomeunrealizedgainlossonderivativesarisingduringperiodnetoftax": 4324000,
        "othercomprehensiveincomelossreclassificationadjustmentfromaocionderivativesnetoftax": 1411000,
        "othercomprehensiveincomelossderivativesqualifyingashedgestax": 871000,
        "othercomprehensiveincomelossderivativesqualifyingashedgesnetoftax": 2913000,
        "othercomprehensiveincomelossnetoftaxportionattributabletoparent": -7476000,
        "comprehensiveincomenetoftax": 225293000
    },
    {
        "date": "2020-12-30",
        "symbol": "DOV",
        "period": "Q4",
        "revenuefromcontractwithcustomerexcludingassessedtax": 1780390000,
        "costofgoodsandservicessold": 1128941000,
        "grossprofit": 651449000,
        "sellinggeneralandadministrativeexpense": 405520000,
        "operatingincomeloss": 245929000,
        "interestexpense": 28234000,
        "interestincomeother": 700000,
        "gainlossonsaleofbusiness": 0,
        "othernonoperatingincomeexpense": 2013000,
        "incometaxexpensebenefit": 112744000,
        "netincomeloss": 182106000,
        "earningspersharebasic": 1.2600000000000005,
        "earningspersharediluted": 1.2500000000000004,
        "weightedaveragenumberofsharesoutstandingbasic": -288196000,
        "weightedaveragenumberofdilutedsharesoutstanding": -290673000,
        "othercomprehensiveincomeforeigncurrencytransactionandtranslationgainlossarisingduringperiodnetoftax": 75164000,
        "othercomprehensiveincomelossforeigncurrencytransactionandtranslationadjustmentnetoftax": 75164000,
        "othercomprehensiveincomelossreclassificationadjustmentfromaocipensionandotherpostretirementbenefitplansfornetgainlossnetoftax": -1310000,
        "othercomprehensiveincomelossamortizationadjustmentfromaocipensionandotherpostretirementbenefitplansfornetpriorservicecostcreditnetoftax": 358000,
        "othercomprehensiveincomelosspensionandotherpostretirementbenefitplansadjustmentnetoftax": -3219000,
        "othercomprehensiveincomeunrealizedgainlossonderivativesarisingduringperiodnetoftax": 2027000,
        "othercomprehensiveincomelossreclassificationadjustmentfromaocionderivativesnetoftax": 949000,
        "othercomprehensiveincomelossderivativesqualifyingashedgesnetoftax": 1078000,
        "othercomprehensiveincomelossnetoftaxportionattributabletoparent": 79461000,
        "comprehensiveincomenetoftax": 261567000
    },
    {
        "date": "2020-09-29",
        "symbol": "DOV",
        "period": "Q3",
        "revenuefromcontractwithcustomerexcludingassessedtax": 1748256000,
        "costofgoodsandservicessold": 1089527000,
        "grossprofit": 658729000,
        "sellinggeneralandadministrativeexpense": 381831000,
        "operatingincomeloss": 276898000,
        "interestexpense": 27724000,
        "interestincomeother": 960000,
        "gainlossonsaleofbusiness": -557000,
        "othernonoperatingincomeexpense": 1420000,
        "incometaxexpensebenefit": 50697000,
        "netincomeloss": 200300000,
        "earningspersharebasic": 1.39,
        "earningspersharediluted": 1.38,
        "weightedaveragenumberofsharesoutstandingbasic": 144032000,
        "weightedaveragenumberofdilutedsharesoutstanding": 145289000,
        "incomelossattributabletoparent": 250997000,
        "othercomprehensiveincomeforeigncurrencytransactionandtranslationgainlossarisingduringperiodnetoftax": 29271000,
        "othercomprehensiveincomelossforeigncurrencytransactionandtranslationadjustmentnetoftax": 29271000,
        "othercomprehensiveincomelossreclassificationadjustmentfromaocipensionandotherpostretirementbenefitplansfornetgainlossnetoftax": -1881000,
        "othercomprehensiveincomelossamortizationadjustmentfromaocipensionandotherpostretirementbenefitplansfornetpriorservicecostcreditnetoftax": 250000,
        "othercomprehensiveincomelosspensionandotherpostretirementbenefitplansadjustmentnetoftax": -2131000,
        "othercomprehensiveincomeunrealizedgainlossonderivativesarisingduringperiodnetoftax": -278000,
        "othercomprehensiveincomelossreclassificationadjustmentfromaocionderivativesnetoftax": 210000,
        "othercomprehensiveincomelossderivativesqualifyingashedgesnetoftax": -488000,
        "othercomprehensiveincomelossnetoftaxportionattributabletoparent": 30914000,
        "comprehensiveincomenetoftax": 231214000
    },
    {
        "date": "2020-06-29",
        "symbol": "DOV",
        "period": "Q2",
        "revenuefromcontractwithcustomerexcludingassessedtax": 1499175000,
        "costofgoodsandservicessold": 947577000,
        "grossprofit": 551598000,
        "sellinggeneralandadministrativeexpense": 366740000,
        "operatingincomeloss": 184858000,
        "interestexpense": 28711000,
        "interestincomeother": 728000,
        "gainlossonsaleofbusiness": -781000,
        "othernonoperatingincomeexpense": 735000,
        "incometaxexpensebenefit": 32063000,
        "netincomeloss": 124766000,
        "earningspersharebasic": 0.87,
        "earningspersharediluted": 0.86,
        "weightedaveragenumberofsharesoutstandingbasic": 143955000,
        "weightedaveragenumberofdilutedsharesoutstanding": 144995000,
        "incomelossattributabletoparent": 156829000,
        "othercomprehensiveincomeforeigncurrencytransactionandtranslationgainlossarisingduringperiodnetoftax": 44569000,
        "othercomprehensiveincomelossforeigncurrencytransactionandtranslationadjustmentnetoftax": 44569000,
        "othercomprehensiveincomelossreclassificationadjustmentfromaocipensionandotherpostretirementbenefitplansfornetgainlossnetoftax": -1835000,
        "othercomprehensiveincomelossamortizationadjustmentfromaocipensionandotherpostretirementbenefitplansfornetpriorservicecostcreditnetoftax": 259000,
        "othercomprehensiveincomelosspensionandotherpostretirementbenefitplansadjustmentnetoftax": -2094000,
        "othercomprehensiveincomeunrealizedgainlossonderivativesarisingduringperiodnetoftax": 1880000,
        "othercomprehensiveincomelossreclassificationadjustmentfromaocionderivativesnetoftax": 594000,
        "othercomprehensiveincomelossderivativesqualifyingashedgesnetoftax": 1286000,
        "othercomprehensiveincomelossnetoftaxportionattributabletoparent": 47949000,
        "comprehensiveincomenetoftax": 172715000
    },
    {
        "date": "2020-03-30",
        "symbol": "DOV",
        "period": "Q1",
        "revenuefromcontractwithcustomerexcludingassessedtax": 1655939000,
        "costofgoodsandservicessold": 1043696000,
        "grossprofit": 612243000,
        "sellinggeneralandadministrativeexpense": 386941000,
        "operatingincomeloss": 225302000,
        "interestexpense": 27268000,
        "interestincomeother": 1183000,
        "gainlossonsaleofbusiness": 6551000,
        "othernonoperatingincomeexpense": 7732000,
        "incomelossfromcontinuingoperationsbeforeincometaxesminorityinterestandincomelossfromequitymethodinvestments": 213500000,
        "incometaxexpensebenefit": -37221000,
        "incomelossfromcontinuingoperations": 176279000,
        "netincomeloss": 176279000,
        "earningspersharebasic": 1.22,
        "earningspersharediluted": 1.21,
        "weightedaveragenumberofsharesoutstandingbasic": 144259000,
        "weightedaveragenumberofdilutedsharesoutstanding": 145782000,
        "othercomprehensiveincomeforeigncurrencytransactionandtranslationgainlossarisingduringperiodnetoftax": -93554000,
        "othercomprehensiveincomelossforeigncurrencytransactionandtranslationadjustmentnetoftax": -93554000,
        "othercomprehensiveincomelossreclassificationadjustmentfromaocipensionandotherpostretirementbenefitplansfornetgainlossnetoftax": -1669000,
        "othercomprehensiveincomelossamortizationadjustmentfromaocipensionandotherpostretirementbenefitplansfornetpriorservicecostcreditnetoftax": 286000,
        "othercomprehensiveincomelosspensionandotherpostretirementbenefitplansadjustmentnetoftax": -1955000,
        "othercomprehensiveincomeunrealizedgainlossonderivativesarisingduringperiodnetoftax": -5074000,
        "othercomprehensiveincomelossreclassificationadjustmentfromaocionderivativesnetoftax": -1121000,
        "othercomprehensiveincomelossderivativesqualifyingashedgesnetoftax": -3953000,
        "othercomprehensiveincomelossnetoftaxportionattributabletoparent": -95552000,
        "comprehensiveincomenetoftax": 80727000
    },
    {
        "date": "2019-12-30",
        "symbol": "DOV",
        "period": "Q4",
        "costofgoodsandservicessold": 1124274000,
        "grossprofit": 651315000,
        "sellinggeneralandadministrativeexpense": 403223000,
        "operatingincomeloss": 248092000,
        "interestexpense": 30846000,
        "interestincomeother": 1428000,
        "othernonoperatingincomeexpense": 1891000,
        "incometaxexpensebenefit": 301282000,
        "incomelossfromcontinuingoperations": 168122000,
        "netincomeloss": 168122000,
        "incomelossfromcontinuingoperationsperbasicshare": 1.1600000000000001,
        "incomelossfromcontinuingoperationsperdilutedshare": 1.1400000000000001,
        "earningspersharebasic": 1.1600000000000001,
        "earningspersharediluted": 1.1400000000000001,
        "weightedaveragenumberofsharesoutstandingbasic": -78000,
        "weightedaveragenumberofdilutedsharesoutstanding": -61000,
        "othercomprehensiveincomeforeigncurrencytransactionandtranslationgainlossarisingduringperiodnetoftax": 36118000,
        "othercomprehensiveincomelossforeigncurrencytransactionandtranslationadjustmentnetoftax": 36118000,
        "othercomprehensiveincomelossreclassificationadjustmentfromaocipensionandotherpostretirementbenefitplansfornetgainlossnetoftax": -217000,
        "othercomprehensiveincomelossamortizationadjustmentfromaocipensionandotherpostretirementbenefitplansfornetpriorservicecostcreditnetoftax": 518000,
        "othercomprehensiveincomelosspensionandotherpostretirementbenefitplansadjustmentnetoftax": -3406000,
        "othercomprehensiveincomeunrealizedgainlossonderivativesarisingduringperiodnetoftax": 1718000,
        "othercomprehensiveincomelossreclassificationadjustmentfromaocionderivativesnetoftax": 78000,
        "othercomprehensiveincomelossderivativesqualifyingashedgesnetoftax": 1640000,
        "othercomprehensiveincomelossnetoftaxportionattributabletoparent": 41164000,
        "comprehensiveincomenetoftax": 209286000
    },
    {
        "date": "2019-09-29",
        "symbol": "DOV",
        "period": "Q3",
        "costofgoodsandservicessold": 1151857000,
        "grossprofit": 673488000,
        "sellinggeneralandadministrativeexpense": 390775000,
        "operatingincomeloss": 282713000,
        "interestexpense": 31410000,
        "interestincomeother": 1263000,
        "othernonoperatingincomeexpense": 5364000,
        "incomelossfromcontinuingoperationsbeforeincometaxesminorityinterestandincomelossfromequitymethodinvestments": 257930000,
        "incometaxexpensebenefit": -51924000,
        "incomelossfromcontinuingoperations": 206006000,
        "netincomeloss": 206006000,
        "incomelossfromcontinuingoperationsperbasicshare": 1.42,
        "incomelossfromcontinuingoperationsperdilutedshare": 1.4000000000000001,
        "earningspersharebasic": 1.42,
        "earningspersharediluted": 1.4000000000000001,
        "weightedaveragenumberofsharesoutstandingbasic": 49000,
        "weightedaveragenumberofdilutedsharesoutstanding": 12000,
        "othercomprehensiveincomeforeigncurrencytransactionandtranslationgainlossarisingduringperiodnetoftax": -50865000,
        "othercomprehensiveincomelossforeigncurrencytransactionandtranslationadjustmentnetoftax": -50865000,
        "othercomprehensiveincomelossreclassificationadjustmentfromaocipensionandotherpostretirementbenefitplansfornetgainlossnetoftax": -127000,
        "othercomprehensiveincomelossamortizationadjustmentfromaocipensionandotherpostretirementbenefitplansfornetpriorservicecostcreditnetoftax": 539000,
        "othercomprehensiveincomelosspensionandotherpostretirementbenefitplansadjustmentnetoftax": -666000,
        "othercomprehensiveincomeunrealizedgainlossonderivativesarisingduringperiodnetoftax": 545000,
        "othercomprehensiveincomelossreclassificationadjustmentfromaocionderivativesnetoftax": -577000,
        "othercomprehensiveincomelossderivativesqualifyingashedgesnetoftax": 1122000,
        "othercomprehensiveincomelossnetoftaxportionattributabletoparent": -49077000,
        "comprehensiveincomenetoftax": 156929000
    },
    {
        "date": "2019-06-29",
        "symbol": "DOV",
        "period": "Q2",
        "costofgoodsandservicessold": 1138113000,
        "grossprofit": 672593000,
        "sellinggeneralandadministrativeexpense": 396634000,
        "gainlossonsalesofassetsandassetimpairmentcharges": 0,
        "operatingincomeloss": 275959000,
        "interestexpense": 31754000,
        "interestincomeother": 945000,
        "othernonoperatingincomeexpense": 4589000,
        "incomelossfromcontinuingoperationsbeforeincometaxesminorityinterestandincomelossfromequitymethodinvestments": 249739000,
        "incometaxexpensebenefit": -51654000,
        "incomelossfromcontinuingoperations": 198085000,
        "netincomeloss": 198085000,
        "incomelossfromcontinuingoperationsperbasicshare": 1.3599999999999999,
        "incomelossfromcontinuingoperationsperdilutedshare": 1.3499999999999999,
        "earningspersharebasic": 1.3599999999999999,
        "earningspersharediluted": 1.3499999999999999,
        "weightedaveragenumberofsharesoutstandingbasic": 140000,
        "weightedaveragenumberofdilutedsharesoutstanding": 130000,
        "othercomprehensiveincomeforeigncurrencytransactionandtranslationgainlossarisingduringperiodnetoftax": -13978000,
        "othercomprehensiveincomelossforeigncurrencytransactionandtranslationreclassificationadjustmentfromaocirealizeduponsaleorliquidationnetoftax": 0,
        "othercomprehensiveincomelossforeigncurrencytransactionandtranslationadjustmentnetoftax": -13978000,
        "othercomprehensiveincomelossreclassificationadjustmentfromaocipensionandotherpostretirementbenefitplansfornetgainlossnetoftax": -77000,
        "othercomprehensiveincomelossamortizationadjustmentfromaocipensionandotherpostretirementbenefitplansfornetpriorservicecostcreditnetoftax": 512000,
        "othercomprehensiveincomelosspensionandotherpostretirementbenefitplansadjustmentnetoftax": -589000,
        "othercomprehensiveincomeunrealizedgainlossonderivativesarisingduringperiodnetoftax": -3362000,
        "othercomprehensiveincomelossreclassificationadjustmentfromaocionderivativesnetoftax": 416000,
        "othercomprehensiveincomelossderivativesqualifyingashedgesnetoftax": -3778000,
        "othercomprehensiveincomelossnetoftaxportionattributabletoparent": -17167000,
        "comprehensiveincomenetoftax": 180918000
    },
    {
        "date": "2019-03-30",
        "symbol": "DOV",
        "period": "Q1",
        "revenues": 1724757000,
        "costofgoodsandservicessold": 1101215000,
        "grossprofit": 623542000,
        "sellinggeneralandadministrativeexpense": 408466000,
        "gainlossonsalesofassetsandassetimpairmentcharges": -46946000,
        "operatingincomeloss": 168130000,
        "interestexpense": 31808000,
        "interestincomeother": 890000,
        "othernonoperatingincomeexpense": 1106000,
        "incomelossfromcontinuingoperationsbeforeincometaxesminorityinterestandincomelossfromequitymethodinvestments": 138318000,
        "incometaxexpensebenefit": -32613000,
        "incomelossfromcontinuingoperations": 105705000,
        "netincomeloss": 105705000,
        "incomelossfromcontinuingoperationsperbasicshare": 0.73,
        "incomelossfromcontinuingoperationsperdilutedshare": 0.72,
        "earningspersharebasic": 0.73,
        "earningspersharediluted": 0.72,
        "weightedaveragenumberofsharesoutstandingbasic": 145087000,
        "weightedaveragenumberofdilutedsharesoutstanding": 146911000,
        "othercomprehensiveincomeforeigncurrencytransactionandtranslationgainlossarisingduringperiodnetoftax": 23700000,
        "othercomprehensiveincomelossforeigncurrencytransactionandtranslationreclassificationadjustmentfromaocirealizeduponsaleorliquidationnetoftax": -25339000,
        "othercomprehensiveincomelossforeigncurrencytransactionandtranslationadjustmentnetoftax": 49039000,
        "othercomprehensiveincomelossreclassificationadjustmentfromaocipensionandotherpostretirementbenefitplansfornetgainlossnetoftax": -175000,
        "othercomprehensiveincomelossamortizationadjustmentfromaocipensionandotherpostretirementbenefitplansfornetpriorservicecostcreditnetoftax": 572000,
        "othercomprehensiveincomelosspensionandotherpostretirementbenefitplansadjustmentnetoftax": -747000,
        "othercomprehensiveincomeunrealizedgainlossonderivativesarisingduringperiodnetoftax": 2594000,
        "othercomprehensiveincomelossreclassificationadjustmentfromaocionderivativesnetoftax": 230000,
        "othercomprehensiveincomelossderivativesqualifyingashedgesnetoftax": 2364000,
        "othercomprehensiveincomelossnetoftaxportionattributabletoparent": 52150000,
        "comprehensiveincomenetoftax": 157855000
    },
    {
        "date": "2018-12-30",
        "symbol": "DOV",
        "period": "Q4",
        "costofgoodsandservicessold": 1163979000,
        "grossprofit": 644971000,
        "sellinggeneralandadministrativeexpense": 426198000,
        "operatingincomeloss": 218773000,
        "interestexpense": 32015000,
        "interestincomeother": 2201000,
        "othernonoperatingincomeexpense": -2284000,
        "incometaxexpensebenefit": 28700000,
        "netincomeloss": 141569000,
        "earningspersharebasic": 0.9600000000000001,
        "earningspersharediluted": 0.9599999999999999,
        "weightedaveragenumberofsharesoutstandingbasic": -1303000,
        "weightedaveragenumberofdilutedsharesoutstanding": -1296000,
        "othercomprehensiveincomeforeigncurrencytransactionandtranslationgainlossarisingduringperiodnetoftax": -33552000,
        "othercomprehensiveincomelossforeigncurrencytransactionandtranslationadjustmentnetoftax": -33552000,
        "othercomprehensiveincomelossreclassificationadjustmentfromaocipensionandotherpostretirementbenefitplansfornetgainlossnetoftax": -420000,
        "othercomprehensiveincomelossamortizationadjustmentfromaocipensionandotherpostretirementbenefitplansfornetpriorservicecostcreditnetoftax": 176000,
        "othercomprehensiveincomelosspensionandotherpostretirementbenefitplansadjustmentnetoftax": 17246000,
        "othercomprehensiveincomeunrealizedgainlossonderivativesarisingduringperiodnetoftax": -861000,
        "othercomprehensiveincomelossreclassificationadjustmentfromaocionderivativesnetoftax": -1888000,
        "othercomprehensiveincomelossderivativesqualifyingashedgesnetoftax": 1027000,
        "othercomprehensiveincomelossnetoftaxportionattributabletoparent": -49771000,
        "comprehensiveincomenetoftax": 91798000
    },
    {
        "date": "2018-09-29",
        "symbol": "DOV",
        "period": "Q3",
        "netincomeloss": 157304000,
        "othercomprehensiveincomeforeigncurrencytransactionandtranslationgainlossarisingduringperiodnetoftax": -13567000,
        "othercomprehensiveincomelossforeigncurrencytransactionandtranslationadjustmentnetoftax": -13567000,
        "othercomprehensiveincomelossreclassificationadjustmentfromaocipensionandotherpostretirementbenefitplansfornetgainlossnetoftax": -402000,
        "othercomprehensiveincomelossamortizationadjustmentfromaocipensionandotherpostretirementbenefitplansfornetpriorservicecostcreditnetoftax": 704000,
        "othercomprehensiveincomelosspensionandotherpostretirementbenefitplansadjustmentnetoftax": -1106000,
        "othercomprehensiveincomeunrealizedgainlossonderivativesarisingduringperiodnetoftax": -1448000,
        "othercomprehensiveincomelossreclassificationadjustmentfromaocionderivativesnetoftax": -363000,
        "othercomprehensiveincomelossderivativesqualifyingashedgesnetoftax": -1085000,
        "othercomprehensiveincomelossnetoftaxportionattributabletoparent": -13546000,
        "comprehensiveincomenetoftax": 143758000,
        "costofgoodsandservicessold": 923087000,
        "grossprofit": 540408000,
        "sellinggeneralandadministrativeexpense": 347322000,
        "operatingincomeloss": 193086000,
        "interestexpense": 31025000,
        "interestincomeother": 2059000,
        "othernonoperatingincomeexpense": 2389000,
        "incomelossfromcontinuingoperationsbeforeincometaxesminorityinterestandincomelossfromequitymethodinvestments": -175141000,
        "incometaxexpensebenefit": 31230000,
        "earningspersharebasic": 1.0699999999999998,
        "earningspersharediluted": 1.04,
        "weightedaveragenumberofsharesoutstandingbasic": -155087000,
        "weightedaveragenumberofdilutedsharesoutstanding": -157599000,
        "commonstockdividendspersharecashpaid": 0.48
    },
    {
        "date": "2018-06-29",
        "symbol": "DOV",
        "period": "Q2",
        "netincomeloss": 139959000,
        "othercomprehensiveincomeforeigncurrencytransactionandtranslationgainlossarisingduringperiodnetoftax": -65159000,
        "othercomprehensiveincomelossforeigncurrencytransactionandtranslationadjustmentnetoftax": -65159000,
        "othercomprehensiveincomelossreclassificationadjustmentfromaocipensionandotherpostretirementbenefitplansfornetgainlossnetoftax": -1068000,
        "othercomprehensiveincomelossamortizationadjustmentfromaocipensionandotherpostretirementbenefitplansfornetpriorservicecostcreditnetoftax": 1252000,
        "othercomprehensiveincomelosspensionandotherpostretirementbenefitplansadjustmentnetoftax": -2320000,
        "othercomprehensiveincomeunrealizedgainlossonderivativesarisingduringperiodnetoftax": 2105000,
        "othercomprehensiveincomelossreclassificationadjustmentfromaocionderivativesnetoftax": 457000,
        "othercomprehensiveincomelossderivativesqualifyingashedgesnetoftax": 1648000,
        "othercomprehensiveincomelossnetoftaxportionattributabletoparent": -61191000,
        "comprehensiveincomenetoftax": 78768000,
        "salesrevenuenet": 402234000,
        "costofgoodsandservicessold": 1132858000,
        "grossprofit": 665236000,
        "sellinggeneralandadministrativeexpense": 428775000,
        "operatingincomeloss": 236461000,
        "interestexpense": 32125000,
        "interestincomeother": 2563000,
        "othernonoperatingincomeexpense": 4538000,
        "incomelossfromcontinuingoperationsbeforeincometaxesminorityinterestandincomelossfromequitymethodinvestments": 30050000,
        "incometaxexpensebenefit": 44981000,
        "incomelossfromcontinuingoperations": 166456000,
        "incomelossfromdiscontinuedoperationsnetoftaxattributabletoreportingentity": -26497000,
        "incomelossfromcontinuingoperationsperbasicshare": 1.1,
        "incomelossfromcontinuingoperationsperdilutedshare": 1.08,
        "incomelossfromdiscontinuedoperationsnetoftaxperbasicshare": -0.17,
        "incomelossfromdiscontinuedoperationsnetoftaxperdilutedshare": -0.17,
        "earningspersharebasic": 0.92,
        "earningspersharediluted": 0.91,
        "weightedaveragenumberofsharesoutstandingbasic": 151744000,
        "weightedaveragenumberofdilutedsharesoutstanding": 153938000,
        "commonstockdividendspersharecashpaid": 0.47
    },
    {
        "date": "2018-03-30",
        "symbol": "DOV",
        "period": "Q1",
        "netincomeloss": 131435000,
        "othercomprehensiveincomeforeigncurrencytransactionandtranslationgainlossarisingduringperiodnetoftax": 52308000,
        "othercomprehensiveincomelossforeigncurrencytransactionandtranslationadjustmentnetoftax": 52308000,
        "othercomprehensiveincomelossreclassificationadjustmentfromaocipensionandotherpostretirementbenefitplansfornetgainlossnetoftax": -1939000,
        "othercomprehensiveincomelossamortizationadjustmentfromaocipensionandotherpostretirementbenefitplansfornetpriorservicecostcreditnetoftax": 743000,
        "othercomprehensiveincomelosspensionandotherpostretirementbenefitplansadjustmentnetoftax": -2682000,
        "othercomprehensiveincomeunrealizedgainlossonderivativesarisingduringperiodnetoftax": 1362000,
        "othercomprehensiveincomelossreclassificationadjustmentfromaocionderivativesnetoftax": 253000,
        "othercomprehensiveincomelossderivativesqualifyingashedgesnetoftax": 1109000,
        "othercomprehensiveincomelossnetoftaxportionattributabletoparent": 56099000,
        "comprehensiveincomenetoftax": 187534000,
        "documentfiscalyearfocus": 2018,
        "salesrevenuenet": 396200000,
        "costofgoodsandservicessold": 1212638000,
        "grossprofit": 708941000,
        "sellinggeneralandadministrativeexpense": 514149000,
        "operatingincomeloss": 194792000,
        "interestexpense": 35807000,
        "interestincomeother": 2058000,
        "othernonoperatingincomeexpense": -286000,
        "incomelossfromcontinuingoperationsbeforeincometaxesminorityinterestandincomelossfromequitymethodinvestments": 236111000,
        "incometaxexpensebenefit": 29322000,
        "earningspersharebasic": 0.85,
        "earningspersharediluted": 0.84,
        "weightedaveragenumberofsharesoutstandingbasic": 154520000,
        "weightedaveragenumberofdilutedsharesoutstanding": 157090000,
        "commonstockdividendspersharecashpaid": 0.47
    },
    {
        "date": "2017-12-30",
        "symbol": "DOV",
        "period": "Q4",
        "netincomeloss": 296448000,
        "othercomprehensiveincomeforeigncurrencytransactionandtranslationgainlossarisingduringperiodnetoftax": -16276000,
        "othercomprehensiveincomelossforeigncurrencytransactionandtranslationadjustmentnetoftax": -16159000,
        "othercomprehensiveincomelossreclassificationadjustmentfromaocipensionandotherpostretirementbenefitplansfornetgainlossnetoftax": -1201000,
        "othercomprehensiveincomelossamortizationadjustmentfromaocipensionandotherpostretirementbenefitplansfornetpriorservicecostcreditnetoftax": 903000,
        "othercomprehensiveincomelosspensionandotherpostretirementbenefitplansadjustmentnetoftax": -15217000,
        "othercomprehensiveincomeunrealizedgainlossonderivativesarisingduringperiodnetoftax": 188000,
        "othercomprehensiveincomelossreclassificationadjustmentfromaocionderivativesnetoftax": 261000,
        "othercomprehensiveincomelossderivativesqualifyingashedgesnetoftax": -73000,
        "othercomprehensiveincomelossotheradjustmentnetoftax": -1516000,
        "othercomprehensiveincomelossnetoftaxportionattributabletoparent": -2531000,
        "comprehensiveincomenetoftax": 293917000,
        "salesrevenuenet": 1506449000,
        "costofgoodsandservicessold": 1282014000,
        "grossprofit": 735424000,
        "sellinggeneralandadministrativeexpense": 536080000,
        "operatingincomeloss": 199344000,
        "interestexpense": 36414000,
        "interestincomeother": 1823000,
        "othernonoperatingincomeexpense": -4146000,
        "incometaxexpensebenefit": -22796000,
        "earningspersharebasic": 1.9000000000000006,
        "earningspersharediluted": 1.8800000000000006,
        "weightedaveragenumberofsharesoutstandingbasic": 17000,
        "weightedaveragenumberofdilutedsharesoutstanding": 179000,
        "commonstockdividendspersharecashpaid": 0.4699999999999999
    },
    {
        "date": "2017-09-29",
        "symbol": "DOV",
        "period": "Q3",
        "netincomeloss": 178912000,
        "othercomprehensiveincomeforeigncurrencytransactionandtranslationgainlossarisingduringperiodnetoftax": 93269000,
        "othercomprehensiveincomelossforeigncurrencytransactionandtranslationadjustmentnetoftax": 93269000,
        "othercomprehensiveincomelossreclassificationadjustmentfromaocipensionandotherpostretirementbenefitplansfornetgainlossnetoftax": -1375000,
        "othercomprehensiveincomelossamortizationadjustmentfromaocipensionandotherpostretirementbenefitplansfornetpriorservicecostcreditnetoftax": 700000,
        "othercomprehensiveincomelosspensionandotherpostretirementbenefitplansadjustmentnetoftax": -2075000,
        "othercomprehensiveincomeunrealizedgainlossonderivativesarisingduringperiodnetoftax": -191000,
        "othercomprehensiveincomelossreclassificationadjustmentfromaocionderivativesnetoftax": 271000,
        "othercomprehensiveincomelossderivativesqualifyingashedgesnetoftax": -462000,
        "othercomprehensiveincomelossotheradjustmentnetoftax": 272000,
        "othercomprehensiveincomelossnetoftaxportionattributabletoparent": 95154000,
        "comprehensiveincomenetoftax": 274066000,
        "salesrevenuenet": -461000,
        "costofgoodsandservicessold": 1261942000,
        "grossprofit": 744333000,
        "sellinggeneralandadministrativeexpense": 470516000,
        "operatingincomeloss": 273817000,
        "interestexpense": 35453000,
        "interestincomeother": 1761000,
        "othernonoperatingincomeexpense": -2697000,
        "incomelossfromcontinuingoperationsbeforeincometaxesminorityinterestandincomelossfromequitymethodinvestments": 302861000,
        "incometaxexpensebenefit": 58516000,
        "earningspersharebasic": 1.1499999999999997,
        "earningspersharediluted": 1.1299999999999997,
        "weightedaveragenumberofsharesoutstandingbasic": 46000,
        "weightedaveragenumberofdilutedsharesoutstanding": 108000,
        "commonstockdividendspersharecashpaid": 0.47000000000000014
    },
    {
        "date": "2017-06-29",
        "symbol": "DOV",
        "period": "Q2",
        "netincomeloss": 164058000,
        "othercomprehensiveincomeforeigncurrencytransactionandtranslationgainlossarisingduringperiodnetoftax": 26174000,
        "othercomprehensiveincomelossforeigncurrencytransactionandtranslationreclassificationadjustmentfromaocirealizeduponsaleorliquidationbeforetax": 0,
        "othercomprehensiveincomelossforeigncurrencytransactionandtranslationadjustmentnetoftax": 26174000,
        "othercomprehensiveincomelossreclassificationadjustmentfromaocipensionandotherpostretirementbenefitplansfornetgainlossnetoftax": -1353000,
        "othercomprehensiveincomelossamortizationadjustmentfromaocipensionandotherpostretirementbenefitplansfornetpriorservicecostcreditnetoftax": 702000,
        "othercomprehensiveincomelosspensionandotherpostretirementbenefitplansadjustmentnetoftax": -2055000,
        "othercomprehensiveincomeunrealizedgainlossonderivativesarisingduringperiodnetoftax": -1876000,
        "othercomprehensiveincomelossreclassificationadjustmentfromaocionderivativesnetoftax": -159000,
        "othercomprehensiveincomelossderivativesqualifyingashedgesnetoftax": -1717000,
        "othercomprehensiveincomelossotheradjustmentnetoftax": -578000,
        "othercomprehensiveincomelossnetoftaxportionattributabletoparent": 25934000,
        "comprehensiveincomenetoftax": 189992000,
        "salesrevenuenet": -810000,
        "costofgoodsandservicessold": 1243905000,
        "grossprofit": 749446000,
        "sellinggeneralandadministrativeexpense": 484046000,
        "operatingincomeloss": 265400000,
        "interestexpense": 36932000,
        "interestincomeother": 2338000,
        "othernonoperatingincomeexpense": -15000,
        "incomelossfromcontinuingoperationsbeforeincometaxesminorityinterestandincomelossfromequitymethodinvestments": 299575000,
        "incometaxexpensebenefit": 66733000,
        "earningspersharebasic": 1.05,
        "earningspersharediluted": 1.05,
        "weightedaveragenumberofsharesoutstandingbasic": 82000,
        "weightedaveragenumberofdilutedsharesoutstanding": 58000,
        "commonstockdividendspersharecashpaid": 0.44
    },
    {
        "date": "2017-03-30",
        "symbol": "DOV",
        "period": "Q1",
        "netincomeloss": 172247000,
        "othercomprehensiveincomeforeigncurrencytransactionandtranslationgainlossarisingduringperiodnetoftax": 39897000,
        "othercomprehensiveincomelossforeigncurrencytransactionandtranslationreclassificationadjustmentfromaocirealizeduponsaleorliquidationnetoftax": 3875000,
        "othercomprehensiveincomelossforeigncurrencytransactionandtranslationreclassificationadjustmentfromaocirealizeduponsaleorliquidationbeforetax": -3875000,
        "othercomprehensiveincomelossforeigncurrencytransactionandtranslationadjustmentnetoftax": 43772000,
        "othercomprehensiveincomelossreclassificationadjustmentfromaocipensionandotherpostretirementbenefitplansfornetgainlossnetoftax": -1338000,
        "othercomprehensiveincomelossamortizationadjustmentfromaocipensionandotherpostretirementbenefitplansfornetpriorservicecostcreditnetoftax": 702000,
        "othercomprehensiveincomelosspensionandotherpostretirementbenefitplansadjustmentnetoftax": -2040000,
        "othercomprehensiveincomeunrealizedgainlossonderivativesarisingduringperiodnetoftax": 78000,
        "othercomprehensiveincomelossreclassificationadjustmentfromaocionderivativesnetoftax": 217000,
        "othercomprehensiveincomelossderivativesqualifyingashedgesnetoftax": -139000,
        "othercomprehensiveincomelossotheradjustmentnetoftax": 337000,
        "othercomprehensiveincomelossnetoftaxportionattributabletoparent": 46010000,
        "comprehensiveincomenetoftax": 218257000,
        "salesrevenuenet": -380000,
        "costofgoodsandservicessold": 1152198000,
        "grossprofit": 661174000,
        "sellinggeneralandadministrativeexpense": 485290000,
        "operatingincomeloss": 175884000,
        "interestexpense": 36409000,
        "interestincomeother": 2580000,
        "businesscombinationbargainpurchasegainrecognizedamount": 90093000,
        "othernonoperatingincomeexpense": -176000,
        "incomelossfromcontinuingoperationsbeforeincometaxesminorityinterestandincomelossfromequitymethodinvestments": 302290000,
        "incometaxexpensebenefit": 59725000,
        "earningspersharebasic": 1.11,
        "earningspersharediluted": 1.09,
        "weightedaveragenumberofsharesoutstandingbasic": 155540000,
        "weightedaveragenumberofdilutedsharesoutstanding": 157399000,
        "commonstockdividendspersharecashpaid": 0.44
    },
    {
        "date": "2015-12-30",
        "symbol": "DOV",
        "period": "Q4",
        "netincomeloss": 141825000,
        "othercomprehensiveincomeforeigncurrencytransactionandtranslationgainlossarisingduringperiodnetoftax": -15547000,
        "othercomprehensiveincomelossforeigncurrencytransactionandtranslationadjustmentnetoftax": -15522000,
        "othercomprehensiveincomelossreclassificationadjustmentfromaocipensionandotherpostretirementbenefitplansfornetgainlossnetoftax": -2517000,
        "othercomprehensiveincomelossamortizationadjustmentfromaocipensionandotherpostretirementbenefitplansfornetpriorservicecostcreditnetoftax": 1311000,
        "othercomprehensiveincomelosspensionandotherpostretirementbenefitplansadjustmentnetoftax": -12491000,
        "othercomprehensiveincomeunrealizedgainlossonderivativesarisingduringperiodnetoftax": -864000,
        "othercomprehensiveincomelossreclassificationadjustmentfromaocionderivativesnetoftax": -99000,
        "othercomprehensiveincomelossderivativesqualifyingashedgesnetoftax": -765000,
        "othercomprehensiveincomelossotheradjustmentnetoftax": 368000,
        "othercomprehensiveincomelossnetoftaxportionattributabletoparent": -3428000,
        "comprehensiveincomenetoftax": 138397000,
        "salesrevenuenet": 1060161000,
        "costofgoodsandservicessold": 1080791000,
        "grossprofit": 613809000,
        "sellinggeneralandadministrativeexpense": 414365000,
        "operatingincomeloss": 199444000,
        "interestrevenueexpensenet": -31249000,
        "othernonoperatingincomeexpense": 1295000,
        "incometaxexpensebenefit": 32916000,
        "incomelossfromcontinuingoperations": 136574000,
        "incomelossfromdiscontinuedoperationsnetoftaxattributabletoreportingentity": 5251000,
        "incomelossfromcontinuingoperationsperbasicshare": 0.8800000000000001,
        "incomelossfromcontinuingoperationsperdilutedshare": 0.8700000000000001,
        "incomelossfromdiscontinuedoperationsnetoftaxperbasicshare": 0.04000000000000015,
        "incomelossfromdiscontinuedoperationsnetoftaxperdilutedshare": 0.039999999999999925,
        "earningspersharebasic": 0.9299999999999999,
        "earningspersharediluted": 0.9099999999999999,
        "commonstockdividendspersharecashpaid": 0.41999999999999993
    },
    {
        "date": "2015-09-29",
        "symbol": "DOV",
        "period": "Q3",
        "netincomeloss": 186098000,
        "othercomprehensiveincomeforeigncurrencytransactionandtranslationgainlossarisingduringperiodnetoftax": -57213000,
        "othercomprehensiveincomelossforeigncurrencytransactionandtranslationreclassificationadjustmentfromaocirealizeduponsaleorliquidationnetoftax": 0,
        "othercomprehensiveincomelossforeigncurrencytransactionandtranslationadjustmentnetoftax": -57213000,
        "othercomprehensiveincomelossreclassificationadjustmentfromaocipensionandotherpostretirementbenefitplansfornetgainlossnetoftax": -2575000,
        "othercomprehensiveincomelossamortizationadjustmentfromaocipensionandotherpostretirementbenefitplansfornetpriorservicecostcreditnetoftax": 1227000,
        "othercomprehensiveincomelosspensionandotherpostretirementbenefitplansadjustmentnetoftax": -3802000,
        "othercomprehensiveincomeunrealizedgainlossonderivativesarisingduringperiodnetoftax": 185000,
        "othercomprehensiveincomelossreclassificationadjustmentfromaocionderivativesnetoftax": 678000,
        "othercomprehensiveincomelossderivativesqualifyingashedgesnetoftax": -493000,
        "othercomprehensiveincomelossotheradjustmentnetoftax": 393000,
        "othercomprehensiveincomelossnetoftaxportionattributabletoparent": -53511000,
        "comprehensiveincomenetoftax": 132587000,
        "salesrevenuenet": -164000,
        "costofgoodsandservicessold": 1114974000,
        "grossprofit": 672608000,
        "sellinggeneralandadministrativeexpense": 395688000,
        "operatingincomeloss": 276920000,
        "interestrevenueexpensenet": -31983000,
        "othernonoperatingincomeexpense": 367000,
        "incomelossfromcontinuingoperationsbeforeincometaxesminorityinterestandincomelossfromequitymethodinvestments": 303168000,
        "incometaxexpensebenefit": 58821000,
        "incomelossfromcontinuingoperations": 186483000,
        "incomelossfromdiscontinuedoperationsnetoftaxattributabletoreportingentity": -385000,
        "incomelossfromcontinuingoperationsperbasicshare": 1.2,
        "incomelossfromcontinuingoperationsperdilutedshare": 1.1800000000000002,
        "incomelossfromdiscontinuedoperationsnetoftaxperbasicshare": 0.019999999999999907,
        "incomelossfromdiscontinuedoperationsnetoftaxperdilutedshare": 0.009999999999999898,
        "earningspersharebasic": 1.1899999999999997,
        "earningspersharediluted": 1.2,
        "commonstockdividendspersharecashpaid": 0.41999999999999993
    },
    {
        "date": "2015-06-29",
        "symbol": "DOV",
        "period": "Q2",
        "netincomeloss": 332396000,
        "othercomprehensiveincomeforeigncurrencytransactionandtranslationgainlossarisingduringperiodnetoftax": 39287000,
        "othercomprehensiveincomelossforeigncurrencytransactionandtranslationreclassificationadjustmentfromaocirealizeduponsaleorliquidationnetoftax": 2837000,
        "othercomprehensiveincomelossforeigncurrencytransactionandtranslationadjustmentnetoftax": 36450000,
        "othercomprehensiveincomelossreclassificationadjustmentfromaocipensionandotherpostretirementbenefitplansfornetgainlossnetoftax": -2590000,
        "othercomprehensiveincomelossamortizationadjustmentfromaocipensionandotherpostretirementbenefitplansfornetpriorservicecostcreditnetoftax": 1227000,
        "othercomprehensiveincomelosspensionandotherpostretirementbenefitplansadjustmentnetoftax": -3817000,
        "othercomprehensiveincomeunrealizedgainlossonderivativesarisingduringperiodnetoftax": -807000,
        "othercomprehensiveincomelossreclassificationadjustmentfromaocionderivativesnetoftax": -570000,
        "othercomprehensiveincomelossderivativesqualifyingashedgesnetoftax": -237000,
        "othercomprehensiveincomelossotheradjustmentnetoftax": 277000,
        "othercomprehensiveincomelossnetoftaxportionattributabletoparent": 40307000,
        "comprehensiveincomenetoftax": 372703000,
        "salesrevenuenet": -133000,
        "costofgoodsandservicessold": 1104060000,
        "grossprofit": 654568000,
        "sellinggeneralandadministrativeexpense": 402695000,
        "operatingincomeloss": 251873000,
        "interestrevenueexpensenet": -31988000,
        "othernonoperatingincomeexpense": 1256000,
        "incomelossfromcontinuingoperationsbeforeincometaxesminorityinterestandincomelossfromequitymethodinvestments": 273511000,
        "incometaxexpensebenefit": 65507000,
        "incomelossfromcontinuingoperations": 155634000,
        "incomelossfromdiscontinuedoperationsnetoftaxattributabletoreportingentity": 176762000,
        "incomelossfromcontinuingoperationsperbasicshare": 0.98,
        "incomelossfromcontinuingoperationsperdilutedshare": 0.97,
        "incomelossfromdiscontinuedoperationsnetoftaxperbasicshare": 1.11,
        "incomelossfromdiscontinuedoperationsnetoftaxperdilutedshare": 1.1,
        "earningspersharebasic": 2.1,
        "earningspersharediluted": 2.07,
        "commonstockdividendspersharecashpaid": 0.4
    },
    {
        "date": "2015-03-30",
        "symbol": "DOV",
        "period": "Q1",
        "netincomeloss": 209510000,
        "othercomprehensiveincomeforeigncurrencytransactionandtranslationgainlossarisingduringperiodnetoftax": -83829000,
        "othercomprehensiveincomelossforeigncurrencytransactionandtranslationreclassificationadjustmentfromaocirealizeduponsaleorliquidationnetoftax": 280000,
        "othercomprehensiveincomelossforeigncurrencytransactionandtranslationadjustmentnetoftax": -84109000,
        "othercomprehensiveincomelossreclassificationadjustmentfromaocipensionandotherpostretirementbenefitplansfornetgainlossnetoftax": -2598000,
        "othercomprehensiveincomelossamortizationadjustmentfromaocipensionandotherpostretirementbenefitplansfornetpriorservicecostcreditnetoftax": 1228000,
        "othercomprehensiveincomelosspensionandotherpostretirementbenefitplansadjustmentnetoftax": -3826000,
        "othercomprehensiveincomeunrealizedgainlossonderivativesarisingduringperiodnetoftax": 1158000,
        "othercomprehensiveincomelossreclassificationadjustmentfromaocionderivativesnetoftax": 99000,
        "othercomprehensiveincomelossderivativesqualifyingashedgesnetoftax": 1059000,
        "othercomprehensiveincomelossotheradjustmentnetoftax": 214000,
        "othercomprehensiveincomelossnetoftaxportionattributabletoparent": -79010000,
        "comprehensiveincomenetoftax": 130500000,
        "salesrevenuenet": -451000,
        "costofgoodsandservicessold": 1088342000,
        "grossprofit": 627159000,
        "sellinggeneralandadministrativeexpense": 434634000,
        "operatingincomeloss": 192525000,
        "interestrevenueexpensenet": -32037000,
        "othernonoperatingincomeexpense": 4187000,
        "incomelossfromcontinuingoperationsbeforeincometaxesminorityinterestandincomelossfromequitymethodinvestments": 231238000,
        "incometaxexpensebenefit": 47485000,
        "incomelossfromcontinuingoperations": 117190000,
        "incomelossfromdiscontinuedoperationsnetoftaxattributabletoreportingentity": 92320000,
        "incomelossfromcontinuingoperationsperbasicshare": 0.72,
        "incomelossfromcontinuingoperationsperdilutedshare": 0.72,
        "incomelossfromdiscontinuedoperationsnetoftaxperbasicshare": 0.57,
        "incomelossfromdiscontinuedoperationsnetoftaxperdilutedshare": 0.57,
        "earningspersharebasic": 1.3,
        "earningspersharediluted": 1.28,
        "commonstockdividendspersharecashpaid": 0.4
    },
    {
        "date": "2014-12-30",
        "symbol": "DOV",
        "period": "Q4",
        "netincomeloss": 169294000,
        "othercomprehensiveincomeforeigncurrencytransactionandtranslationgainlossarisingduringperiodnetoftax": -67872000,
        "othercomprehensiveincomelossforeigncurrencytransactionandtranslationadjustmentnetoftax": -65766000,
        "othercomprehensiveincomelossreclassificationadjustmentfromaocipensionandotherpostretirementbenefitplansfornetgainlossnetoftax": -1620000,
        "othercomprehensiveincomelossamortizationadjustmentfromaocipensionandotherpostretirementbenefitplansfornetpriorservicecostcreditnetoftax": 1317000,
        "othercomprehensiveincomelosspensionandotherpostretirementbenefitplansadjustmentnetoftax": 58183000,
        "othercomprehensiveincomeunrealizedgainlossonderivativesarisingduringperiodnetoftax": 724000,
        "othercomprehensiveincomelossreclassificationadjustmentfromaocionderivativesnetoftax": 87000,
        "othercomprehensiveincomelossderivativesqualifyingashedgesnetoftax": 637000,
        "othercomprehensiveincomelossotheradjustmentnetoftax": -607000,
        "othercomprehensiveincomelossnetoftaxportionattributabletoparent": -123919000,
        "comprehensiveincomenetoftax": 45375000,
        "salesrevenuenet": 479202000,
        "costofgoodsandservicessold": 1088095000,
        "grossprofit": 639781000,
        "sellinggeneralandadministrativeexpense": 407659000,
        "operatingincomeloss": 232122000,
        "interestrevenueexpensenet": -31308000,
        "othernonoperatingincomeexpense": -587000,
        "incometaxexpensebenefit": 48679000,
        "incomelossfromcontinuingoperations": 151548000,
        "incomelossfromdiscontinuedoperationsnetoftaxattributabletoreportingentity": 17746000,
        "incomelossfromcontinuingoperationsperbasicshare": 0.9199999999999999,
        "incomelossfromcontinuingoperationsperdilutedshare": 0.9200000000000004,
        "incomelossfromdiscontinuedoperationsnetoftaxperbasicshare": 0.11,
        "incomelossfromdiscontinuedoperationsnetoftaxperdilutedshare": 0.09999999999999999,
        "earningspersharebasic": 1.0200000000000005,
        "earningspersharediluted": 1.0099999999999998,
        "commonstockdividendspersharecashpaid": 0.3999999999999999
    },
    {
        "date": "2014-09-29",
        "symbol": "DOV",
        "period": "Q3",
        "netincomeloss": 231844000,
        "othercomprehensiveincomeforeigncurrencytransactionandtranslationgainlossarisingduringperiodnetoftax": -70369000,
        "othercomprehensiveincomelossforeigncurrencytransactionandtranslationreclassificationadjustmentfromaocirealizeduponsaleorliquidationnetoftax": 8406000,
        "othercomprehensiveincomelossforeigncurrencytransactionandtranslationadjustmentnetoftax": -78775000,
        "othercomprehensiveincomelossreclassificationadjustmentfromaocipensionandotherpostretirementbenefitplansfornetgainlossnetoftax": -1287000,
        "othercomprehensiveincomelossamortizationadjustmentfromaocipensionandotherpostretirementbenefitplansfornetpriorservicecostcreditnetoftax": 1516000,
        "othercomprehensiveincomelosspensionandotherpostretirementbenefitplansadjustmentnetoftax": -2803000,
        "othercomprehensiveincomeunrealizedgainlossonderivativesarisingduringperiodnetoftax": -466000,
        "othercomprehensiveincomelossreclassificationadjustmentfromaocionderivativesnetoftax": -169000,
        "othercomprehensiveincomelossderivativesqualifyingashedgesnetoftax": -297000,
        "othercomprehensiveincomelossotheradjustmentnetoftax": 927000,
        "othercomprehensiveincomelossnetoftaxportionattributabletoparent": -75342000,
        "comprehensiveincomenetoftax": 156502000,
        "salesrevenuenet": 361797000,
        "costofgoodsandservicessold": 1290625000,
        "grossprofit": 801842000,
        "sellinggeneralandadministrativeexpense": 442709000,
        "operatingincomeloss": 359133000,
        "interestrevenueexpensenet": -31239000,
        "othernonoperatingincomeexpense": 803000,
        "incomelossfromcontinuingoperationsbeforeincometaxesminorityinterestandincomelossfromequitymethodinvestments": -27689000,
        "incometaxexpensebenefit": 95872000,
        "incomelossfromcontinuingoperations": 232825000,
        "incomelossfromdiscontinuedoperationsnetoftaxattributabletoreportingentity": -981000,
        "incomelossfromcontinuingoperationsperbasicshare": 1.4,
        "incomelossfromcontinuingoperationsperdilutedshare": 1.38,
        "incomelossfromdiscontinuedoperationsnetoftaxperbasicshare": -0.01,
        "incomelossfromdiscontinuedoperationsnetoftaxperdilutedshare": -0.01,
        "earningspersharebasic": 1.4,
        "earningspersharediluted": 1.38,
        "commonstockdividendspersharecashpaid": 0.4
    },
    {
        "date": "2014-06-29",
        "symbol": "DOV",
        "period": "Q2",
        "netincomeloss": 213959000,
        "othercomprehensiveincomeforeigncurrencytransactionandtranslationgainlossarisingduringperiodnetoftax": 10971000,
        "othercomprehensiveincomelossforeigncurrencytransactionandtranslationadjustmentnetoftax": 10971000,
        "othercomprehensiveincomelossreclassificationadjustmentfromaocipensionandotherpostretirementbenefitplansfornetgainlossnetoftax": -1443000,
        "othercomprehensiveincomelossamortizationadjustmentfromaocipensionandotherpostretirementbenefitplansfornetpriorservicecostcreditnetoftax": 1392000,
        "othercomprehensiveincomelosspensionandotherpostretirementbenefitplansadjustmentnetoftax": -2835000,
        "othercomprehensiveincomeunrealizedgainlossonderivativesarisingduringperiodnetoftax": 79000,
        "othercomprehensiveincomelossreclassificationadjustmentfromaocionderivativesnetoftax": 50000,
        "othercomprehensiveincomelossderivativesqualifyingashedgesnetoftax": 29000,
        "othercomprehensiveincomelossotheradjustmentnetoftax": 745000,
        "othercomprehensiveincomelossnetoftaxportionattributabletoparent": 14580000,
        "comprehensiveincomenetoftax": 228539000,
        "salesrevenuenet": -867000,
        "costofgoodsandservicessold": 1251321000,
        "grossprofit": 796417000,
        "sellinggeneralandadministrativeexpense": 456115000,
        "operatingincomeloss": 340302000,
        "interestrevenueexpensenet": -31967000,
        "othernonoperatingincomeexpense": 6042000,
        "incomelossfromcontinuingoperationsbeforeincometaxesminorityinterestandincomelossfromequitymethodinvestments": 375451000,
        "incometaxexpensebenefit": 96934000,
        "incomelossfromcontinuingoperations": 217443000,
        "incomelossfromdiscontinuedoperationsnetoftaxattributabletoreportingentity": -3484000,
        "incomelossfromcontinuingoperationsperbasicshare": 1.31,
        "incomelossfromcontinuingoperationsperdilutedshare": 1.29,
        "incomelossfromdiscontinuedoperationsnetoftaxperbasicshare": -0.02,
        "incomelossfromdiscontinuedoperationsnetoftaxperdilutedshare": -0.02,
        "earningspersharebasic": 1.29,
        "earningspersharediluted": 1.27,
        "commonstockdividendspersharecashpaid": 0.375
    },
    {
        "date": "2014-03-30",
        "symbol": "DOV",
        "period": "Q1",
        "netincomeloss": 160138000,
        "othercomprehensiveincomeforeigncurrencytransactionandtranslationgainlossarisingduringperiodnetoftax": -17373000,
        "othercomprehensiveincomelossforeigncurrencytransactionandtranslationadjustmentnetoftax": -17373000,
        "othercomprehensiveincomelossreclassificationadjustmentfromaocipensionandotherpostretirementbenefitplansfornetgainlossnetoftax": -1442000,
        "othercomprehensiveincomelossamortizationadjustmentfromaocipensionandotherpostretirementbenefitplansfornetpriorservicecostcreditnetoftax": 1392000,
        "othercomprehensiveincomelosspensionandotherpostretirementbenefitplansadjustmentnetoftax": -2834000,
        "othercomprehensiveincomeunrealizedgainlossonderivativesarisingduringperiodnetoftax": -474000,
        "othercomprehensiveincomelossreclassificationadjustmentfromaocionderivativesnetoftax": 139000,
        "othercomprehensiveincomelossderivativesqualifyingashedgesnetoftax": -613000,
        "othercomprehensiveincomelossotheradjustmentnetoftax": -126000,
        "othercomprehensiveincomelossnetoftaxportionattributabletoparent": -15278000,
        "comprehensiveincomenetoftax": 144860000,
        "salesrevenuenet": 411493000,
        "costofgoodsandservicessold": 1148438000,
        "grossprofit": 736209000,
        "sellinggeneralandadministrativeexpense": 452282000,
        "operatingincomeloss": 283927000,
        "interestrevenueexpensenet": -32665000,
        "othernonoperatingincomeexpense": -356000,
        "incomelossfromcontinuingoperationsbeforeincometaxesminorityinterestandincomelossfromequitymethodinvestments": 57942000,
        "incometaxexpensebenefit": 74582000,
        "incomelossfromcontinuingoperations": 176324000,
        "incomelossfromdiscontinuedoperationsnetoftaxattributabletoreportingentity": -16186000,
        "incomelossfromcontinuingoperationsperbasicshare": 1.04,
        "incomelossfromcontinuingoperationsperdilutedshare": 1.02,
        "incomelossfromdiscontinuedoperationsnetoftaxperbasicshare": -0.1,
        "incomelossfromdiscontinuedoperationsnetoftaxperdilutedshare": -0.09,
        "earningspersharebasic": 0.94,
        "earningspersharediluted": 0.93,
        "commonstockdividendspersharecashpaid": 0.375
    },
    {
        "date": "2013-12-30",
        "symbol": "DOV",
        "period": "Q4",
        "netincomeloss": 193963000,
        "comprehensiveincomenetoftax": 198804000,
        "salesrevenuenet": -289607000,
        "costofgoodsandservicessold": 1378571000,
        "grossprofit": 830557000,
        "sellinggeneralandadministrativeexpense": 513516000,
        "operatingincomeloss": 317041000,
        "interestrevenueexpensenet": -29981000,
        "othernonoperatingincomeexpense": 3016000,
        "incometaxexpensebenefit": 79264000,
        "incomelossfromcontinuingoperations": 210812000,
        "incomelossfromdiscontinuedoperationsnetoftaxattributabletoreportingentity": -16849000,
        "incomelossfromcontinuingoperationsperbasicshare": 1.239999999999999,
        "incomelossfromcontinuingoperationsperdilutedshare": 1.2300000000000004,
        "incomelossfromdiscontinuedoperationsnetoftaxperbasicshare": -0.09999999999999999,
        "incomelossfromdiscontinuedoperationsnetoftaxperdilutedshare": -0.09,
        "earningspersharebasic": 1.1500000000000004,
        "earningspersharediluted": 1.1300000000000001,
        "commonstockdividendspersharecashpaid": 0.375
    },
    {
        "date": "2013-09-29",
        "symbol": "DOV",
        "period": "Q3",
        "netincomeloss": 269114000,
        "comprehensiveincomenetoftax": 415241000,
        "salesrevenuenet": 373030000,
        "costofgoodsandservicessold": 1375699000,
        "grossprofit": 876650000,
        "sellinggeneralandadministrativeexpense": 482284000,
        "operatingincomeloss": 394366000,
        "interestrevenueexpensenet": -30237000,
        "othernonoperatingincomeexpense": -970000,
        "incomelossfromcontinuingoperationsbeforeincometaxesminorityinterestandincomelossfromequitymethodinvestments": 35207000,
        "incometaxexpensebenefit": 99507000,
        "incomelossfromcontinuingoperations": 263652000,
        "incomelossfromdiscontinuedoperationsnetoftaxattributabletoreportingentity": 5462000,
        "incomelossfromcontinuingoperationsperbasicshare": 1.5400000000000007,
        "incomelossfromcontinuingoperationsperdilutedshare": 1.5199999999999996,
        "incomelossfromdiscontinuedoperationsnetoftaxperbasicshare": 0.030000000000000013,
        "incomelossfromdiscontinuedoperationsnetoftaxperdilutedshare": 0.03,
        "earningspersharebasic": 1.5700000000000003,
        "earningspersharediluted": 1.5400000000000003,
        "commonstockdividendspersharecashpaid": 0.375
    },
    {
        "date": "2013-06-29",
        "symbol": "DOV",
        "period": "Q2",
        "salesrevenuenet": -726000,
        "costofgoodsandservicessold": 1372811000,
        "grossprofit": 855952000,
        "sellinggeneralandadministrativeexpense": 505628000,
        "operatingincomeloss": 350324000,
        "interestrevenueexpensenet": -30280000,
        "othernonoperatingincomeexpense": -2543000,
        "incomelossfromcontinuingoperationsbeforeincometaxesminorityinterestandincomelossfromequitymethodinvestments": 35967000,
        "incometaxexpensebenefit": 23149000,
        "incomelossfromcontinuingoperations": 294352000,
        "incomelossfromdiscontinuedoperationsnetoftaxattributabletoreportingentity": 35697000,
        "netincomeloss": 330049000,
        "comprehensiveincomenetoftax": 332989000,
        "incomelossfromcontinuingoperationsperbasicshare": 1.72,
        "incomelossfromcontinuingoperationsperdilutedshare": 1.7,
        "incomelossfromdiscontinuedoperationsnetoftaxperbasicshare": 0.21,
        "incomelossfromdiscontinuedoperationsnetoftaxperdilutedshare": 0.21,
        "earningspersharebasic": 1.93,
        "earningspersharediluted": 1.91,
        "commonstockdividendspersharecashpaid": 0.35
    },
    {
        "date": "2013-03-30",
        "symbol": "DOV",
        "period": "Q1",
        "salesrevenuenet": 372790000,
        "costofgoodsandservicessold": 1262951000,
        "grossprofit": 776622000,
        "sellinggeneralandadministrativeexpense": 484421000,
        "operatingincomeloss": 292201000,
        "interestrevenueexpensenet": -30244000,
        "othernonoperatingincomeexpense": 4719000,
        "incomelossfromcontinuingoperationsbeforeincometaxesminorityinterestandincomelossfromequitymethodinvestments": 44208000,
        "incometaxexpensebenefit": 69687000,
        "incomelossfromcontinuingoperations": 196989000,
        "incomelossfromdiscontinuedoperationsnetoftaxattributabletoreportingentity": 13014000,
        "netincomeloss": 210003000,
        "comprehensiveincomenetoftax": 178724000,
        "incomelossfromcontinuingoperationsperbasicshare": 1.14,
        "incomelossfromcontinuingoperationsperdilutedshare": 1.12,
        "incomelossfromdiscontinuedoperationsnetoftaxperbasicshare": 0.08,
        "incomelossfromdiscontinuedoperationsnetoftaxperdilutedshare": 0.07,
        "earningspersharebasic": 1.21,
        "earningspersharediluted": 1.2,
        "commonstockdividendspersharecashpaid": 0.35
    },
    {
        "date": "2012-12-30",
        "symbol": "DOV",
        "period": "Q4",
        "netincomeloss": 159860000,
        "comprehensiveincomenetoftax": 111528000,
        "salesrevenuenet": -340061000,
        "costofgoodsandservicessold": 1013554000,
        "grossprofit": 662214000,
        "sellinggeneralandadministrativeexpense": 390185000,
        "operatingincomeloss": 272029000,
        "interestrevenueexpensenet": -31009000,
        "othernonoperatingincomeexpense": 61000,
        "incometaxexpensebenefit": 59904000,
        "incomelossfromcontinuingoperations": 181177000,
        "incomelossfromdiscontinuedoperationsnetoftaxattributabletoreportingentity": -21317000,
        "incomelossfromcontinuingoperationsperbasicshare": 1.0299999999999996,
        "incomelossfromcontinuingoperationsperdilutedshare": 1.01,
        "earningspersharebasic": 0.8999999999999997,
        "earningspersharediluted": 0.9000000000000001,
        "commonstockdividendspersharecashpaid": 0.35000000000000003
    },
    {
        "date": "2012-09-29",
        "symbol": "DOV",
        "period": "Q3",
        "salesrevenuenet": 396470000,
        "costofgoodsandservicessold": 1361769000,
        "grossprofit": 846930000,
        "sellinggeneralandadministrativeexpense": 476573000,
        "operatingincomeloss": 370357000,
        "interestrevenueexpensenet": -30388000,
        "othernonoperatingincomeexpense": -3962000,
        "incomelossfromcontinuingoperationsbeforeincometaxesminorityinterestandincomelossfromequitymethodinvestments": 51407000,
        "incometaxexpensebenefit": 93794000,
        "incomelossfromcontinuingoperations": 242213000,
        "incomelossfromdiscontinuedoperationsnetoftaxattributabletoreportingentity": -1167000,
        "netincomeloss": 241046000,
        "comprehensiveincomenetoftax": 334327000,
        "incomelossfromcontinuingoperationsperbasicshare": 1.33,
        "incomelossfromcontinuingoperationsperdilutedshare": 1.32,
        "incomelossfromdiscontinuedoperationsnetoftaxperbasicshare": -0.01,
        "incomelossfromdiscontinuedoperationsnetoftaxperdilutedshare": -0.01,
        "earningspersharebasic": 1.33,
        "earningspersharediluted": 1.31,
        "commonstockdividendspersharecashpaid": 0.35
    },
    {
        "date": "2012-06-29",
        "symbol": "DOV",
        "period": "Q2",
        "salesrevenuenet": 361689000,
        "costofgoodsandservicessold": 1338911000,
        "grossprofit": 817597000,
        "sellinggeneralandadministrativeexpense": 494050000,
        "operatingincomeloss": 323547000,
        "interestrevenueexpensenet": -29717000,
        "othernonoperatingincomeexpense": -142000,
        "incomelossfromcontinuingoperationsbeforeincometaxesminorityinterestandincomelossfromequitymethodinvestments": 41674000,
        "incometaxexpensebenefit": 80786000,
        "incomelossfromcontinuingoperations": 212902000,
        "incomelossfromdiscontinuedoperationsnetoftaxattributabletoreportingentity": 1199000,
        "netincomeloss": 214101000,
        "comprehensiveincomenetoftax": 120514000,
        "incomelossfromcontinuingoperationsperbasicshare": 1.16,
        "incomelossfromcontinuingoperationsperdilutedshare": 1.15,
        "incomelossfromdiscontinuedoperationsnetoftaxperbasicshare": 0.01,
        "incomelossfromdiscontinuedoperationsnetoftaxperdilutedshare": 0.01,
        "earningspersharebasic": 1.17,
        "earningspersharediluted": 1.15,
        "commonstockdividendspersharecashpaid": 0.315
    },
    {
        "date": "2012-03-30",
        "symbol": "DOV",
        "period": "Q1",
        "salesrevenuenet": 822124000,
        "costofgoodsandservicessold": 1283040000,
        "grossprofit": 780324000,
        "sellinggeneralandadministrativeexpense": 480880000,
        "operatingincomeloss": 299444000,
        "interestrevenueexpensenet": -30027000,
        "othernonoperatingincomeexpense": -2622000,
        "incomelossfromcontinuingoperationsbeforeincometaxesminorityinterestandincomelossfromequitymethodinvestments": 36546000,
        "incometaxexpensebenefit": 69968000,
        "incomelossfromcontinuingoperations": 196827000,
        "incomelossfromdiscontinuedoperationsnetoftaxattributabletoreportingentity": -764000,
        "netincomeloss": 196063000,
        "comprehensiveincomenetoftax": 237305000,
        "incomelossfromcontinuingoperationsperbasicshare": 1.07,
        "incomelossfromcontinuingoperationsperdilutedshare": 1.05,
        "earningspersharebasic": 1.07,
        "earningspersharediluted": 1.05,
        "commonstockdividendspersharecashpaid": 0.315
    },
    {
        "date": "2011-12-30",
        "symbol": "DOV",
        "period": "Q4",
        "salesrevenuenet": 281302000,
        "costofgoodsandservicessold": 966169000,
        "grossprofit": 664691000,
        "sellinggeneralandadministrativeexpense": 403610000,
        "operatingincomeloss": 261081000,
        "othernonoperatingincomeexpense": 2791000,
        "incomelossfromcontinuingoperationsbeforeincometaxesminorityinterestandincomelossfromequitymethodinvestments": 234744000,
        "incometaxexpensebenefit": 49356000,
        "incomelossfromcontinuingoperations": 42430000,
        "incomelossfromdiscontinuedoperationsnetoftaxattributabletoreportingentity": 92901000,
        "netincomeloss": 278289000,
        "incomelossfromcontinuingoperationsperbasicshare": 1,
        "incomelossfromdiscontinuedoperationsnetoftaxperbasicshare": 0.49000000000000005,
        "earningspersharebasic": 1.5100000000000002,
        "weightedaveragenumberofsharesoutstandingbasic": -372106118,
        "incomelossfromcontinuingoperationsperdilutedshare": 0.9900000000000007,
        "earningspersharediluted": 1.4900000000000004,
        "weightedaveragenumberofdilutedsharesoutstanding": -378152113,
        "commonstockdividendspersharecashpaid": 0.31499999999999995,
        "weightedaveragenumberdilutedsharesoutstandingadjustment": -6045995,
        "antidilutivesecuritiesexcludedfromcomputationofearningspershareamount": -2677667
    },
    {
        "date": "2011-09-29",
        "symbol": "DOV",
        "period": "Q3",
        "salesrevenuenet": -3159000,
        "costofgoodsandservicessold": 1381337000,
        "grossprofit": 822051000,
        "sellinggeneralandadministrativeexpense": 484350000,
        "operatingincomeloss": 337701000,
        "interestrevenueexpensenet": -30048000,
        "othernonoperatingincomeexpense": -252000,
        "incomelossfromcontinuingoperationsbeforeincometaxesminorityinterestandincomelossfromequitymethodinvestments": 307401000,
        "incometaxexpensebenefit": 78824000,
        "incomelossfromcontinuingoperations": 371535000,
        "incomelossfromdiscontinuedoperationsnetoftaxattributabletoreportingentity": -56297000,
        "netincomeloss": 172280000,
        "incomelossfromcontinuingoperationsperbasicshare": 1.23,
        "incomelossfromdiscontinuedoperationsnetoftaxperbasicshare": -0.3,
        "earningspersharebasic": 0.93,
        "weightedaveragenumberofsharesoutstandingbasic": 185770000,
        "incomelossfromcontinuingoperationsperdilutedshare": 1.21,
        "incomelossfromdiscontinuedoperationsnetoftaxperdilutedshare": -0.3,
        "earningspersharediluted": 0.91,
        "weightedaveragenumberofdilutedsharesoutstanding": 188436000,
        "commonstockdividendspersharecashpaid": 0.315,
        "weightedaveragenumberdilutedsharesoutstandingadjustment": 2666000,
        "antidilutivesecuritiesexcludedfromcomputationofearningspershareamount": 1495000
    },
    {
        "date": "2011-06-29",
        "symbol": "DOV",
        "period": "Q2",
        "salesrevenuenet": -524145000,
        "costofgoodsandservicessold": 1341014000,
        "grossprofit": 815857000,
        "sellinggeneralandadministrativeexpense": 474130000,
        "operatingincomeloss": 341727000,
        "othernonoperatingincomeexpense": -1374000,
        "incomelossfromcontinuingoperationsbeforeincometaxesminorityinterestandincomelossfromequitymethodinvestments": 312219000,
        "incometaxexpensebenefit": 63125000,
        "incomelossfromcontinuingoperations": 249094000,
        "incomelossfromdiscontinuedoperationsnetoftaxattributabletoreportingentity": 675000,
        "netincomeloss": 249769000,
        "incomelossfromcontinuingoperationsperbasicshare": 1.3399999999999999,
        "incomelossfromdiscontinuedoperationsnetoftaxperbasicshare": 0.010000000000000009,
        "earningspersharebasic": 1.3399999999999999,
        "weightedaveragenumberofsharesoutstandingbasic": -137000,
        "incomelossfromcontinuingoperationsperdilutedshare": 1.3199999999999998,
        "incomelossfromdiscontinuedoperationsnetoftaxperdilutedshare": 0,
        "earningspersharediluted": 1.3099999999999998,
        "weightedaveragenumberofdilutedsharesoutstanding": -185000,
        "commonstockdividendspersharecashpaid": 0.275,
        "weightedaveragenumberdilutedsharesoutstandingadjustment": -48000,
        "antidilutivesecuritiesexcludedfromcomputationofearningspershareamount": -340000
    },
    {
        "date": "2011-03-30",
        "symbol": "DOV",
        "period": "Q1",
        "salesrevenuenet": 518762000,
        "costofgoodsandservicessold": 1210196000,
        "grossprofit": 748825000,
        "sellinggeneralandadministrativeexpense": 478519000,
        "operatingincomeloss": 270306000,
        "interestexpensenet": 28286000,
        "othernonoperatingincomeexpense": -1220000,
        "incomelossfromcontinuingoperationsbeforeincometaxesminorityinterestandincomelossfromequitymethodinvestments": 240800000,
        "incometaxexpensebenefit": 57494000,
        "incomelossfromcontinuingoperations": 183306000,
        "incomelossfromdiscontinuedoperationsnetoftaxattributabletoreportingentity": 11599000,
        "netincomeloss": 194905000,
        "incomelossfromcontinuingoperationsperbasicshare": 0.98,
        "incomelossfromdiscontinuedoperationsnetoftaxperbasicshare": 0.06,
        "earningspersharebasic": 1.04,
        "weightedaveragenumberofsharesoutstandingbasic": 186659000,
        "incomelossfromcontinuingoperationsperdilutedshare": 0.96,
        "incomelossfromdiscontinuedoperationsnetoftaxperdilutedshare": 0.06,
        "earningspersharediluted": 1.03,
        "weightedaveragenumberofdilutedsharesoutstanding": 190090000,
        "commonstockdividendspersharecashpaid": 0.275,
        "weightedaveragenumberdilutedsharesoutstandingadjustment": 3431000,
        "antidilutivesecuritiesexcludedfromcomputationofearningspershareamount": 1524000
    },
    {
        "date": "2010-12-30",
        "symbol": "DOV",
        "period": "Q4",
        "salesrevenuenet": -2121017000,
        "costofgoodsandservicessold": 1155422000,
        "grossprofit": 720119000,
        "sellinggeneralandadministrativeexpense": 450721000,
        "operatingincomeloss": 269398000,
        "interestexpensenet": 25895000,
        "othernonoperatingincomeexpense": 375000,
        "incomelossfromcontinuingoperationsbeforeincometaxesminorityinterestandincomelossfromequitymethodinvestments": 243878000,
        "incometaxexpensebenefit": 52107000,
        "incomelossfromcontinuingoperations": 191771000,
        "incomelossfromdiscontinuedoperationsnetoftaxattributabletoreportingentity": 6578000,
        "netincomeloss": 198349000,
        "incomelossfromcontinuingoperationsperbasicshare": 1.0300000000000002,
        "incomelossfromdiscontinuedoperationsnetoftaxperbasicshare": 0.030000000000000006,
        "earningspersharebasic": 1.0599999999999996,
        "weightedaveragenumberofsharesoutstandingbasic": -373740000,
        "incomelossfromcontinuingoperationsperdilutedshare": 1.0000000000000004,
        "incomelossfromdiscontinuedoperationsnetoftaxperdilutedshare": 0.030000000000000006,
        "earningspersharediluted": 1.0300000000000002,
        "weightedaveragenumberofdilutedsharesoutstanding": -376001000,
        "commonstockdividendspersharecashpaid": 0.27,
        "weightedaveragenumberdilutedsharesoutstandingadjustment": -2261000,
        "antidilutivesecuritiesexcludedfromcomputationofearningspershareamount": -9049000
    },
    {
        "date": "2010-09-29",
        "symbol": "DOV",
        "period": "Q3",
        "salesrevenuenet": 381386000,
        "costofgoodsandservicessold": 1175456000,
        "grossprofit": 711685000,
        "sellinggeneralandadministrativeexpense": 414022000,
        "operatingincomeloss": 297663000,
        "interestexpensenet": 26335000,
        "othernonoperatingincomeexpense": -9837000,
        "incomelossfromcontinuingoperationsbeforeincometaxesminorityinterestandincomelossfromequitymethodinvestments": 261491000,
        "incometaxexpensebenefit": 38732000,
        "incomelossfromcontinuingoperations": 222759000,
        "incomelossfromdiscontinuedoperationsnetoftaxattributabletoreportingentity": 1000000,
        "netincomeloss": 223759000,
        "incomelossfromcontinuingoperationsperbasicshare": 1.19,
        "incomelossfromdiscontinuedoperationsnetoftaxperbasicshare": 0.01,
        "earningspersharebasic": 1.2,
        "weightedaveragenumberofsharesoutstandingbasic": 186721000,
        "incomelossfromcontinuingoperationsperdilutedshare": 1.18,
        "incomelossfromdiscontinuedoperationsnetoftaxperdilutedshare": 0.01,
        "earningspersharediluted": 1.19,
        "weightedaveragenumberofdilutedsharesoutstanding": 188565000,
        "commonstockdividendspersharecashpaid": 0.28,
        "weightedaveragenumberdilutedsharesoutstandingadjustment": 1844000,
        "antidilutivesecuritiesexcludedfromcomputationofearningspershareamount": 3709000
    },
    {
        "date": "2010-06-29",
        "symbol": "DOV",
        "period": "Q2",
        "salesrevenuenet": 345607000,
        "costofgoodsandservicessold": 1097998000,
        "grossprofit": 688698000,
        "sellinggeneralandadministrativeexpense": 423809000,
        "operatingincomeloss": 264889000,
        "interestexpensenet": 26942000,
        "othernonoperatingincomeexpense": 4708000,
        "totalinterestandotherexpensenet": 22234000,
        "incomelossfromcontinuingoperationsbeforeincometaxesminorityinterestandincomelossfromequitymethodinvestments": 242655000,
        "incometaxexpensebenefit": 70762000,
        "incomelossfromcontinuingoperations": 171893000,
        "incomelossfromdiscontinuedoperationsnetoftaxattributabletoreportingentity": -2023000,
        "netincomeloss": 169870000,
        "incomelossfromcontinuingoperationsperbasicshare": 0.92,
        "incomelossfromdiscontinuedoperationsnetoftaxperbasicshare": -0.01,
        "earningspersharebasic": 0.91,
        "weightedaveragenumberofsharesoutstandingbasic": 186823000,
        "incomelossfromcontinuingoperationsperdilutedshare": 0.91,
        "incomelossfromdiscontinuedoperationsnetoftaxperdilutedshare": -0.01,
        "earningspersharediluted": 0.9,
        "weightedaveragenumberofdilutedsharesoutstanding": 188720000,
        "commonstockdividendspersharecashpaid": 0.26,
        "weightedaveragenumberdilutedsharesoutstandingadjustment": 1897000,
        "antidilutivesecuritiesexcludedfromcomputationofearningspershareamount": 3790000
    },
    {
        "date": "2010-03-30",
        "symbol": "DOV",
        "period": "Q1",
        "salesrevenuenet": 1583270000,
        "costofgoodsandservicessold": 971114000,
        "grossprofit": 612156000,
        "sellinggeneralandadministrativeexpense": 409169000,
        "operatingincomeloss": 202987000,
        "interestexpensenet": 27169000,
        "othernonoperatingincomeexpense": 1242000,
        "totalinterestandotherexpensenet": 25927000,
        "incomelossfromcontinuingoperationsbeforeincometaxesminorityinterestandincomelossfromequitymethodinvestments": 177060000,
        "incometaxexpensebenefit": 55575000,
        "incomelossfromcontinuingoperations": 121485000,
        "incomelossfromdiscontinuedoperationsnetoftaxattributabletoreportingentity": -13359000,
        "netincomeloss": 108126000,
        "incomelossfromcontinuingoperationsperbasicshare": 0.65,
        "incomelossfromdiscontinuedoperationsnetoftaxperbasicshare": -0.07,
        "earningspersharebasic": 0.58,
        "weightedaveragenumberofsharesoutstandingbasic": 187093000,
        "incomelossfromcontinuingoperationsperdilutedshare": 0.65,
        "incomelossfromdiscontinuedoperationsnetoftaxperdilutedshare": -0.07,
        "earningspersharediluted": 0.58,
        "weightedaveragenumberofdilutedsharesoutstanding": 187886000,
        "commonstockdividendspersharecashpaid": 0.26,
        "weightedaveragenumberdilutedsharesoutstandingadjustment": 793000,
        "antidilutivesecuritiesexcludedfromcomputationofearningspershareamount": 2928000
    }
]