[
    {
        "date": "2024-03-30",
        "symbol": "CG",
        "period": "Q1",
        "revenuefromcontractwithcustomerexcludingassessedtax": 523600000,
        "revenuenotfromcontractwithcustomer": -157000000,
        "interestanddividendincomeoperating": 57600000,
        "interestandotherincomeofconsolidatedfunds": 164900000,
        "revenues": 688400000,
        "salariesandwages": 221900000,
        "sharebasedcompensation": 108300000,
        "performanceallocationsandincentivefeeexpense": -72800000,
        "laborandrelatedexpense": 257400000,
        "generaladministrativeandotherexpense": 147700000,
        "interestexpense": 30800000,
        "interestandotherexpensesofconsolidatedfunds": 124600000,
        "othernonoperatingincomeexpense": -200000,
        "costsandexpenses": 560700000,
        "netinvestmentgainslossesofconsolidatedfunds": -7000000,
        "incomelossfromcontinuingoperationsbeforeincometaxesextraordinaryitemsnoncontrollinginterest": 120700000,
        "incometaxexpensebenefit": 21900000,
        "profitloss": 98800000,
        "netincomelossattributabletononcontrollinginterest": 33200000,
        "netincomeloss": 65600000,
        "earningspersharebasic": 0.18,
        "earningspersharediluted": 0.18,
        "weightedaveragenumberofsharesoutstandingbasic": 360908247,
        "weightedaveragenumberofdilutedsharesoutstanding": 369343601,
        "othercomprehensiveincomelossforeigncurrencytransactionandtranslationadjustmentnetoftax": -20700000,
        "othercomprehensiveincomelosspensionandotherpostretirementbenefitplansadjustmentbeforereclassificationadjustmentsnetoftax": -400000,
        "othercomprehensiveincomelossreclassificationadjustmentfromaocipensionandotherpostretirementbenefitplansnetoftax": -100000,
        "othercomprehensiveincomelossnetoftax": -20400000,
        "comprehensiveincomenetoftaxincludingportionattributabletononcontrollinginterest": 78400000,
        "comprehensiveincomelossnetoftaxattributabletononcontrollinginterestinconsolidatedentities": 30500000,
        "comprehensiveincomenetoftax": 47900000
    },
    {
        "date": "2023-09-29",
        "symbol": "CG",
        "period": "Q3",
        "revenuefromcontractwithcustomerexcludingassessedtax": 502600000,
        "revenuenotfromcontractwithcustomer": -118300000,
        "interestanddividendincomeoperating": 57900000,
        "interestandotherincomeofconsolidatedfunds": 152700000,
        "revenues": 716600000,
        "salariesandwages": 267600000,
        "sharebasedcompensation": 64400000,
        "performanceallocationsandincentivefeeexpense": -53900000,
        "laborandrelatedexpense": 278100000,
        "generaladministrativeandotherexpense": 143000000,
        "interestexpense": 31400000,
        "interestandotherexpensesofconsolidatedfunds": 102500000,
        "othernonoperatingincomeexpense": -100000,
        "costsandexpenses": 555100000,
        "netinvestmentgainslossesofconsolidatedfunds": -9300000,
        "incomelossfromcontinuingoperationsbeforeincometaxesextraordinaryitemsnoncontrollinginterest": 152200000,
        "incometaxexpensebenefit": 41200000,
        "profitloss": 111000000,
        "netincomelossattributabletononcontrollinginterest": 29700000,
        "netincomeloss": 81300000,
        "earningspersharebasic": 0.23,
        "earningspersharediluted": 0.22,
        "weightedaveragenumberofsharesoutstandingbasic": 360568375,
        "weightedaveragenumberofdilutedsharesoutstanding": 363655647,
        "othercomprehensiveincomelossforeigncurrencytransactionandtranslationadjustmentnetoftax": -24100000,
        "othercomprehensiveincomelosspensionandotherpostretirementbenefitplansadjustmentbeforereclassificationadjustmentsnetoftax": 900000,
        "othercomprehensiveincomelossreclassificationadjustmentfromaocipensionandotherpostretirementbenefitplansnetoftax": -100000,
        "othercomprehensiveincomelossnetoftax": -25100000,
        "comprehensiveincomenetoftaxincludingportionattributabletononcontrollinginterest": 85900000,
        "comprehensiveincomelossnetoftaxattributabletononcontrollinginterestinconsolidatedentities": 29200000,
        "comprehensiveincomenetoftax": 56700000
    },
    {
        "date": "2022-09-29",
        "symbol": "CG",
        "period": "Q3",
        "revenuefromcontractwithcustomerexcludingassessedtax": 535900000,
        "revenuenotfromcontractwithcustomer": 298100000,
        "interestanddividendincomeoperating": 35500000,
        "interestandotherincomeofconsolidatedfunds": 79700000,
        "revenues": 1088500000,
        "salariesandwages": 251400000,
        "sharebasedcompensation": 54200000,
        "performanceallocationsandincentivefeeexpense": 163500000,
        "laborandrelatedexpense": 469100000,
        "generalandadministrativeexpense": 149200000,
        "interestexpense": 27300000,
        "interestandotherexpensesofconsolidatedfunds": 53700000,
        "othernonoperatingincomeexpense": -300000,
        "costsandexpenses": 699600000,
        "netinvestmentgainslossesofconsolidatedfunds": -30300000,
        "incomelossfromcontinuingoperationsbeforeincometaxesextraordinaryitemsnoncontrollinginterest": 358600000,
        "incometaxexpensebenefit": 76200000,
        "profitloss": 282400000,
        "netincomelossattributabletononcontrollinginterest": 1600000,
        "netincomelossavailabletocommonstockholdersbasic": 280800000,
        "earningspersharebasic": 0.77,
        "earningspersharediluted": 0.77,
        "weightedaveragenumberofsharesoutstandingbasic": 362895064,
        "weightedaveragenumberofdilutedsharesoutstanding": 366787149,
        "othercomprehensiveincomelossforeigncurrencytransactionandtranslationadjustmentnetoftax": -91800000,
        "othercomprehensiveincomeunrealizedgainlossondefinedbenefitplanduringperiodnetoftax": -200000,
        "othercomprehensiveincomelossreclassificationpensionandotherpostretirementbenefitplansnetgainlossrecognizedinnetperiodicbenefitcostnetoftax": -200000,
        "othercomprehensiveincomelossnetoftax": -91800000,
        "comprehensiveincomenetoftaxincludingportionattributabletononcontrollinginterest": 190600000,
        "comprehensiveincomelossnetoftaxattributabletononcontrollinginterestinconsolidatedentities": -11300000,
        "comprehensiveincomenetoftax": 201900000
    },
    {
        "date": "2022-06-29",
        "symbol": "CG",
        "period": "Q2",
        "revenuefromcontractwithcustomerexcludingassessedtax": 546500000,
        "revenuenotfromcontractwithcustomer": 337900000,
        "interestanddividendincomeoperating": 31200000,
        "interestandotherincomeofconsolidatedfunds": 63200000,
        "revenues": 1049000000,
        "salariesandwages": 274000000,
        "sharebasedcompensation": 45400000,
        "performanceallocationsandincentivefeeexpense": 207000000,
        "laborandrelatedexpense": 526400000,
        "generalandadministrativeexpense": 131700000,
        "interestexpense": 26900000,
        "interestandotherexpensesofconsolidatedfunds": 40600000,
        "othernonoperatingincomeexpense": -200000,
        "costsandexpenses": 725800000,
        "netinvestmentgainslossesofconsolidatedfunds": -23500000,
        "incomelossfromcontinuingoperationsbeforeincometaxesextraordinaryitemsnoncontrollinginterest": 299700000,
        "incometaxexpensebenefit": 50800000,
        "profitloss": 248900000,
        "netincomelossattributabletononcontrollinginterest": 3500000,
        "netincomelossavailabletocommonstockholdersbasic": 245400000,
        "earningspersharebasic": 0.68,
        "earningspersharediluted": 0.67,
        "weightedaveragenumberofsharesoutstandingbasic": 361445630,
        "weightedaveragenumberofdilutedsharesoutstanding": 366311757,
        "othercomprehensiveincomelossforeigncurrencytransactionandtranslationadjustmentnetoftax": -87700000,
        "othercomprehensiveincomeunrealizedgainlossondefinedbenefitplanduringperiodnetoftax": -2700000,
        "othercomprehensiveincomelossreclassificationpensionandotherpostretirementbenefitplansnetgainlossrecognizedinnetperiodicbenefitcostnetoftax": -200000,
        "othercomprehensiveincomelossnetoftax": -90200000,
        "comprehensiveincomenetoftaxincludingportionattributabletononcontrollinginterest": 158700000,
        "comprehensiveincomelossnetoftaxattributabletononcontrollinginterestinconsolidatedentities": -8900000,
        "comprehensiveincomenetoftax": 167600000
    },
    {
        "date": "2021-09-29",
        "symbol": "CG",
        "period": "Q3",
        "revenuefromcontractwithcustomerexcludingassessedtax": 407500000,
        "revenuenotfromcontractwithcustomer": 974500000,
        "interestanddividendincomeoperating": 21900000,
        "interestandotherincomeofconsolidatedfunds": 62100000,
        "revenues": 1639500000,
        "salariesandwages": 224900000,
        "sharebasedcompensation": 42400000,
        "performanceallocationsandincentivefeeexpense": 495200000,
        "laborandrelatedexpense": 762500000,
        "generalandadministrativeexpense": 99600000,
        "interestexpense": 27900000,
        "interestandotherexpensesofconsolidatedfunds": 44600000,
        "othernonoperatingincomeexpense": -3500000,
        "costsandexpenses": 938100000,
        "netinvestmentgainslossesofconsolidatedfunds": -100000,
        "incomelossfromcontinuingoperationsbeforeincometaxesextraordinaryitemsnoncontrollinginterest": 701300000,
        "incometaxexpensebenefit": 153900000,
        "profitloss": 547400000,
        "netincomelossattributabletononcontrollinginterest": 14600000,
        "netincomelossavailabletocommonstockholdersbasic": 532800000,
        "earningspersharebasic": 1.5,
        "earningspersharediluted": 1.46,
        "weightedaveragenumberofsharesoutstandingbasic": 355954734,
        "weightedaveragenumberofdilutedsharesoutstanding": 364740675,
        "othercomprehensiveincomelossforeigncurrencytransactionandtranslationadjustmentnetoftax": -18000000,
        "othercomprehensiveincomeunrealizedgainlossondefinedbenefitplanduringperiodnetoftax": 400000,
        "othercomprehensiveincomelossreclassificationpensionandotherpostretirementbenefitplansnetgainlossrecognizedinnetperiodicbenefitcostnetoftax": -500000,
        "othercomprehensiveincomelossnetoftax": -17100000,
        "comprehensiveincomenetoftaxincludingportionattributabletononcontrollinginterest": 530300000,
        "comprehensiveincomelossnetoftaxattributabletononcontrollinginterestinconsolidatedentities": 9400000,
        "comprehensiveincomenetoftax": 520900000
    },
    {
        "date": "2021-06-29",
        "symbol": "CG",
        "period": "Q2",
        "revenuefromcontractwithcustomerexcludingassessedtax": 394400000,
        "investmentincomenet": 10400000,
        "interestanddividendincomeoperating": 21000000,
        "interestandotherincomeofconsolidatedfunds": 62100000,
        "revenues": 2706300000,
        "salariesandwages": 231800000,
        "sharebasedcompensation": 47200000,
        "performanceallocationsandincentivefeeexpense": 994000000,
        "laborandrelatedexpense": 1273000000,
        "generalandadministrativeexpense": 109100000,
        "interestexpense": 25500000,
        "interestandotherexpensesofconsolidatedfunds": 46500000,
        "othernonoperatingincomeexpense": 3100000,
        "costsandexpenses": 1451000000,
        "netinvestmentgainslossesofconsolidatedfunds": -2600000,
        "incomelossfromcontinuingoperationsbeforeincometaxesextraordinaryitemsnoncontrollinginterest": 1252700000,
        "incometaxexpensebenefit": 306200000,
        "profitloss": 946500000,
        "netincomelossattributabletononcontrollinginterest": 21500000,
        "netincomelossavailabletocommonstockholdersbasic": 925000000,
        "earningspersharebasic": 2.61,
        "earningspersharediluted": 2.55,
        "weightedaveragenumberofsharesoutstandingbasic": 354506335,
        "weightedaveragenumberofdilutedsharesoutstanding": 362151588,
        "othercomprehensiveincomelossforeigncurrencytransactionandtranslationadjustmentnetoftax": 4700000,
        "othercomprehensiveincomeunrealizedgainlossondefinedbenefitplanduringperiodnetoftax": 600000,
        "othercomprehensiveincomelossreclassificationpensionandotherpostretirementbenefitplansnetgainlossrecognizedinnetperiodicbenefitcostnetoftax": -600000,
        "othercomprehensiveincomelossnetoftax": 5900000,
        "comprehensiveincomenetoftaxincludingportionattributabletononcontrollinginterest": 952400000,
        "comprehensiveincomelossnetoftaxattributabletononcontrollinginterestinconsolidatedentities": 21700000,
        "comprehensiveincomenetoftax": 930700000
    },
    {
        "date": "2021-03-30",
        "symbol": "CG",
        "period": "Q1",
        "revenuefromcontractwithcustomerexcludingassessedtax": 381000000,
        "investmentincomenet": 9500000,
        "interestanddividendincomeoperating": 20400000,
        "interestandotherincomeofconsolidatedfunds": 61100000,
        "revenues": 2437200000,
        "salariesandwages": 228500000,
        "sharebasedcompensation": 32400000,
        "performanceallocationsandincentivefeeexpense": 866600000,
        "laborandrelatedexpense": 1127500000,
        "generalandadministrativeexpense": 91700000,
        "interestexpense": 23000000,
        "interestandotherexpensesofconsolidatedfunds": 42400000,
        "othernonoperatingincomeexpense": -600000,
        "costsandexpenses": 1285200000,
        "netinvestmentgainslossesofconsolidatedfunds": 12300000,
        "incomelossfromcontinuingoperationsbeforeincometaxesextraordinaryitemsnoncontrollinginterest": 1164300000,
        "incometaxexpensebenefit": 273400000,
        "profitloss": 890900000,
        "netincomelossattributabletononcontrollinginterest": 21600000,
        "netincomelossavailabletocommonstockholdersbasic": 869300000,
        "earningspersharebasic": 2.45,
        "earningspersharediluted": 2.41,
        "weightedaveragenumberofsharesoutstandingbasic": 354230092,
        "weightedaveragenumberofdilutedsharesoutstanding": 360504780,
        "othercomprehensiveincomelossforeigncurrencytransactionandtranslationadjustmentnetoftax": -27900000,
        "othercomprehensiveincomeunrealizedgainlossondefinedbenefitplanduringperiodnetoftax": 1300000,
        "othercomprehensiveincomelossreclassificationpensionandotherpostretirementbenefitplansnetgainlossrecognizedinnetperiodicbenefitcostnetoftax": -500000,
        "othercomprehensiveincomelossnetoftax": -26100000,
        "comprehensiveincomenetoftaxincludingportionattributabletononcontrollinginterest": 864800000,
        "comprehensiveincomelossnetoftaxattributabletononcontrollinginterestinconsolidatedentities": 20800000,
        "comprehensiveincomenetoftax": 844000000
    },
    {
        "date": "2020-12-30",
        "symbol": "CG",
        "period": "Q4",
        "revenuefromcontractwithcustomerexcludingassessedtax": 33400000,
        "investmentincomenet": 111000000,
        "interestanddividendincomeoperating": -8700000,
        "interestandotherincomeofconsolidatedfunds": 62300000,
        "revenues": 2313400000,
        "salariesandwages": 210600000,
        "sharebasedcompensation": 26700000,
        "performanceallocationsandincentivefeeexpense": 435400000,
        "laborandrelatedexpense": 672700000,
        "generalandadministrativeexpense": 108400000,
        "interestexpense": 21200000,
        "interestandotherexpensesofconsolidatedfunds": -12400000,
        "othernonoperatingincomeexpense": 8500000,
        "costsandexpenses": 958800000,
        "netinvestmentgainslossesofconsolidatedfunds": 17600000,
        "incomelossfromcontinuingoperationsbeforeincometaxesextraordinaryitemsnoncontrollinginterest": 1592600000,
        "incometaxexpensebenefit": 142500000,
        "profitloss": 562000000,
        "netincomelossattributabletononcontrollinginterest": 125400000,
        "netincomelossinsubsidiary": 518800000,
        "netincomeloss": 1244700000,
        "netincomelossavailabletocommonstockholdersbasic": 518800000,
        "earningspersharebasic": 1.48,
        "earningspersharediluted": 1.46,
        "weightedaveragenumberofsharesoutstandingbasic": -347243773,
        "weightedaveragenumberofdilutedsharesoutstanding": -339314286,
        "othercomprehensiveincomelossforeigncurrencytransactionandtranslationadjustmentnetoftax": 43500000,
        "othercomprehensiveincomelossnetoftax": 27000000,
        "comprehensiveincomenetoftaxincludingportionattributabletononcontrollinginterest": 581600000,
        "comprehensiveincomelossnetoftaxattributabletononcontrollinginterestinconsolidatedentities": 46400000,
        "comprehensiveincomeattributabletosubsidiaryholdings": 535200000,
        "comprehensiveincomenetoftax": 535200000
    },
    {
        "date": "2020-09-29",
        "symbol": "CG",
        "period": "Q3",
        "revenuefromcontractwithcustomerexcludingassessedtax": 724900000,
        "investmentincomenet": -91900000,
        "interestanddividendincomeoperating": 55100000,
        "interestandotherincomeofconsolidatedfunds": 56300000,
        "revenues": 235900000,
        "salariesandwages": 222200000,
        "sharebasedcompensation": 18700000,
        "performanceallocationsandincentivefeeexpense": 250600000,
        "laborandrelatedexpense": 491500000,
        "generalandadministrativeexpense": 91100000,
        "interestexpense": 23000000,
        "interestandotherexpensesofconsolidatedfunds": 91000000,
        "othernonoperatingincomeexpense": -600000,
        "costsandexpenses": 519800000,
        "netinvestmentgainslossesofconsolidatedfunds": 23900000,
        "incomelossfromcontinuingoperationsbeforeincometaxesextraordinaryitemsnoncontrollinginterest": -480400000,
        "incometaxexpensebenefit": 82400000,
        "profitloss": 325300000,
        "netincomelossattributabletononcontrollinginterest": -52400000,
        "netincomelossinsubsidiary": 295500000,
        "netincomeloss": -430400000,
        "netincomelossavailabletocommonstockholdersbasic": 295500000,
        "earningspersharebasic": 0.8500000000000001,
        "earningspersharediluted": 0.8600000000000001,
        "weightedaveragenumberofsharesoutstandingbasic": 893801,
        "weightedaveragenumberofdilutedsharesoutstanding": -7799946,
        "othercomprehensiveincomelossforeigncurrencytransactionandtranslationadjustmentnetoftax": 16800000,
        "othercomprehensiveincomelossavailableforsalesecuritiesadjustmentnetoftax": 0,
        "othercomprehensiveincomeunrealizedgainlossondefinedbenefitplanduringperiodnetoftax": -400000,
        "othercomprehensiveincomelossreclassificationpensionandotherpostretirementbenefitplansnetgainlossrecognizedinnetperiodicbenefitcostnetoftax": -400000,
        "othercomprehensiveincomelossnetoftax": 27000000,
        "comprehensiveincomenetoftaxincludingportionattributabletononcontrollinginterest": 359700000,
        "comprehensiveincomelossnetoftaxattributabletononcontrollinginterestinconsolidatedentities": 42400000,
        "comprehensiveincomeattributabletosubsidiaryholdings": 317300000,
        "comprehensiveincomenetoftax": 317300000
    },
    {
        "date": "2020-06-29",
        "symbol": "CG",
        "period": "Q2",
        "profitloss": 204500000,
        "othercomprehensiveincomelossforeigncurrencytransactionandtranslationadjustmentnetoftax": 12200000,
        "othercomprehensiveincomelossavailableforsalesecuritiesadjustmentnetoftax": -12300000,
        "othercomprehensiveincomeunrealizedgainlossondefinedbenefitplanduringperiodnetoftax": 1400000,
        "othercomprehensiveincomelossreclassificationpensionandotherpostretirementbenefitplansnetgainlossrecognizedinnetperiodicbenefitcostnetoftax": -500000,
        "othercomprehensiveincomelossnetoftax": 1800000,
        "comprehensiveincomenetoftaxincludingportionattributabletononcontrollinginterest": 206300000,
        "comprehensiveincomelossnetoftaxattributabletononcontrollinginterestinconsolidatedentities": 58500000,
        "comprehensiveincomeattributabletosubsidiaryholdings": 147800000,
        "comprehensiveincomenetoftax": 147800000,
        "revenuefromcontractwithcustomerexcludingassessedtax": 371800000,
        "investmentincomenet": 9000000,
        "interestanddividendincomeoperating": 15800000,
        "interestandotherincomeofconsolidatedfunds": 55200000,
        "revenues": 1131000000,
        "salariesandwages": 212500000,
        "sharebasedcompensation": 30500000,
        "performanceallocationsandincentivefeeexpense": 535600000,
        "laborandrelatedexpense": 778600000,
        "generalandadministrativeexpense": 80200000,
        "interestexpense": 25900000,
        "interestandotherexpensesofconsolidatedfunds": 39300000,
        "othernonoperatingincomeexpense": -500000,
        "costsandexpenses": 924500000,
        "netinvestmentgainslossesofconsolidatedfunds": 50300000,
        "incomelossfromcontinuingoperationsbeforeincometaxesextraordinaryitemsnoncontrollinginterest": 256800000,
        "incometaxexpensebenefit": 52300000,
        "netincomelossattributabletononcontrollinginterest": 58600000,
        "netincomelossinsubsidiary": 145900000,
        "netincomeloss": 145900000,
        "netincomelossavailabletocommonstockholdersbasic": 145900000,
        "earningspersharebasic": 0.42,
        "earningspersharediluted": 0.41,
        "weightedaveragenumberofsharesoutstandingbasic": 348574528,
        "weightedaveragenumberofdilutedsharesoutstanding": 357268275
    },
    {
        "date": "2020-03-30",
        "symbol": "CG",
        "period": "Q1",
        "profitloss": -709000000,
        "othercomprehensiveincomelossforeigncurrencytransactionandtranslationadjustmentnetoftax": -22900000,
        "othercomprehensiveincomelossavailableforsalesecuritiesadjustmentnetoftax": -7700000,
        "othercomprehensiveincomeunrealizedgainlossondefinedbenefitplanduringperiodnetoftax": -3200000,
        "othercomprehensiveincomelossreclassificationpensionandotherpostretirementbenefitplansnetgainlossrecognizedinnetperiodicbenefitcostnetoftax": -400000,
        "othercomprehensiveincomelossnetoftax": -33400000,
        "comprehensiveincomenetoftaxincludingportionattributabletononcontrollinginterest": -742400000,
        "comprehensiveincomelossnetoftaxattributabletononcontrollinginterestinconsolidatedentities": -109700000,
        "comprehensiveincomeattributabletosubsidiaryholdings": -632700000,
        "comprehensiveincomenetoftax": -632700000,
        "revenuefromcontractwithcustomerexcludingassessedtax": 355900000,
        "investmentincomenet": 8900000,
        "interestanddividendincomeoperating": 27400000,
        "interestandotherincomeofconsolidatedfunds": 53000000,
        "revenues": -745700000,
        "salariesandwages": 204300000,
        "sharebasedcompensation": 29100000,
        "performanceallocationsandincentivefeeexpense": -442500000,
        "laborandrelatedexpense": -209100000,
        "generalandadministrativeexpense": 69600000,
        "interestexpense": 23900000,
        "interestandotherexpensesofconsolidatedfunds": 45600000,
        "othernonoperatingincomeexpense": -200000,
        "costsandexpenses": -69800000,
        "netinvestmentgainslossesofconsolidatedfunds": -113100000,
        "incomelossfromcontinuingoperationsbeforeincometaxesextraordinaryitemsnoncontrollinginterest": -789000000,
        "incometaxexpensebenefit": -80000000,
        "netincomelossattributabletononcontrollinginterest": -97000000,
        "netincomelossinsubsidiary": -612000000,
        "netincomeloss": -612000000,
        "netincomelossavailabletocommonstockholdersbasic": -612000000,
        "earningspersharebasic": -1.76,
        "earningspersharediluted": -1.76,
        "weightedaveragenumberofsharesoutstandingbasic": 348239759,
        "weightedaveragenumberofdilutedsharesoutstanding": 348239759
    },
    {
        "date": "2019-12-30",
        "symbol": "CG",
        "period": "Q4",
        "profitloss": -40400000,
        "othercomprehensiveincomelossforeigncurrencytransactionandtranslationadjustmentnetoftax": 42200000,
        "othercomprehensiveincomelossavailableforsalesecuritiesadjustmentnetoftax": 3600000,
        "othercomprehensiveincomelossnetoftax": 31300000,
        "comprehensiveincomenetoftaxincludingportionattributabletononcontrollinginterest": -9100000,
        "comprehensiveincomenetoftaxattributabletononcontrollinginterest": 9800000,
        "comprehensiveincomeattributabletosubsidiaryholdings": -18900000,
        "comprehensiveincomenetoftaxattributabletononcontrollinginterestinsubsidiary": -14900000,
        "comprehensiveincomenetoftax": -4000000,
        "revenuefromcontractwithcustomerexcludingassessedtax": 372400000,
        "investmentincomenet": -254100000,
        "interestanddividendincomeoperating": 47500000,
        "interestandotherincomeofconsolidatedfunds": 49700000,
        "revenues": 1459600000,
        "salariesandwages": 376200000,
        "sharebasedcompensation": 28800000,
        "performanceallocationsandincentivefeeexpense": 218500000,
        "laborandrelatedexpense": 662900000,
        "generalandadministrativeexpense": 245200000,
        "interestexpense": 40200000,
        "interestandotherexpensesofconsolidatedfunds": 32100000,
        "othernonoperatingincomeexpense": -300000,
        "costsandexpenses": 1016500000,
        "netinvestmentgainslossesofconsolidatedfunds": -17000000,
        "incomelossfromcontinuingoperationsbeforeincometaxesextraordinaryitemsnoncontrollinginterest": -40300000,
        "incometaxexpensebenefit": 100000,
        "netincomelossattributabletononcontrollinginterest": -9200000,
        "netincomelossinsubsidiary": -31200000,
        "netincomelossattributabletononcontrollinginterestinsubsidiary": 22900000,
        "netincomeloss": -8300000,
        "noncontrollinginterestinnetincomelosspreferredunitholdersredeemable": 0,
        "netincomelossavailabletocommonstockholdersbasic": -8300000,
        "earningspersharebasic": -0.14000000000000035,
        "earningspersharediluted": -0.14000000000000035,
        "weightedaveragenumberofsharesoutstandingbasic": -221498319,
        "weightedaveragenumberofdilutedsharesoutstanding": -238981158
    },
    {
        "date": "2019-09-29",
        "symbol": "CG",
        "period": "Q3",
        "profitloss": 252000000,
        "othercomprehensiveincomelossforeigncurrencytransactionandtranslationadjustmentnetoftax": -31400000,
        "othercomprehensiveincomelossavailableforsalesecuritiesadjustmentnetoftax": 4600000,
        "othercomprehensiveincomeunrealizedgainlossondefinedbenefitplanduringperiodnetoftax": 600000,
        "othercomprehensiveincomelossreclassificationpensionandotherpostretirementbenefitplansnetgainlossrecognizedinnetperiodicbenefitcostnetoftax": -300000,
        "othercomprehensiveincomelossnetoftax": -25900000,
        "comprehensiveincomenetoftaxincludingportionattributabletononcontrollinginterest": 226100000,
        "comprehensiveincomenetoftaxattributabletononcontrollinginterest": 8200000,
        "comprehensiveincomeattributabletosubsidiaryholdings": 217900000,
        "comprehensiveincomenetoftaxattributabletononcontrollinginterestinsubsidiary": 133700000,
        "comprehensiveincomenetoftax": 84200000,
        "revenuefromcontractwithcustomerexcludingassessedtax": 359500000,
        "investmentincomenet": 9900000,
        "interestanddividendincomeoperating": 23300000,
        "interestandotherincomeofconsolidatedfunds": 51300000,
        "revenues": 768600000,
        "salariesandwages": 200000000,
        "sharebasedcompensation": 36600000,
        "performanceallocationsandincentivefeeexpense": 92600000,
        "laborandrelatedexpense": 329200000,
        "generalandadministrativeexpense": 121700000,
        "interestexpense": 20000000,
        "interestandotherexpensesofconsolidatedfunds": 34100000,
        "othernonoperatingincomeexpense": -300000,
        "costsandexpenses": 505300000,
        "netinvestmentgainslossesofconsolidatedfunds": -1900000,
        "incomelossfromcontinuingoperationsbeforeincometaxesextraordinaryitemsnoncontrollinginterest": 261400000,
        "incometaxexpensebenefit": 9400000,
        "netincomelossattributabletononcontrollinginterest": 10500000,
        "netincomelossinsubsidiary": 241500000,
        "netincomelossattributabletononcontrollinginterestinsubsidiary": -149300000,
        "netincomeloss": 92200000,
        "noncontrollinginterestinnetincomelosspreferredunitholdersredeemable": 7300000,
        "preferredstockredemptionpremium": 16500000,
        "netincomelossavailabletocommonstockholdersbasic": 68400000,
        "earningspersharebasic": 0.6,
        "earningspersharediluted": 0.55,
        "weightedaveragenumberofsharesoutstandingbasic": 114930365,
        "weightedaveragenumberofdilutedsharesoutstanding": 124875070
    },
    {
        "date": "2019-06-29",
        "symbol": "CG",
        "period": "Q2",
        "profitloss": 526500000,
        "othercomprehensiveincomelossforeigncurrencytransactionandtranslationadjustmentnetoftax": -700000,
        "othercomprehensiveincomelossavailableforsalesecuritiesadjustmentnetoftax": 6800000,
        "othercomprehensiveincomeunrealizedgainlossondefinedbenefitplanduringperiodnetoftax": 300000,
        "othercomprehensiveincomelossreclassificationpensionandotherpostretirementbenefitplansnetgainlossrecognizedinnetperiodicbenefitcostnetoftax": -200000,
        "othercomprehensiveincomelossnetoftax": 6600000,
        "comprehensiveincomenetoftaxincludingportionattributabletononcontrollinginterest": 533100000,
        "comprehensiveincomenetoftaxattributabletononcontrollinginterest": 33700000,
        "comprehensiveincomeattributabletosubsidiaryholdings": 499400000,
        "comprehensiveincomenetoftaxattributabletononcontrollinginterestinsubsidiary": 341300000,
        "comprehensiveincomenetoftax": 158100000,
        "revenuefromcontractwithcustomerexcludingassessedtax": 390900000,
        "investmentincomenet": 8800000,
        "interestanddividendincomeoperating": 26000000,
        "interestandotherincomeofconsolidatedfunds": 45800000,
        "revenues": 1061100000,
        "salariesandwages": 221400000,
        "sharebasedcompensation": 35200000,
        "performanceallocationsandincentivefeeexpense": 113600000,
        "laborandrelatedexpense": 370200000,
        "generalandadministrativeexpense": 110700000,
        "interestexpense": 19500000,
        "interestandotherexpensesofconsolidatedfunds": 27500000,
        "othernonoperatingincomeexpense": -400000,
        "costsandexpenses": 528300000,
        "netinvestmentgainslossesofconsolidatedfunds": 9200000,
        "incomelossfromcontinuingoperationsbeforeincometaxesextraordinaryitemsnoncontrollinginterest": 542000000,
        "incometaxexpensebenefit": 15500000,
        "netincomelossattributabletononcontrollinginterest": 39800000,
        "netincomelossinsubsidiary": 486700000,
        "netincomelossattributabletononcontrollinginterestinsubsidiary": -332600000,
        "netincomeloss": 154100000,
        "noncontrollinginterestinnetincomelosspreferredunitholdersredeemable": 5900000,
        "netincomelossavailabletocommonstockholdersbasic": 148200000,
        "earningspersharebasic": 1.34,
        "earningspersharediluted": 1.23,
        "weightedaveragenumberofsharesoutstandingbasic": 110440227,
        "weightedaveragenumberofdilutedsharesoutstanding": 120920439
    },
    {
        "date": "2019-03-30",
        "symbol": "CG",
        "period": "Q1",
        "profitloss": 446300000,
        "othercomprehensiveincomelossforeigncurrencytransactionandtranslationadjustmentnetoftax": 300000,
        "othercomprehensiveincomelossavailableforsalesecuritiesadjustmentnetoftax": 1800000,
        "othercomprehensiveincomeunrealizedgainlossondefinedbenefitplanduringperiodnetoftax": 1700000,
        "othercomprehensiveincomelossreclassificationpensionandotherpostretirementbenefitplansnetgainlossrecognizedinnetperiodicbenefitcostnetoftax": -300000,
        "othercomprehensiveincomelossnetoftax": 9500000,
        "comprehensiveincomenetoftaxincludingportionattributabletononcontrollinginterest": 455800000,
        "comprehensiveincomenetoftaxattributabletononcontrollinginterest": -4200000,
        "comprehensiveincomeattributabletosubsidiaryholdings": 460000000,
        "comprehensiveincomenetoftaxattributabletononcontrollinginterestinsubsidiary": 314000000,
        "comprehensiveincomenetoftax": 146000000,
        "revenuefromcontractwithcustomerexcludingassessedtax": 353400000,
        "investmentincomenet": 271300000,
        "interestanddividendincomeoperating": 500000,
        "interestandotherincomeofconsolidatedfunds": 52400000,
        "revenues": 87700000,
        "salariesandwages": 35800000,
        "sharebasedcompensation": 39400000,
        "performanceallocationsandincentivefeeexpense": 12000000,
        "laborandrelatedexpense": 47800000,
        "generalandadministrativeexpense": 16800000,
        "interestexpense": 2400000,
        "interestandotherexpensesofconsolidatedfunds": 38100000,
        "othernonoperatingincomeexpense": -300000,
        "costsandexpenses": 69600000,
        "netinvestmentgainslossesofconsolidatedfunds": -14200000,
        "incomelossfromcontinuingoperationsbeforeincometaxesextraordinaryitemsnoncontrollinginterest": 470300000,
        "incometaxexpensebenefit": 24000000,
        "netincomelossattributabletononcontrollinginterest": -4500000,
        "netincomelossinsubsidiary": 450800000,
        "netincomelossattributabletononcontrollinginterestinsubsidiary": -307900000,
        "netincomeloss": 142900000,
        "noncontrollinginterestinnetincomelosspreferredunitholdersredeemable": 5900000,
        "netincomelossavailabletocommonstockholdersbasic": 137000000,
        "earningspersharebasic": 1.25,
        "earningspersharediluted": 1.18,
        "weightedaveragenumberofsharesoutstandingbasic": 109210460,
        "weightedaveragenumberofdilutedsharesoutstanding": 115818538
    },
    {
        "date": "2018-09-29",
        "symbol": "CG",
        "period": "Q3",
        "profitloss": -6800000,
        "othercomprehensiveincomelossforeigncurrencytransactionandtranslationadjustmentnetoftax": -9000000,
        "othercomprehensiveincomeunrealizedgainlossondefinedbenefitplanduringperiodnetoftax": -100000,
        "othercomprehensiveincomelossreclassificationpensionandotherpostretirementbenefitplansnetgainlossrecognizedinnetperiodicbenefitcostnetoftax": -200000,
        "othercomprehensiveincomelossnetoftax": -8900000,
        "comprehensiveincomenetoftaxincludingportionattributabletononcontrollinginterest": 34300000,
        "comprehensiveincomenetoftaxattributabletononcontrollinginterest": 8200000,
        "comprehensiveincomeattributabletosubsidiaryholdings": 26100000,
        "comprehensiveincomenetoftaxattributabletononcontrollinginterestinsubsidiary": 9500000,
        "comprehensiveincomenetoftax": 16600000,
        "revenuefromcontractwithcustomerexcludingassessedtax": 74900000,
        "investmentincomenet": 13700000,
        "interestanddividendincomeoperating": -6500000,
        "interestandotherincomeofconsolidatedfunds": 60500000,
        "revenues": 148500000,
        "salariesandwages": 186600000,
        "sharebasedcompensation": 49700000,
        "performancefeeexpenserealized": 38400000,
        "performancefeeexpenseunrealizedgainloss": 58900000,
        "laborandrelatedexpense": 124200000,
        "generalandadministrativeexpense": 10100000,
        "interestexpense": 900000,
        "interestandotherexpensesofconsolidatedfunds": -10500000,
        "othernonoperatingincomeexpense": -300000,
        "costsandexpenses": 137100000,
        "netinvestmentgainslossesofconsolidatedfunds": -2900000,
        "incomelossfromcontinuingoperationsbeforeincometaxesextraordinaryitemsnoncontrollinginterest": -6800000,
        "incometaxexpensebenefit": 17400000,
        "netincomelossattributabletononcontrollinginterest": 14500000,
        "netincomelossinsubsidiary": -6600000,
        "netincomelossattributabletononcontrollinginterestinsubsidiary": -11200000,
        "netincomeloss": -6600000,
        "noncontrollinginterestinnetincomelosspreferredunitholdersredeemable": 5900000,
        "netincomelossavailabletocommonstockholdersbasic": -6600000,
        "earningspersharebasic": 0.11,
        "earningspersharediluted": 0.1,
        "weightedaveragenumberofsharesoutstandingbasic": 105560193,
        "weightedaveragenumberofdilutedsharesoutstanding": 232303828,
        "commonstockdividendspersharedeclared": 0.22
    },
    {
        "date": "2018-06-29",
        "symbol": "CG",
        "period": "Q2",
        "profitloss": -8600000,
        "othercomprehensiveincomelossforeigncurrencytransactionandtranslationadjustmentnetoftax": -56300000,
        "othercomprehensiveincomeunrealizedgainlossondefinedbenefitplanduringperiodnetoftax": 700000,
        "othercomprehensiveincomelossreclassificationpensionandotherpostretirementbenefitplansnetgainlossrecognizedinnetperiodicbenefitcostnetoftax": -300000,
        "othercomprehensiveincomelossnetoftax": -55300000,
        "comprehensiveincomenetoftaxincludingportionattributabletononcontrollinginterest": 185900000,
        "comprehensiveincomenetoftaxattributabletononcontrollinginterest": -1800000,
        "comprehensiveincomeattributabletosubsidiaryholdings": 187700000,
        "comprehensiveincomenetoftaxattributabletononcontrollinginterestinsubsidiary": 129500000,
        "comprehensiveincomenetoftax": 58200000,
        "revenuefromcontractwithcustomerexcludingassessedtax": 168600000,
        "investmentincomenet": 41900000,
        "interestanddividendincomeoperating": -5500000,
        "interestandotherincomeofconsolidatedfunds": 53600000,
        "revenues": 107800000,
        "salariesandwages": 176000000,
        "sharebasedcompensation": 64900000,
        "performancefeeexpenserealized": 8800000,
        "performancefeeexpenseunrealizedgainloss": 44300000,
        "laborandrelatedexpense": 79100000,
        "generalandadministrativeexpense": 9200000,
        "interestexpense": 4900000,
        "interestandotherexpensesofconsolidatedfunds": -16700000,
        "othernonoperatingincomeexpense": -300000,
        "costsandexpenses": 90900000,
        "netinvestmentgainslossesofconsolidatedfunds": 12900000,
        "incomelossfromcontinuingoperationsbeforeincometaxesextraordinaryitemsnoncontrollinginterest": -8600000,
        "incometaxexpensebenefit": 11600000,
        "netincomelossattributabletononcontrollinginterest": 16700000,
        "netincomelossinsubsidiary": -4500000,
        "netincomelossattributabletononcontrollinginterestinsubsidiary": -155100000,
        "netincomeloss": -4500000,
        "noncontrollinginterestinnetincomelosspreferredunitholdersredeemable": 5900000,
        "netincomelossavailabletocommonstockholdersbasic": -4500000,
        "earningspersharebasic": 0.62,
        "earningspersharediluted": 0.56,
        "weightedaveragenumberofsharesoutstandingbasic": 102465109,
        "weightedaveragenumberofdilutedsharesoutstanding": 9717091,
        "commonstockdividendspersharedeclared": 0.27
    },
    {
        "date": "2018-03-30",
        "symbol": "CG",
        "period": "Q1",
        "profitloss": -6000000,
        "othercomprehensiveincomelossforeigncurrencytransactionandtranslationadjustmentnetoftax": 30600000,
        "othercomprehensiveincomeunrealizedgainlossondefinedbenefitplanduringperiodnetoftax": -1000000,
        "othercomprehensiveincomelossreclassificationpensionandotherpostretirementbenefitplansnetgainlossrecognizedinnetperiodicbenefitcostnetoftax": -200000,
        "othercomprehensiveincomelossnetoftax": 29800000,
        "comprehensiveincomenetoftaxincludingportionattributabletononcontrollinginterest": 147500000,
        "comprehensiveincomenetoftaxattributabletononcontrollinginterest": 22300000,
        "comprehensiveincomeattributabletosubsidiaryholdings": 125200000,
        "comprehensiveincomenetoftaxattributabletononcontrollinginterestinsubsidiary": 79800000,
        "comprehensiveincomenetoftax": 45400000,
        "investmentadvisoryfees": 287500000,
        "managementfeesincentiverevenue": -100000,
        "realizedperformanceallocationsinvestmentincomeloss": 211000000,
        "unrealizedperformanceallocationinvestmentincomeloss": 106400000,
        "realizedprincipalinvestmentincomeloss": 18700000,
        "unrealizedprincipalinvestmentincomeloss": 10900000,
        "gainlossoninvestments": -2500000,
        "interestanddividendincomeoperating": -6000000,
        "interestandotherincomeofconsolidatedfunds": 47300000,
        "revenues": 653900000,
        "salariesandwages": 187300000,
        "sharebasedcompensation": 84900000,
        "performancefeeexpenserealized": 107900000,
        "performancefeeexpenseunrealizedgainloss": 49500000,
        "laborandrelatedexpense": 384200000,
        "generalandadministrativeexpense": 74800000,
        "interestexpense": 5000000,
        "interestandotherexpensesofconsolidatedfunds": -8400000,
        "othernonoperatingincomeexpense": -300000,
        "costsandexpenses": 484900000,
        "netinvestmentgainslossesofconsolidatedfunds": 2000000,
        "incomelossfromcontinuingoperationsbeforeincometaxesextraordinaryitemsnoncontrollinginterest": -6000000,
        "incometaxexpensebenefit": 7800000,
        "netincomelossattributabletononcontrollinginterest": 11000000,
        "netincomelossinsubsidiary": -5000000,
        "netincomelossattributabletononcontrollinginterestinsubsidiary": -67000000,
        "netincomeloss": -5000000,
        "noncontrollinginterestinnetincomelosspreferredunitholdersredeemable": 5900000,
        "netincomelossavailabletocommonstockholdersbasic": -5000000,
        "earningspersharebasic": 0.34,
        "earningspersharediluted": 0.3,
        "weightedaveragenumberofsharesoutstandingbasic": 100732493,
        "weightedaveragenumberofdilutedsharesoutstanding": 111303988,
        "commonstockdividendspersharedeclared": 0.33
    },
    {
        "date": "2017-09-29",
        "symbol": "CG",
        "period": "Q3",
        "profitloss": -2800000,
        "othercomprehensiveincomelossforeigncurrencytransactionandtranslationadjustmentnetoftax": 38400000,
        "othercomprehensiveincomelossreclassificationpensionandotherpostretirementbenefitplansnetgainlossrecognizedinnetperiodicbenefitcostnetoftax": -300000,
        "othercomprehensiveincomelossnetoftax": 38400000,
        "comprehensiveincomenetoftaxincludingportionattributabletononcontrollinginterest": 205600000,
        "comprehensiveincomenetoftaxattributabletononcontrollinginterest": 38600000,
        "comprehensiveincomeattributabletosubsidiaryholdings": 167000000,
        "comprehensiveincomenetoftaxattributabletononcontrollinginterestinsubsidiary": 114300000,
        "comprehensiveincomenetoftax": 52700000,
        "investmentadvisoryfees": -178700000,
        "performancefees": 34300000,
        "realizedinvestmentincomeloss": -66900000,
        "unrealizedinvestmentincomeloss": -13300000,
        "gainlossoninvestments": -7800000,
        "interestanddividendincomeoperating": -8100000,
        "interestandotherincomeofconsolidatedfunds": 44700000,
        "revenues": 107900000,
        "salariesandwages": 174100000,
        "sharebasedcompensation": 81000000,
        "laborandrelatedexpense": -391300000,
        "generalandadministrativeexpense": -67700000,
        "interestexpense": -5000000,
        "interestandotherexpensesofconsolidatedfunds": -15100000,
        "costsandexpenses": 71400000,
        "netinvestmentgainslossesofconsolidatedfunds": 18600000,
        "incomelossfromcontinuingoperationsbeforeincometaxesextraordinaryitemsnoncontrollinginterest": -2800000,
        "incometaxexpensebenefit": -1300000,
        "netincomelossattributabletononcontrollinginterest": 27600000,
        "netincomelossinsubsidiary": -11000000,
        "netincomelossattributabletononcontrollinginterestinsubsidiary": -95000000,
        "netincomeloss": -11000000,
        "earningspersharebasic": 0.44000000000000017,
        "earningspersharediluted": 0.41000000000000003,
        "weightedaveragenumberofsharesoutstandingbasic": -84323765,
        "weightedaveragenumberofdilutedsharesoutstanding": -320345818,
        "commonstockdividendspersharedeclared": 0.42000000000000004
    },
    {
        "date": "2017-06-29",
        "symbol": "CG",
        "period": "Q2",
        "profitloss": 6200000,
        "othercomprehensiveincomelossforeigncurrencytransactionandtranslationadjustmentnetoftax": 39300000,
        "othercomprehensiveincomeunrealizedgainlossondefinedbenefitplanduringperiodnetoftax": -1000000,
        "othercomprehensiveincomelossreclassificationpensionandotherpostretirementbenefitplansnetgainlossrecognizedinnetperiodicbenefitcostnetoftax": -300000,
        "othercomprehensiveincomelossnetoftax": 38600000,
        "comprehensiveincomenetoftaxincludingportionattributabletononcontrollinginterest": 269100000,
        "comprehensiveincomenetoftaxattributabletononcontrollinginterest": 23000000,
        "comprehensiveincomeattributabletosubsidiaryholdings": 246100000,
        "comprehensiveincomenetoftaxattributabletononcontrollinginterestinsubsidiary": 179600000,
        "comprehensiveincomenetoftax": 66500000,
        "investmentadvisoryfees": 36200000,
        "performancefeesrealized": 23700000,
        "performancefeesunrealizedgainloss": 4700000,
        "performancefees": 28500000,
        "realizedinvestmentincomeloss": -100000,
        "unrealizedinvestmentincomeloss": 400000,
        "gainlossoninvestments": 300000,
        "interestanddividendincomeoperating": -4700000,
        "interestandotherincomeofconsolidatedfunds": 45000000,
        "revenuesofconsolidatedvies": 16400000,
        "revenues": 65200000,
        "salariesandwages": 151000000,
        "sharebasedcompensation": 88000000,
        "performancefeerealized": 23400000,
        "performancefeeunrealized": 1400000,
        "laborandrelatedexpense": 47100000,
        "generalandadministrativeexpense": 8700000,
        "interestexpense": 4900000,
        "interestandotherexpensesofconsolidatedfunds": -13400000,
        "interestandotherexpenseofconsolidatedvie": 18400000,
        "othernonoperatingincomeexpense": -100000,
        "costsandexpenses": 58200000,
        "netinvestmentgainslossesofconsolidatedfunds": 40700000,
        "incomelossfromcontinuingoperationsbeforeincometaxesextraordinaryitemsnoncontrollinginterest": 6200000,
        "incometaxexpensebenefit": 13200000,
        "netincomelossattributabletononcontrollinginterest": 16500000,
        "netincomelossinsubsidiary": 6200000,
        "netincomelossattributabletononcontrollinginterestinsubsidiary": -156400000,
        "netincomeloss": 6200000,
        "earningspersharebasic": 0.65,
        "earningspersharediluted": 0.59,
        "weightedaveragenumberofsharesoutstandingbasic": 88801343,
        "weightedaveragenumberofdilutedsharesoutstanding": 228386148,
        "commonstockdividendspersharedeclared": 0.1
    },
    {
        "date": "2017-03-30",
        "symbol": "CG",
        "period": "Q1",
        "profitloss": -7100000,
        "othercomprehensiveincomelossforeigncurrencytransactionandtranslationadjustmentnetoftax": 10100000,
        "othercomprehensiveincomelossreclassificationpensionandotherpostretirementbenefitplansnetgainlossrecognizedinnetperiodicbenefitcostnetoftax": -300000,
        "othercomprehensiveincomelossnetoftax": 10400000,
        "comprehensiveincomenetoftaxincludingportionattributabletononcontrollinginterest": 332300000,
        "comprehensiveincomenetoftaxattributabletononcontrollinginterest": 6900000,
        "comprehensiveincomeattributabletosubsidiaryholdings": 325400000,
        "comprehensiveincomenetoftaxattributabletononcontrollinginterestinsubsidiary": 240600000,
        "comprehensiveincomenetoftax": 84800000,
        "investmentadvisoryfees": 255600000,
        "performancefeesrealized": 83000000,
        "performancefeesunrealizedgainloss": 631700000,
        "performancefees": 35800000,
        "realizedinvestmentincomeloss": -5400000,
        "unrealizedinvestmentincomeloss": 16000000,
        "gainlossoninvestments": 10600000,
        "interestanddividendincomeoperating": -5500000,
        "interestandotherincomeofconsolidatedfunds": 42900000,
        "revenuesofconsolidatedvies": 92600000,
        "revenues": 42900000,
        "salariesandwages": 146000000,
        "sharebasedcompensation": 72800000,
        "performancefeerealized": 47700000,
        "performancefeeunrealized": 272900000,
        "laborandrelatedexpense": 498000000,
        "generalandadministrativeexpense": 80600000,
        "interestexpense": 15000000,
        "interestandotherexpensesofconsolidatedfunds": -7800000,
        "interestandotherexpenseofconsolidatedvie": 119600000,
        "costsandexpenses": 53000000,
        "netinvestmentgainslossesofconsolidatedfunds": 17100000,
        "incomelossfromcontinuingoperationsbeforeincometaxesextraordinaryitemsnoncontrollinginterest": -7100000,
        "incometaxexpensebenefit": 5800000,
        "netincomelossattributabletononcontrollinginterest": 3300000,
        "netincomelossinsubsidiary": -7000000,
        "netincomelossattributabletononcontrollinginterestinsubsidiary": -235600000,
        "netincomeloss": -7000000,
        "earningspersharebasic": 0.97,
        "earningspersharediluted": 0.9,
        "weightedaveragenumberofsharesoutstandingbasic": 85337534,
        "weightedaveragenumberofdilutedsharesoutstanding": 91967452,
        "commonstockdividendspersharedeclared": 0.16
    },
    {
        "date": "2016-12-30",
        "symbol": "CG",
        "period": "Q4",
        "generalandadministrativeexpense": -34581582,
        "interestexpense": -13193393,
        "netincomeloss": 2312459
    },
    {
        "date": "2016-09-29",
        "symbol": "CG",
        "period": "Q3",
        "profitloss": -8000000,
        "othercomprehensiveincomelossforeigncurrencytransactionandtranslationadjustmentnetoftax": 5900000,
        "othercomprehensiveincomelossreclassificationadjustmentfromaocionderivativesnetoftax": -600000,
        "othercomprehensiveincomeunrealizedgainlossondefinedbenefitplanduringperiodnetoftax": 400000,
        "othercomprehensiveincomelossreclassificationpensionandotherpostretirementbenefitplansnetgainlossrecognizedinnetperiodicbenefitcostnetoftax": -100000,
        "othercomprehensiveincomelossnetoftax": 7000000,
        "comprehensiveincomenetoftaxincludingportionattributabletononcontrollinginterest": -43700000,
        "comprehensiveincomenetoftaxattributabletononcontrollinginterest": -46200000,
        "comprehensiveincomenetoftaxesattributabletoredeemablenoncontrollinginterestsinconsolidatedentities": 200000,
        "comprehensiveincomeattributabletosubsidiaryholdings": 2300000,
        "comprehensiveincomenetoftaxattributabletononcontrollinginterestinsubsidiary": -4700000,
        "comprehensiveincomenetoftax": 7000000,
        "investmentadvisoryfees": 33100000,
        "performancefeesrealized": 36300000,
        "performancefeesunrealizedgainloss": -6800000,
        "performancefees": 29500000,
        "realizedinvestmentincomeloss": -14100000,
        "unrealizedinvestmentincomeloss": 200000,
        "gainlossoninvestments": 200000,
        "interestanddividendincomeoperating": -100000,
        "interestandotherincomeofconsolidatedfunds": 43000000,
        "revenuesofconsolidatedvies": 18700000,
        "revenues": 43000000,
        "salariesandwages": 154300000,
        "sharebasedcompensation": 81400000,
        "performancefeerealized": 35800000,
        "performancefeeunrealized": -9700000,
        "laborandrelatedexpense": 46700000,
        "generalandadministrativeexpense": 17300000,
        "interestexpense": 5000000,
        "interestandotherexpensesofconsolidatedfunds": -8900000,
        "interestandotherexpenseofconsolidatedvie": 82100000,
        "othernonoperatingincomeexpense": 3700000,
        "costsandexpenses": 41200000,
        "netinvestmentgainslossesofconsolidatedfunds": 4800000,
        "incomelossfromcontinuingoperationsbeforeincometaxesextraordinaryitemsnoncontrollinginterest": -8000000,
        "incometaxexpensebenefit": 1000000,
        "netincomelossattributabletononcontrollinginterest": -29100000,
        "netincomelossinsubsidiary": -6600000,
        "netincomelossattributabletononcontrollinginterestinsubsidiary": 22400000,
        "netincomeloss": -6600000,
        "earningspersharebasic": 0.01,
        "earningspersharediluted": -0.02,
        "weightedaveragenumberofsharesoutstandingbasic": 83602503,
        "weightedaveragenumberofdilutedsharesoutstanding": 224826988,
        "commonstockdividendspersharedeclared": 0.63
    },
    {
        "date": "2016-06-29",
        "symbol": "CG",
        "period": "Q2",
        "profitloss": -7200000,
        "othercomprehensiveincomelossforeigncurrencytransactionandtranslationadjustmentnetoftax": -36200000,
        "othercomprehensiveincomelossreclassificationadjustmentfromaocionderivativesnetoftax": -600000,
        "othercomprehensiveincomeunrealizedgainlossondefinedbenefitplanduringperiodnetoftax": 700000,
        "othercomprehensiveincomelossnetoftax": -34900000,
        "comprehensiveincomenetoftaxincludingportionattributabletononcontrollinginterest": 8600000,
        "comprehensiveincomenetoftaxattributabletononcontrollinginterest": -19900000,
        "comprehensiveincomenetoftaxesattributabletoredeemablenoncontrollinginterestsinconsolidatedentities": -200000,
        "comprehensiveincomeattributabletosubsidiaryholdings": 28700000,
        "comprehensiveincomenetoftaxattributabletononcontrollinginterestinsubsidiary": 25800000,
        "comprehensiveincomenetoftax": 2900000,
        "investmentadvisoryfees": 34200000,
        "performancefeesrealized": 4200000,
        "performancefeesunrealizedgainloss": 15000000,
        "performancefees": 18900000,
        "realizedinvestmentincomeloss": -9500000,
        "unrealizedinvestmentincomeloss": 6700000,
        "gainlossoninvestments": -2800000,
        "interestanddividendincomeoperating": -200000,
        "interestandotherincomeofconsolidatedfunds": 35900000,
        "revenuesofconsolidatedvies": 18400000,
        "revenues": 35900000,
        "salariesandwages": 149900000,
        "sharebasedcompensation": 109000000,
        "performancefeerealized": 3700000,
        "performancefeeunrealized": 11200000,
        "laborandrelatedexpense": 34100000,
        "generalandadministrativeexpense": 7900000,
        "interestexpense": 4900000,
        "interestandotherexpensesofconsolidatedfunds": -3400000,
        "interestandotherexpenseofconsolidatedvie": 52400000,
        "othernonoperatingincomeexpense": -700000,
        "costsandexpenses": 35000000,
        "netinvestmentgainslossesofconsolidatedfunds": 6700000,
        "incomelossfromcontinuingoperationsbeforeincometaxesextraordinaryitemsnoncontrollinginterest": -7200000,
        "incometaxexpensebenefit": 24300000,
        "netincomelossattributabletononcontrollinginterest": 1600000,
        "netincomelossinsubsidiary": -7600000,
        "netincomelossattributabletononcontrollinginterestinsubsidiary": -35800000,
        "netincomeloss": -7600000,
        "earningspersharebasic": 0.07,
        "earningspersharediluted": 0.07,
        "weightedaveragenumberofsharesoutstandingbasic": 81683415,
        "weightedaveragenumberofdilutedsharesoutstanding": 4166523,
        "commonstockdividendspersharedeclared": 0.26
    },
    {
        "date": "2016-03-30",
        "symbol": "CG",
        "period": "Q1",
        "profitloss": 10300000,
        "othercomprehensiveincomelossforeigncurrencytransactionandtranslationadjustmentnetoftax": -2500000,
        "othercomprehensiveincomelossreclassificationadjustmentfromaocionderivativesnetoftax": -600000,
        "othercomprehensiveincomeunrealizedgainlossondefinedbenefitplanduringperiodnetoftax": -200000,
        "othercomprehensiveincomelossnetoftax": 19400000,
        "comprehensiveincomenetoftaxincludingportionattributabletononcontrollinginterest": 27300000,
        "comprehensiveincomenetoftaxattributabletononcontrollinginterest": -4900000,
        "comprehensiveincomenetoftaxesattributabletoredeemablenoncontrollinginterestsinconsolidatedentities": 100000,
        "comprehensiveincomeattributabletosubsidiaryholdings": 32100000,
        "comprehensiveincomenetoftaxattributabletononcontrollinginterestinsubsidiary": 18100000,
        "comprehensiveincomenetoftax": 14000000,
        "investmentadvisoryfees": 36400000,
        "performancefeesrealized": 2200000,
        "performancefeesunrealizedgainloss": 11700000,
        "performancefees": 13900000,
        "realizedinvestmentincomeloss": 2200000,
        "unrealizedinvestmentincomeloss": -1000000,
        "gainlossoninvestments": -1000000,
        "interestanddividendincomeoperating": -1000000,
        "interestandotherincomeofconsolidatedfunds": 28900000,
        "revenuesofconsolidatedvies": 24400000,
        "revenues": 49500000,
        "salariesandwages": 166300000,
        "sharebasedcompensation": 75400000,
        "performancefeerealized": 1700000,
        "performancefeeunrealized": 11800000,
        "laborandrelatedexpense": 37300000,
        "generalandadministrativeexpense": 9400000,
        "interestexpense": 5000000,
        "interestandotherexpensesofconsolidatedfunds": -6300000,
        "interestandotherexpenseofconsolidatedvie": 23400000,
        "othernonoperatingincomeexpense": -3800000,
        "costsandexpenses": 49200000,
        "netinvestmentgainslossesofconsolidatedfunds": -8400000,
        "incomelossfromcontinuingoperationsbeforeincometaxesextraordinaryitemsnoncontrollinginterest": 10300000,
        "incometaxexpensebenefit": 7400000,
        "netincomelossattributabletononcontrollinginterest": -2300000,
        "netincomelossinsubsidiary": 9200000,
        "netincomelossattributabletononcontrollinginterestinsubsidiary": -1800000,
        "netincomeloss": 9200000,
        "earningspersharebasic": 0.1,
        "earningspersharediluted": 0.01,
        "weightedaveragenumberofsharesoutstandingbasic": 80885060,
        "weightedaveragenumberofdilutedsharesoutstanding": 38911,
        "commonstockdividendspersharedeclared": 0.29
    },
    {
        "date": "2015-09-29",
        "symbol": "CG",
        "period": "Q3",
        "profitloss": -3700000,
        "othercomprehensiveincomelossforeigncurrencytransactionandtranslationadjustmentnetoftax": 156800000,
        "othercomprehensiveincomelossreclassificationadjustmentfromaocionderivativesnetoftax": -700000,
        "othercomprehensiveincomeunrealizedgainlossondefinedbenefitplanduringperiodnetoftax": -900000,
        "othercomprehensiveincomelossreclassificationpensionandotherpostretirementbenefitplansnetgainlossrecognizedinnetperiodicbenefitcostnetoftax": 0,
        "othercomprehensiveincomelossnetoftax": 156600000,
        "comprehensiveincomenetoftaxincludingportionattributabletononcontrollinginterest": -368400000,
        "comprehensiveincomelossnetoftaxesattributabletoequityappropriatedforconsolidatedfunds": 35300000,
        "comprehensiveincomenetoftaxattributabletononcontrollinginterest": 104500000,
        "comprehensiveincomenetoftaxesattributabletoredeemablenoncontrollinginterestsinconsolidatedentities": -128700000,
        "comprehensiveincomeattributabletosubsidiaryholdings": -379500000,
        "comprehensiveincomenetoftaxattributabletononcontrollinginterestinsubsidiary": -293900000,
        "comprehensiveincomenetoftax": -85600000,
        "investmentadvisoryfees": 37800000,
        "performancefeesrealized": 5000000,
        "performancefees": 31400000,
        "realizedinvestmentincomeloss": 3400000,
        "unrealizedinvestmentincomeloss": 100000,
        "gainlossoninvestments": 100000,
        "interestanddividendincomeoperating": 300000,
        "interestandotherincomeofconsolidatedfunds": 259400000,
        "revenuesofconsolidatedvies": 10900000,
        "revenues": 74600000,
        "salariesandwages": 163500000,
        "sharebasedcompensation": 86800000,
        "performancefeerealized": 4400000,
        "performancefeeunrealized": 28000000,
        "laborandrelatedexpense": 57700000,
        "generalandadministrativeexpense": 10700000,
        "interestexpense": 5000000,
        "interestandotherexpensesofconsolidatedfunds": -58600000,
        "interestandotherexpenseofconsolidatedvie": 26800000,
        "othernonoperatingincomeexpense": 9900000,
        "costsandexpenses": 70600000,
        "netinvestmentgainslossesofconsolidatedfunds": -10700000,
        "incomelossfromcontinuingoperationsbeforeincometaxesextraordinaryitemsnoncontrollinginterest": -3700000,
        "incometaxexpensebenefit": -4100000,
        "netincomelossattributabletononcontrollinginterest": -190100000,
        "netincomelossinsubsidiary": 116700000,
        "netincomelossattributabletononcontrollinginterestinsubsidiary": 288700000,
        "netincomeloss": 116700000,
        "earningspersharebasic": -1.19,
        "earningspersharediluted": -1.1600000000000001,
        "weightedaveragenumberofsharesoutstandingbasic": -66653763,
        "weightedaveragenumberofdilutedsharesoutstanding": -2598934,
        "commonstockdividendspersharedeclared": 0.8899999999999999
    },
    {
        "date": "2015-06-29",
        "symbol": "CG",
        "period": "Q2",
        "profitloss": 1900000,
        "othercomprehensiveincomelossforeigncurrencytransactionandtranslationadjustmentnetoftax": -426500000,
        "othercomprehensiveincomelossreclassificationadjustmentfromaocionderivativesnetoftax": -500000,
        "othercomprehensiveincomeunrealizedgainlossondefinedbenefitplanduringperiodnetoftax": -1600000,
        "othercomprehensiveincomelossreclassificationpensionandotherpostretirementbenefitplansnetgainlossrecognizedinnetperiodicbenefitcostnetoftax": -100000,
        "othercomprehensiveincomelossnetoftax": -427500000,
        "comprehensiveincomenetoftaxincludingportionattributabletononcontrollinginterest": 40600000,
        "comprehensiveincomelossnetoftaxesattributabletoequityappropriatedforconsolidatedfunds": -4200000,
        "comprehensiveincomenetoftaxattributabletononcontrollinginterest": 97600000,
        "comprehensiveincomenetoftaxesattributabletoredeemablenoncontrollinginterestsinconsolidatedentities": -162300000,
        "comprehensiveincomeattributabletosubsidiaryholdings": 109500000,
        "comprehensiveincomenetoftaxattributabletononcontrollinginterestinsubsidiary": 87900000,
        "comprehensiveincomenetoftax": 21600000,
        "investmentadvisoryfees": 37800000,
        "performancefeesrealized": 4800000,
        "performancefeesunrealizedgainloss": 43700000,
        "performancefees": 44600000,
        "realizedinvestmentincomeloss": -3400000,
        "unrealizedinvestmentincomeloss": -400000,
        "gainlossoninvestments": -400000,
        "interestanddividendincomeoperating": 400000,
        "interestandotherincomeofconsolidatedfunds": 257000000,
        "revenuesofconsolidatedvies": 7800000,
        "revenues": 86300000,
        "salariesandwages": 128600000,
        "sharebasedcompensation": 114300000,
        "performancefeerealized": 4300000,
        "performancefeeunrealized": 41300000,
        "laborandrelatedexpense": 70200000,
        "generalandadministrativeexpense": 12800000,
        "interestexpense": 4900000,
        "interestandotherexpensesofconsolidatedfunds": -54200000,
        "interestandotherexpenseofconsolidatedvie": 27600000,
        "othernonoperatingincomeexpense": 2900000,
        "costsandexpenses": 85900000,
        "netinvestmentgainslossesofconsolidatedfunds": -1500000,
        "incomelossfromcontinuingoperationsbeforeincometaxesextraordinaryitemsnoncontrollinginterest": 1900000,
        "incometaxexpensebenefit": 6000000,
        "netincomelossattributabletononcontrollinginterest": 370800000,
        "netincomelossinsubsidiary": -408900000,
        "netincomelossattributabletononcontrollinginterestinsubsidiary": -66700000,
        "netincomeloss": -408900000,
        "earningspersharebasic": 0.42,
        "earningspersharediluted": 0.34,
        "weightedaveragenumberofsharesoutstandingbasic": 71781981,
        "weightedaveragenumberofdilutedsharesoutstanding": 218776707,
        "commonstockdividendspersharedeclared": 0.33
    },
    {
        "date": "2015-03-30",
        "symbol": "CG",
        "period": "Q1",
        "profitloss": 35500000,
        "othercomprehensiveincomelossforeigncurrencytransactionandtranslationadjustmentnetoftax": -465100000,
        "othercomprehensiveincomelossreclassificationadjustmentfromaocionderivativesnetoftax": -500000,
        "othercomprehensiveincomeunrealizedgainlossondefinedbenefitplanduringperiodnetoftax": 2600000,
        "othercomprehensiveincomelossreclassificationpensionandotherpostretirementbenefitplansnetgainlossrecognizedinnetperiodicbenefitcostnetoftax": -100000,
        "othercomprehensiveincomelossnetoftax": -461900000,
        "comprehensiveincomenetoftaxincludingportionattributabletononcontrollinginterest": 142900000,
        "comprehensiveincomelossnetoftaxesattributabletoequityappropriatedforconsolidatedfunds": -57600000,
        "comprehensiveincomenetoftaxattributabletononcontrollinginterest": 61400000,
        "comprehensiveincomenetoftaxesattributabletoredeemablenoncontrollinginterestsinconsolidatedentities": 76500000,
        "comprehensiveincomeattributabletosubsidiaryholdings": 62600000,
        "comprehensiveincomenetoftaxattributabletononcontrollinginterestinsubsidiary": 30500000,
        "comprehensiveincomenetoftax": 32100000,
        "investmentadvisoryfees": 40500000,
        "performancefeesrealized": 3400000,
        "performancefeesunrealized": 47000000,
        "performancefees": 49500000,
        "realizedinvestmentincomeloss": 100000,
        "unrealizedinvestmentincomeloss": 600000,
        "gainlossoninvestments": 700000,
        "interestanddividendincomeoperating": 400000,
        "interestandotherincomeofconsolidatedfunds": 226300000,
        "revenuesofconsolidatedvies": 55200000,
        "revenues": 92000000,
        "salariesandwages": 180100000,
        "sharebasedcompensation": 89900000,
        "performancefeerealized": 2200000,
        "performancefeeunrealized": 44300000,
        "laborandrelatedexpense": 74300000,
        "generalandadministrativeexpense": 7900000,
        "interestexpense": 5000000,
        "interestandotherexpensesofconsolidatedfunds": -55000000,
        "interestandotherexpenseofconsolidatedvie": 70000000,
        "othernonoperatingincomeexpense": -1100000,
        "costsandexpenses": 84500000,
        "netinvestmentgainslossesofconsolidatedfunds": -2300000,
        "incomelossfromcontinuingoperationsbeforeincometaxesextraordinaryitemsnoncontrollinginterest": 35500000,
        "incometaxexpensebenefit": 10500000,
        "netincomelossattributabletononcontrollinginterest": 476800000,
        "netincomelossinsubsidiary": -441300000,
        "netincomelossattributabletononcontrollinginterestinsubsidiary": -126200000,
        "netincomeloss": -441300000,
        "earningspersharebasic": 0.58,
        "earningspersharediluted": 0.54,
        "weightedaveragenumberofsharesoutstandingbasic": 67684674,
        "weightedaveragenumberofdilutedsharesoutstanding": 778665,
        "commonstockdividendspersharedeclared": 1.61
    },
    {
        "date": "2014-09-29",
        "symbol": "CG",
        "period": "Q3",
        "profitloss": 99200000,
        "othercomprehensiveincomelossforeigncurrencytransactionandtranslationadjustmentnetoftax": -273400000,
        "othercomprehensiveincomelossreclassificationadjustmentfromaocionderivativesnetoftax": -700000,
        "othercomprehensiveincomeunrealizedgainlossondefinedbenefitplanduringperiodnetoftax": 900000,
        "othercomprehensiveincomelossreclassificationpensionandotherpostretirementbenefitplansnetgainlossrecognizedinnetperiodicbenefitcostnetoftax": -100000,
        "othercomprehensiveincomelossnetoftax": -271700000,
        "comprehensiveincomenetoftaxincludingportionattributabletononcontrollinginterest": -90400000,
        "comprehensiveincomelossnetoftaxesattributabletoequityappropriatedforconsolidatedfunds": -124900000,
        "comprehensiveincomenetoftaxattributabletononcontrollinginterest": 122700000,
        "comprehensiveincomenetoftaxesattributabletoredeemablenoncontrollinginterestsinconsolidatedentities": -138600000,
        "comprehensiveincomeattributabletosubsidiaryholdings": 50400000,
        "comprehensiveincomenetoftaxattributabletononcontrollinginterestinsubsidiary": 33000000,
        "comprehensiveincomenetoftax": 17400000,
        "investmentadvisoryfees": -47200000,
        "performancefeesrealized": 179100000,
        "performancefeesunrealized": 14800000,
        "performancefees": 174800000,
        "realizedinvestmentincome": -2100000,
        "unrealizedinvestmentincome": -700000,
        "gainlossoninvestments": 6600000,
        "interestanddividendincomeoperating": 9600000,
        "interestandotherincomeofconsolidatedfunds": 234100000,
        "revenuesofconsolidatedvies": 13200000,
        "revenues": -37900000,
        "salariesandwages": 190700000,
        "sharebasedcompensation": 79700000,
        "performancefeerealized": 78400000,
        "performancefeeunrealized": -14300000,
        "laborandrelatedexpense": 334500000,
        "generalandadministrativeexpense": 117900000,
        "interestexpense": 14400000,
        "interestandotherexpensesofconsolidatedfunds": 283900000,
        "interestandotherexpenseofconsolidatedvie": 38300000,
        "othernonoperatingincomeexpense": 39600000,
        "costsandexpenses": 465500000,
        "netinvestmentgainslossesofconsolidatedfunds": -1900000,
        "incomelossfromcontinuingoperationsbeforeincometaxesextraordinaryitemsnoncontrollinginterest": 4500000,
        "incometaxexpensebenefit": -5900000,
        "netincomelossattributabletononcontrollinginterest": 82100000,
        "netincomelossinsubsidiary": 128100000,
        "netincomelossattributabletononcontrollinginterestinsubsidiary": -102700000,
        "netincomeloss": 25400000,
        "earningspersharebasic": 0.38,
        "earningspersharediluted": 0.35,
        "weightedaveragenumberofsharesoutstandingbasic": 66474689,
        "weightedaveragenumberofdilutedsharesoutstanding": 66474689,
        "commonstockdividendspersharedeclared": 0.16
    },
    {
        "date": "2014-06-29",
        "symbol": "CG",
        "period": "Q2",
        "investmentadvisoryfees": 363000000,
        "performancefeesrealized": 422800000,
        "performancefeesunrealized": 133600000,
        "performancefees": 311500000,
        "realizedinvestmentincome": 31100000,
        "unrealizedinvestmentincome": -14000000,
        "gainlossoninvestments": 17100000,
        "interestanddividendincomeoperating": 4600000,
        "interestandotherincomeofconsolidatedfunds": 243700000,
        "revenuesofconsolidatedvies": 8000000,
        "revenues": 949100000,
        "salariesandwages": 220500000,
        "sharebasedcompensation": 109000000,
        "performancefeerealized": 181200000,
        "performancefeeunrealized": 109000000,
        "laborandrelatedexpense": 619700000,
        "generalandadministrativeexpense": 116900000,
        "interestexpense": 8400000,
        "interestandotherexpensesofconsolidatedfunds": 316300000,
        "interestandotherexpenseofconsolidatedvie": 42000000,
        "othernonoperatingincomeexpense": 4600000,
        "costsandexpenses": 788500000,
        "netinvestmentgainslossesofconsolidatedfunds": 442600000,
        "incomelossfromcontinuingoperationsbeforeincometaxesextraordinaryitemsnoncontrollinginterest": 160600000,
        "incometaxexpensebenefit": 53800000,
        "profitloss": 106800000,
        "netincomelossattributabletononcontrollinginterest": -10900000,
        "netincomelossinsubsidiary": 117700000,
        "netincomelossattributabletononcontrollinginterestinsubsidiary": -98200000,
        "netincomeloss": 19500000,
        "earningspersharebasic": 0.3,
        "earningspersharediluted": 0.27,
        "weightedaveragenumberofsharesoutstandingbasic": 65138793,
        "weightedaveragenumberofdilutedsharesoutstanding": 65138793,
        "commonstockdividendspersharedeclared": 0.16,
        "othercomprehensiveincomelossforeigncurrencytransactionandtranslationadjustmentnetoftax": 600000,
        "othercomprehensiveincomelossreclassificationadjustmentfromaocionderivativesnetoftax": -500000,
        "othercomprehensiveincomeunrealizedgainlossondefinedbenefitplanduringperiodnetoftax": 1500000,
        "othercomprehensiveincomelossreclassificationpensionandotherpostretirementbenefitplansnetgainlossrecognizedinnetperiodicbenefitcostnetoftax": -100000,
        "othercomprehensiveincomelossnetoftax": 2700000,
        "comprehensiveincomenetoftaxincludingportionattributabletononcontrollinginterest": 490100000,
        "comprehensiveincomelossnetoftaxesattributabletoequityappropriatedforconsolidatedfunds": -96100000,
        "comprehensiveincomenetoftaxattributabletononcontrollinginterest": 454400000,
        "comprehensiveincomenetoftaxesattributabletoredeemablenoncontrollinginterestsinconsolidatedentities": -600000,
        "comprehensiveincomeattributabletosubsidiaryholdings": 132400000,
        "comprehensiveincomenetoftaxattributabletononcontrollinginterestinsubsidiary": 109300000,
        "comprehensiveincomenetoftax": 23100000
    },
    {
        "date": "2014-03-30",
        "symbol": "CG",
        "period": "Q1",
        "investmentadvisoryfees": 305700000,
        "performancefeesrealized": 257400000,
        "performancefeesunrealized": 386600000,
        "performancefees": 644000000,
        "realizedinvestmentincome": 2100000,
        "unrealizedinvestmentincome": 7800000,
        "gainlossoninvestments": 9900000,
        "interestanddividendincomeoperating": 4500000,
        "interestandotherincomeofconsolidatedfunds": 250700000,
        "revenuesofconsolidatedvies": 6000000,
        "revenues": 970100000,
        "salariesandwages": 204600000,
        "sharebasedcompensation": 74200000,
        "performancefeerealized": 108700000,
        "performancefeeunrealized": 221600000,
        "laborandrelatedexpense": 609100000,
        "generalandadministrativeexpense": 134400000,
        "interestexpense": 12200000,
        "interestandotherexpensesofconsolidatedfunds": -75800000,
        "interestandotherexpenseofconsolidatedvie": 49200000,
        "othernonoperatingincomeexpense": -30200000,
        "costsandexpenses": 835100000,
        "netinvestmentgainslossesofconsolidatedfunds": -2900000,
        "incomelossfromcontinuingoperationsbeforeincometaxesextraordinaryitemsnoncontrollinginterest": 135000000,
        "incometaxexpensebenefit": 16000000,
        "profitloss": 119000000,
        "netincomelossattributabletononcontrollinginterest": -12900000,
        "netincomelossinsubsidiary": 131900000,
        "netincomelossattributabletononcontrollinginterestinsubsidiary": -107300000,
        "netincomeloss": 24600000,
        "earningspersharebasic": 0.46,
        "earningspersharediluted": 0.41,
        "weightedaveragenumberofsharesoutstandingbasic": 52501412,
        "weightedaveragenumberofdilutedsharesoutstanding": 52501412,
        "commonstockdividendspersharedeclared": 1.4,
        "othercomprehensiveincomelossforeigncurrencytransactionandtranslationadjustmentnetoftax": 87800000,
        "othercomprehensiveincomelossreclassificationadjustmentfromaocionderivativesnetoftax": -600000,
        "othercomprehensiveincomeunrealizedgainlossondefinedbenefitplanduringperiodnetoftax": 800000,
        "othercomprehensiveincomelossreclassificationpensionandotherpostretirementbenefitplansnetgainlossrecognizedinnetperiodicbenefitcostnetoftax": -100000,
        "othercomprehensiveincomelossnetoftax": 89300000,
        "comprehensiveincomenetoftaxincludingportionattributabletononcontrollinginterest": 545700000,
        "comprehensiveincomelossnetoftaxesattributabletoequityappropriatedforconsolidatedfunds": -82500000,
        "comprehensiveincomenetoftaxattributabletononcontrollinginterest": 431300000,
        "comprehensiveincomenetoftaxesattributabletoredeemablenoncontrollinginterestsinconsolidatedentities": 67000000,
        "comprehensiveincomeattributabletosubsidiaryholdings": 129900000,
        "comprehensiveincomenetoftaxattributabletononcontrollinginterestinsubsidiary": 105800000,
        "comprehensiveincomenetoftax": 24100000
    },
    {
        "date": "2013-09-29",
        "symbol": "CG",
        "period": "Q3",
        "investmentadvisoryfees": 281200000,
        "performancefeesrealized": -5500000,
        "performancefeesunrealized": 7700000,
        "performancefees": 2200000,
        "realizedinvestmentincome": -700000,
        "unrealizedinvestmentincome": -6300000,
        "gainlossoninvestments": -2800000,
        "interestanddividendincomeoperating": 2700000,
        "interestandotherincomeofconsolidatedfunds": 302000000,
        "revenues": -28500000,
        "salariesandwages": 204200000,
        "sharebasedcompensation": 78700000,
        "performancefeerealized": -3600000,
        "performancefeeunrealized": 10200000,
        "laborandrelatedexpense": 322100000,
        "generalandadministrativeexpense": 135600000,
        "interestexpense": 5600000,
        "interestandotherexpensesofconsolidatedfunds": -48700000,
        "costsandexpenses": 128700000,
        "netinvestmentlossesofconsolidatedfunds": 4200000,
        "incomelossfromcontinuingoperationsbeforeincometaxesextraordinaryitemsnoncontrollinginterest": 15500000,
        "incometaxexpensebenefit": 17900000,
        "profitloss": -2400000,
        "netincomelossattributabletononcontrollinginterest": -2500000,
        "netincomelossinsubsidiary": 100000,
        "netincomelossattributabletononcontrollinginterestinsubsidiary": 2200000,
        "netincomeloss": 2300000,
        "earningspersharebasic": 0.030000000000000027,
        "earningspersharediluted": 0.040000000000000036,
        "weightedaveragenumberofsharesoutstandingbasic": 1113684,
        "weightedaveragenumberofdilutedsharesoutstanding": 328223,
        "commonstockdividendspersharedeclared": 0.1599999999999998,
        "othercomprehensiveincomelossforeigncurrencytransactionandtranslationadjustmentnetoftax": 84200000,
        "othercomprehensiveincomelossreclassificationpensionandotherpostretirementbenefitplansnetgainlossrecognizedinnetperiodicbenefitcostnetoftax": -100000,
        "othercomprehensiveincomelossnetoftax": 197300000,
        "comprehensiveincomenetoftaxincludingportionattributabletononcontrollinginterest": 170800000,
        "comprehensiveincomenetoftaxattributabletononcontrollinginterest": 168800000,
        "comprehensiveincomenetoftaxesattributabletoredeemablenoncontrollinginterestsinconsolidatedentities": -21300000,
        "comprehensiveincomeattributabletosubsidiaryholdings": 10100000,
        "comprehensiveincomenetoftaxattributabletononcontrollinginterestinsubsidiary": 6400000,
        "comprehensiveincomenetoftax": 3700000
    },
    {
        "date": "2013-06-29",
        "symbol": "CG",
        "period": "Q2",
        "investmentadvisoryfees": 215800000,
        "performancefeesrealized": -10600000,
        "performancefeesunrealized": -13800000,
        "performancefees": -183700000,
        "realizedinvestmentincome": 7700000,
        "unrealizedinvestmentincome": -8900000,
        "gainlossoninvestments": 6600000,
        "interestanddividendincomeoperating": 4100000,
        "interestandotherincomeofconsolidatedfunds": 252900000,
        "revenues": -235500000,
        "salariesandwages": 173600000,
        "sharebasedcompensation": 126000000,
        "performancefeerealized": -3300000,
        "performancefeeunrealized": -28600000,
        "laborandrelatedexpense": 99000000,
        "generalandadministrativeexpense": 120300000,
        "interestexpense": 1900000,
        "interestandotherexpensesofconsolidatedfunds": -482900000,
        "othernonoperatingincome": 3300000,
        "costsandexpenses": -67000000,
        "netinvestmentlossesofconsolidatedfunds": -219300000,
        "incomelossfromcontinuingoperationsbeforeincometaxesextraordinaryitemsnoncontrollinginterest": 154500000,
        "incometaxexpensebenefit": 16600000,
        "profitloss": 113000000,
        "netincomelossattributabletononcontrollinginterest": 10000000,
        "netincomelossinsubsidiary": 81000000,
        "netincomelossattributabletononcontrollinginterestinsubsidiary": 27400000,
        "netincomeloss": -117300000,
        "earningspersharebasic": -0.09000000000000008,
        "earningspersharediluted": -0.050000000000000044,
        "weightedaveragenumberofsharesoutstandingbasic": 906242,
        "weightedaveragenumberofdilutedsharesoutstanding": -1227611,
        "commonstockdividendspersharedeclared": 0.16000000000000003,
        "othercomprehensiveincomelossforeigncurrencytransactionandtranslationadjustmentnetoftax": -141700000,
        "othercomprehensiveincomeunrealizedgainlossonderivativesarisingduringperiodnetoftax": 0,
        "othercomprehensiveincomelosspensionandotherpostretirementbenefitplansadjustmentnetoftax": 400000,
        "othercomprehensiveincomelossreclassificationpensionandotherpostretirementbenefitplansnetgainlossrecognizedinnetperiodicbenefitcostnetoftax": -200000,
        "othercomprehensiveincomelossnetoftax": -141000000,
        "comprehensiveincomenetoftaxincludingportionattributabletononcontrollinginterest": 128300000,
        "comprehensiveincomenetoftaxesattributabletoequityappropriatedforconsolidatedfunds": -127600000,
        "comprehensiveincomenetoftaxattributabletononcontrollinginterest": 258600000,
        "comprehensiveincomenetoftaxesattributabletoredeemablenoncontrollinginterestsinconsolidatedentities": 31900000,
        "comprehensiveincomeattributabletosubsidiaryholdings": -34600000,
        "comprehensiveincomenetoftaxattributabletononcontrollinginterestinsubsidiary": -30800000,
        "comprehensiveincomenetoftax": -3800000
    },
    {
        "date": "2013-03-30",
        "symbol": "CG",
        "period": "Q1",
        "investmentadvisoryfees": 274200000,
        "performancefeesrealized": -3900000,
        "performancefeesunrealized": -46900000,
        "performancefees": 108500000,
        "realizedinvestmentincome": -2400000,
        "unrealizedinvestmentincome": 5700000,
        "gainlossoninvestments": 3300000,
        "interestanddividendincomeoperating": 2400000,
        "interestandotherincomeofconsolidatedfunds": 268400000,
        "revenues": 268400000,
        "salariesandwages": 178500000,
        "sharebasedcompensation": 52300000,
        "performancefeerealized": -1300000,
        "performancefeeunrealized": -65500000,
        "laborandrelatedexpense": 534500000,
        "generalandadministrativeexpense": 110000000,
        "interestexpense": 4000000,
        "interestandotherexpensesofconsolidatedfunds": 333200000,
        "othernonoperatingincome": 2400000,
        "costsandexpenses": 333200000,
        "netinvestmentlossesofconsolidatedfunds": 212600000,
        "incomelossfromcontinuingoperationsbeforeincometaxesextraordinaryitemsnoncontrollinginterest": 147800000,
        "incometaxexpensebenefit": 24900000,
        "profitloss": 147800000,
        "netincomelossattributabletononcontrollinginterest": 22000000,
        "netincomelossinsubsidiary": 147800000,
        "netincomelossattributabletononcontrollinginterestinsubsidiary": -225700000,
        "netincomeloss": 147800000,
        "earningspersharebasic": 0.78,
        "earningspersharediluted": 0.66,
        "weightedaveragenumberofsharesoutstandingbasic": 43343268,
        "weightedaveragenumberofdilutedsharesoutstanding": 51109008,
        "commonstockdividendspersharedeclared": 0.85,
        "othercomprehensiveincomelossforeigncurrencytransactionandtranslationadjustmentnetoftax": 59800000,
        "othercomprehensiveincomeunrealizedgainlossonderivativesarisingduringperiodnetoftax": 200000,
        "othercomprehensiveincomelossreclassificationadjustmentonderivativesincludedinnetincomenetoftax": 1500000,
        "othercomprehensiveincomelosspensionandotherpostretirementbenefitplansadjustmentnetoftax": -1000000,
        "othercomprehensiveincomelossreclassificationpensionandotherpostretirementbenefitplansnetgainlossrecognizedinnetperiodicbenefitcostnetoftax": -200000,
        "othercomprehensiveincomelossnetoftax": 62700000,
        "comprehensiveincomenetoftaxincludingportionattributabletononcontrollinginterest": 490200000,
        "comprehensiveincomenetoftaxesattributabletoequityappropriatedforconsolidatedfunds": -272800000,
        "comprehensiveincomenetoftaxattributabletononcontrollinginterest": 330100000,
        "comprehensiveincomenetoftaxesattributabletoredeemablenoncontrollinginterestsinconsolidatedentities": 177200000,
        "comprehensiveincomeattributabletosubsidiaryholdings": 255700000,
        "comprehensiveincomenetoftaxattributabletononcontrollinginterestinsubsidiary": 222400000,
        "comprehensiveincomenetoftax": 33300000
    },
    {
        "date": "2012-09-29",
        "symbol": "CG",
        "period": "Q3",
        "investmentadvisoryfees": 276400000,
        "performancefeesrealized": -15000000,
        "performancefeesunrealized": -15900000,
        "performancefees": 3900000,
        "realizedinvestmentincome": 13400000,
        "unrealizedinvestmentincome": -5200000,
        "gainlossoninvestments": 3400000,
        "interestanddividendincomeoperating": 4500000,
        "interestandotherincomeofconsolidatedfunds": 247700000,
        "revenues": 247700000,
        "salariesandwages": 177000000,
        "sharebasedcompensation": 53200000,
        "performancefeerealized": -1700000,
        "performancefeeunrealized": -900000,
        "laborandrelatedexpense": 393600000,
        "generalandadministrativeexpense": 94900000,
        "interestexpense": 4000000,
        "interestandotherexpensesofconsolidatedfunds": 252400000,
        "othernonoperatingexpense": 10300000,
        "costsandexpenses": 252400000,
        "netinvestmentlossesofconsolidatedfunds": 448900000,
        "incomelossfromcontinuingoperationsbeforeincometaxesextraordinaryitemsnoncontrollinginterest": 443600000,
        "incometaxexpensebenefit": 5500000,
        "profitloss": 443600000,
        "netincomelossattributabletononcontrollinginterest": 36000000,
        "netincomelossinsubsidiary": 443600000,
        "netincomelossattributabletononcontrollinginterestinsubsidiary": 93000000,
        "netincomeloss": 443600000,
        "earningspersharebasic": 0.43,
        "earningspersharediluted": 0.4,
        "weightedaveragenumberofsharesoutstandingbasic": 43235336,
        "weightedaveragenumberofdilutedsharesoutstanding": 46939751,
        "commonstockdividendspersharedeclared": 0.11,
        "othercomprehensiveincomelossforeigncurrencytransactionandtranslationadjustmentnetoftax": -291000000,
        "othercomprehensiveincomeunrealizedgainlossonderivativesarisingduringperiodnetoftax": -3200000,
        "othercomprehensiveincomelossreclassificationadjustmentonderivativesincludedinnetincomenetoftax": 1700000,
        "othercomprehensiveincomelossderivativesqualifyingashedgesnetoftax": -1500000,
        "othercomprehensiveincomelossnetoftax": -292500000,
        "comprehensiveincomenetoftaxincludingportionattributabletononcontrollinginterest": 304500000,
        "comprehensiveincomenetoftaxesattributabletoequityappropriatedforconsolidatedfunds": -138900000,
        "comprehensiveincomenetoftaxattributabletononcontrollinginterest": 345500000,
        "comprehensiveincomenetoftaxesattributabletoredeemablenoncontrollinginterestsinconsolidatedentities": -18400000,
        "comprehensiveincomeattributabletosubsidiaryholdings": 116300000,
        "comprehensiveincomenetoftaxattributabletononcontrollinginterestinsubsidiary": 97000000,
        "comprehensiveincomenetoftax": 19300000
    },
    {
        "date": "2012-06-29",
        "symbol": "CG",
        "period": "Q2",
        "profitloss": 344300000,
        "othercomprehensiveincomelossforeigncurrencytransactionandtranslationadjustmentnetoftax": 22600000,
        "othercomprehensiveincomeunrealizedgainlossonderivativesarisingduringperiodnetoftax": -200000,
        "othercomprehensiveincomelossreclassificationadjustmentonderivativesincludedinnetincomenetoftax": 1800000,
        "othercomprehensiveincomelossderivativesqualifyingashedgesnetoftax": -3500000,
        "othercomprehensiveincomelossnetoftax": 66700000,
        "comprehensiveincomenetoftaxincludingportionattributabletononcontrollinginterest": 242200000,
        "comprehensiveincomenetoftaxesattributabletoequityappropriatedforconsolidatedfunds": -216800000,
        "comprehensiveincomenetoftaxattributabletononcontrollinginterest": 629300000,
        "comprehensiveincomenetoftaxesattributabletoredeemablenoncontrollinginterestsinconsolidatedentities": 11600000,
        "comprehensiveincomeattributabletosubsidiaryholdings": 181900000,
        "comprehensiveincomenetoftaxattributabletononcontrollinginterestinsubsidiary": -169700000,
        "comprehensiveincomenetoftax": -12200000
    },
    {
        "date": "2012-03-30",
        "symbol": "CG",
        "period": "Q1",
        "investmentadvisoryfees": 234400000,
        "performancefeesrealized": 280600000,
        "performancefeesunrealized": 360200000,
        "performancefees": 640800000,
        "realizedinvestmentincome": -800000,
        "unrealizedinvestmentincome": 22300000,
        "gainlossoninvestments": 21500000,
        "interestanddividendincomeoperating": 2700000,
        "interestandotherincomeofconsolidatedfunds": 211500000,
        "revenues": 1110900000,
        "salariesandwages": 106100000,
        "performancefeerealized": 34300000,
        "performancefeeunrealized": 54800000,
        "laborandrelatedexpense": 195200000,
        "generalandadministrativeexpense": 91200000,
        "interestexpense": 10400000,
        "interestandotherexpensesofconsolidatedfunds": 184500000,
        "othernonoperatingexpense": -4100000,
        "costsandexpenses": 477200000,
        "netinvestmentlossesofconsolidatedfunds": 872100000,
        "incomelossfromcontinuingoperationsbeforeincometaxesextraordinaryitemsnoncontrollinginterest": 1505800000,
        "incometaxexpensebenefit": 11700000,
        "profitloss": 1494100000,
        "netincomelossattributabletononcontrollinginterest": 864900000,
        "netincomeloss": 629200000,
        "othercomprehensiveincomelossforeigncurrencytransactionandtranslationadjustmentnetoftax": -258600000,
        "othercomprehensiveincomeunrealizedgainlossonderivativesarisingduringperiodnetoftax": -1600000,
        "othercomprehensiveincomelossreclassificationadjustmentonderivativesincludedinnetincomenetoftax": 1900000,
        "othercomprehensiveincomelossderivativesqualifyingashedgesnetoftax": 300000,
        "othercomprehensiveincomelossnetoftax": -258300000,
        "comprehensiveincomenetoftaxincludingportionattributabletononcontrollinginterest": 1235800000,
        "comprehensiveincomenetoftaxesattributabletoequityappropriatedforconsolidatedfunds": 115600000,
        "comprehensiveincomenetoftaxattributabletononcontrollinginterest": 525100000,
        "comprehensiveincomenetoftaxesattributabletoredeemablenoncontrollinginterestsinconsolidatedentities": -20800000,
        "comprehensiveincomenetoftax": 615900000
    }
]