[
    {
        "date": "2024-09-29",
        "symbol": "STT",
        "period": "Q3",
        "feesandcommissionsservicingfees": 1266000000,
        "feesandcommissionsmanagementfees": 527000000,
        "feesandcommissionsforeignexchangetradingservices": 374000000,
        "feesandcommissionssecuritiesfinance": 116000000,
        "feesandcommissionsprocessingfeesandother": 208000000,
        "noninterestincomeother": 125000000,
        "noninterestincome": 2616000000,
        "interestanddividendincomeoperating": 3081000000,
        "interestincomeexpensenet": 723000000,
        "revenues": 3259000000,
        "financingreceivableexcludingaccruedinterestcreditlossexpensereversal": 26000000,
        "laborandrelatedexpense": -2350000000,
        "communicationsandinformationtechnology": 463000000,
        "floorbrokerageexchangeandclearancefees": 255000000,
        "occupancynet": 105000000,
        "amortizationofintangibleassets": 56000000,
        "otherexpenses": 295000000,
        "noninterestexpense": 2308000000,
        "incomelossfromcontinuingoperationsbeforeincometaxesextraordinaryitemsnoncontrollinginterest": 925000000,
        "incometaxexpensebenefit": -294000000,
        "netincomeloss": 730000000,
        "netincomelossavailabletocommonstockholdersbasic": 682000000,
        "netincomelossavailabletocommonstockholdersdiluted": 682000000,
        "earningspersharebasic": 2.2899999999999996,
        "earningspersharediluted": 2.2499999999999996,
        "weightedaveragenumberofsharesoutstandingbasic": 299964000,
        "weightedaveragenumberofdilutedsharesoutstanding": 304176000,
        "commonstockdividendspersharedeclared": 0.7600000000000002,
        "othercomprehensiveincomelossforeigncurrencytransactionandtranslationadjustmentnetoftax": 290000000,
        "othercomprehensiveincomeunrealizedholdinggainlossonsecuritiesarisingduringperiodnetoftax": 352000000,
        "othercomprehensiveincomelosscashflowhedgegainlossafterreclassificationandtax": 47000000,
        "othercomprehensiveincomelossnetoftaxportionattributabletoparent": 689000000,
        "comprehensiveincomenetoftax": 1419000000,
        "othercomprehensiveincomelossforeigncurrencytranslationadjustmenttax": -54000000,
        "othercomprehensiveincomelosschangeinnetunrealizedgainlossonafssecuritiesnetofreclassandexpectedlossfromottirelatedtaxes": 134000000,
        "othercomprehensiveincomelosscashflowhedgegainlossafterreclassificationtax": 19000000
    },
    {
        "date": "2024-06-29",
        "symbol": "STT",
        "period": "Q2",
        "feesandcommissionsservicingfees": 1239000000,
        "feesandcommissionsmanagementfees": 511000000,
        "feesandcommissionsforeignexchangetradingservices": 336000000,
        "feesandcommissionssecuritiesfinance": 108000000,
        "feesandcommissionsprocessingfeesandother": 214000000,
        "noninterestincomeother": 48000000,
        "noninterestincome": 2456000000,
        "interestanddividendincomeoperating": 2998000000,
        "interestincomeexpensenet": 735000000,
        "revenues": 3191000000,
        "financingreceivableexcludingaccruedinterestcreditlossexpensereversal": 10000000,
        "laborandrelatedexpense": 1099000000,
        "communicationsandinformationtechnology": 454000000,
        "floorbrokerageexchangeandclearancefees": 250000000,
        "occupancynet": 106000000,
        "amortizationofintangibleassets": 60000000,
        "otherexpenses": 300000000,
        "noninterestexpense": 2269000000,
        "incomelossfromcontinuingoperationsbeforeincometaxesextraordinaryitemsnoncontrollinginterest": 912000000,
        "incometaxexpensebenefit": 201000000,
        "netincomeloss": 711000000,
        "netincomelossavailabletocommonstockholdersbasic": 655000000,
        "netincomelossavailabletocommonstockholdersdiluted": 655000000,
        "earningspersharebasic": 2.18,
        "earningspersharediluted": 2.15,
        "weightedaveragenumberofsharesoutstandingbasic": 301278000,
        "weightedaveragenumberofdilutedsharesoutstanding": 305354000,
        "commonstockdividendspersharedeclared": 0.69,
        "othercomprehensiveincomelossforeigncurrencytransactionandtranslationadjustmentnetoftax": -8000000,
        "othercomprehensiveincomeunrealizedholdinggainlossonsecuritiesarisingduringperiodnetoftax": 27000000,
        "othercomprehensiveincomelosscashflowhedgegainlossafterreclassificationandtax": 36000000,
        "othercomprehensiveincomelosspensionandotherpostretirementbenefitplansadjustmentnetoftax": 0,
        "othercomprehensiveincomelossnetoftaxportionattributabletoparent": 55000000,
        "comprehensiveincomenetoftax": 766000000,
        "othercomprehensiveincomelossforeigncurrencytranslationadjustmenttax": 16000000,
        "othercomprehensiveincomelosschangeinnetunrealizedgainlossonafssecuritiesnetofreclassandexpectedlossfromottirelatedtaxes": 7000000,
        "othercomprehensiveincomelosscashflowhedgegainlossafterreclassificationtax": 12000000,
        "othercomprehensiveincomelossminimumpensionliabilitynetadjustmenttax": 0
    },
    {
        "date": "2024-03-30",
        "symbol": "STT",
        "period": "Q1",
        "feesandcommissionsservicingfees": 1228000000,
        "feesandcommissionsmanagementfees": 510000000,
        "feesandcommissionsforeignexchangetradingservices": 331000000,
        "feesandcommissionssecuritiesfinance": 96000000,
        "feesandcommissionsprocessingfeesandother": 207000000,
        "noninterestincomeother": 50000000,
        "noninterestincome": 2422000000,
        "interestanddividendincomeoperating": 2889000000,
        "interestexpense": 2173000000,
        "interestincomeexpensenet": 716000000,
        "revenues": 3138000000,
        "financingreceivableexcludingaccruedinterestcreditlossexpensereversal": 27000000,
        "laborandrelatedexpense": 1252000000,
        "communicationsandinformationtechnology": 432000000,
        "floorbrokerageexchangeandclearancefees": 248000000,
        "occupancynet": 103000000,
        "amortizationofintangibleassets": 60000000,
        "otherexpenses": 418000000,
        "noninterestexpense": 2513000000,
        "incomelossfromcontinuingoperationsbeforeincometaxesextraordinaryitemsnoncontrollinginterest": 598000000,
        "incometaxexpensebenefit": 135000000,
        "netincomeloss": 463000000,
        "netincomelossavailabletocommonstockholdersbasic": 418000000,
        "netincomelossavailabletocommonstockholdersdiluted": 418000000,
        "earningspersharebasic": 1.38,
        "earningspersharediluted": 1.37,
        "weightedaveragenumberofsharesoutstandingbasic": 301991000,
        "weightedaveragenumberofdilutedsharesoutstanding": 305943000,
        "commonstockdividendspersharedeclared": 0.69,
        "othercomprehensiveincomelossforeigncurrencytransactionandtranslationadjustmentnetoftax": -107000000,
        "othercomprehensiveincomeunrealizedholdinggainlossonsecuritiesarisingduringperiodnetoftax": 198000000,
        "othercomprehensiveincomelosscashflowhedgegainlossafterreclassificationandtax": -113000000,
        "othercomprehensiveincomelosspensionandotherpostretirementbenefitplansadjustmentnetoftax": -7000000,
        "othercomprehensiveincomelossnetoftaxportionattributabletoparent": -15000000,
        "comprehensiveincomenetoftax": 448000000,
        "othercomprehensiveincomelossforeigncurrencytranslationadjustmenttax": 53000000,
        "othercomprehensiveincomelosschangeinnetunrealizedgainlossonafssecuritiesnetofreclassandexpectedlossfromottirelatedtaxes": 70000000,
        "othercomprehensiveincomelosscashflowhedgegainlossafterreclassificationtax": -41000000,
        "othercomprehensiveincomelossminimumpensionliabilitynetadjustmenttax": 3000000
    },
    {
        "date": "2023-06-29",
        "symbol": "STT",
        "period": "Q2",
        "feesandcommissionsservicingfees": 1259000000,
        "feesandcommissionsmanagementfees": 461000000,
        "feesandcommissionsforeignexchangetradingservices": 624000000,
        "feesandcommissionssecuritiesfinance": 220000000,
        "feesandcommissionsprocessingfeesandother": 221000000,
        "noninterestincomeother": 86000000,
        "noninterestincome": 4253000000,
        "interestanddividendincomeoperating": 2232000000,
        "interestexpense": 1541000000,
        "interestincomeexpensenet": 1453000000,
        "revenues": 4393000000,
        "financingreceivableexcludingaccruedinterestcreditlossexpensereversal": -18000000,
        "laborandrelatedexpense": 2403000000,
        "communicationsandinformationtechnology": 405000000,
        "floorbrokerageexchangeandclearancefees": 235000000,
        "occupancynet": 103000000,
        "amortizationofintangibleassets": 114000000,
        "otherexpenses": 286000000,
        "noninterestexpense": 4576000000,
        "incomelossfromcontinuingoperationsbeforeincometaxesextraordinaryitemsnoncontrollinginterest": 1168000000,
        "incometaxexpensebenefit": 153000000,
        "netincomeloss": 1413000000,
        "netincomelossavailabletocommonstockholdersbasic": 726000000,
        "netincomelossavailabletocommonstockholdersdiluted": 726000000,
        "earningspersharebasic": 2.19,
        "earningspersharediluted": 2.16,
        "weightedaveragenumberofsharesoutstandingbasic": -5894000,
        "weightedaveragenumberofdilutedsharesoutstanding": -5999000,
        "commonstockdividendspersharedeclared": 0.63,
        "othercomprehensiveincomelossforeigncurrencytransactionandtranslationadjustmentnetoftax": 28000000,
        "othercomprehensiveincomeunrealizedholdinggainlossonsecuritiesarisingduringperiodnetoftax": -96000000,
        "othercomprehensiveincomelosscashflowhedgegainlossafterreclassificationandtax": 82000000,
        "othercomprehensiveincomelosspensionandotherpostretirementbenefitplansadjustmentnetoftax": 0,
        "othercomprehensiveincomelossnetoftaxportionattributabletoparent": 495000000,
        "comprehensiveincomenetoftax": 777000000,
        "othercomprehensiveincomelossforeigncurrencytranslationadjustmenttax": 3000000,
        "othercomprehensiveincomelosschangeinnetunrealizedgainlossonafssecuritiesnetofreclassandexpectedlossfromottirelatedtaxes": -38000000,
        "othercomprehensiveincomelosscashflowhedgegainlossafterreclassificationtax": 29000000,
        "othercomprehensiveincomelossminimumpensionliabilitynetadjustmenttax": 0
    },
    {
        "date": "2023-03-30",
        "symbol": "STT",
        "period": "Q1",
        "feesandcommissionsservicingfees": 1217000000,
        "feesandcommissionsmanagementfees": 457000000,
        "feesandcommissionsforeignexchangetradingservices": 21000000,
        "feesandcommissionssecuritiesfinance": 6000000,
        "feesandcommissionsprocessingfeesandother": 165000000,
        "noninterestincomeother": 17000000,
        "noninterestincome": 501000000,
        "interestanddividendincomeoperating": 2027000000,
        "interestexpense": 1261000000,
        "interestincomeexpensenet": 4000000,
        "revenues": 1818000000,
        "financingreceivableexcludingaccruedinterestcreditlossexpensereversal": 44000000,
        "laborandrelatedexpense": 12000000,
        "communicationsandinformationtechnology": 414000000,
        "floorbrokerageexchangeandclearancefees": 239000000,
        "occupancynet": 94000000,
        "amortizationofintangibleassets": 6000000,
        "otherexpenses": 270000000,
        "noninterestexpense": 5000000,
        "incomelossfromcontinuingoperationsbeforeincometaxesextraordinaryitemsnoncontrollinginterest": 436000000,
        "incometaxexpensebenefit": 139000000,
        "netincomeloss": -101000000,
        "netincomelossavailabletocommonstockholdersbasic": 525000000,
        "netincomelossavailabletocommonstockholdersdiluted": 525000000,
        "earningspersharebasic": 1.54,
        "earningspersharediluted": 1.52,
        "weightedaveragenumberofsharesoutstandingbasic": 341106000,
        "weightedaveragenumberofdilutedsharesoutstanding": 345472000,
        "commonstockdividendspersharedeclared": 0.63,
        "othercomprehensiveincomelossforeigncurrencytransactionandtranslationadjustmentnetoftax": 130000000,
        "othercomprehensiveincomeunrealizedholdinggainlossonsecuritiesarisingduringperiodnetoftax": 246000000,
        "othercomprehensiveincomelosscashflowhedgegainlossafterreclassificationandtax": 51000000,
        "othercomprehensiveincomelosspensionandotherpostretirementbenefitplansadjustmentnetoftax": -12000000,
        "othercomprehensiveincomelossnetoftaxportionattributabletoparent": -42000000,
        "comprehensiveincomenetoftax": 988000000,
        "othercomprehensiveincomelossforeigncurrencytranslationadjustmenttax": -12000000,
        "othercomprehensiveincomelosschangeinnetunrealizedgainlossonafssecuritiesnetofreclassandexpectedlossfromottirelatedtaxes": 92000000,
        "othercomprehensiveincomelosscashflowhedgegainlossafterreclassificationtax": 19000000,
        "othercomprehensiveincomelossminimumpensionliabilitynetadjustmenttax": 5000000
    },
    {
        "date": "2022-12-30",
        "symbol": "STT",
        "period": "Q4",
        "feesandcommissionsservicingfees": 1203000000,
        "feesandcommissionsmanagementfees": 457000000,
        "feesandcommissionsforeignexchangetradingservices": -38000000,
        "feesandcommissionssecuritiesfinance": 6000000,
        "feesandcommissionsprocessingfeesandother": 216000000,
        "noninterestincomeother": 18000000,
        "noninterestincome": -1468000000,
        "interestanddividendincomeoperating": 1762000000,
        "interestexpense": 971000000,
        "interestincomeexpensenet": 0,
        "revenues": -3323000000,
        "laborandrelatedexpense": -31000000,
        "communicationsandinformationtechnology": 416000000,
        "floorbrokerageexchangeandclearancefees": 240000000,
        "occupancynet": 106000000,
        "acquisitionandrestructuringcosts": 31000000,
        "amortizationofintangibleassets": 5000000,
        "otherexpenses": -686000000,
        "noninterestexpense": 477000000,
        "incomelossfromcontinuingoperationsbeforeincometaxesextraordinaryitemsnoncontrollinginterest": 590000000,
        "incometaxexpensebenefit": -518000000,
        "netincomeloss": 2787000000,
        "netincomelossavailabletocommonstockholdersdiluted": 696000000,
        "netincomelossavailabletocommonstockholdersbasic": 696000000,
        "earningspersharebasic": 1.9300000000000008,
        "earningspersharediluted": 1.9100000000000004,
        "weightedaveragenumberofsharesoutstandingbasic": -2026000,
        "weightedaveragenumberofdilutedsharesoutstanding": -2085000,
        "commonstockdividendspersharedeclared": 0.6299999999999998,
        "othercomprehensiveincomelossforeigncurrencytransactionandtranslationadjustmentnetoftax": 405000000,
        "othercomprehensiveincomeunrealizedholdinggainlossonsecuritiesarisingduringperiodnetoftax": 716000000,
        "othercomprehensiveincomelosscashflowhedgegainlossafterreclassificationandtax": -7000000,
        "othercomprehensiveincomelosspensionandotherpostretirementbenefitplansadjustmentnetoftax": 31000000,
        "othercomprehensiveincomelossnetoftaxportionattributabletoparent": 1860000000,
        "comprehensiveincomenetoftax": 1290000000,
        "othercomprehensiveincomelossforeigncurrencytranslationadjustmenttax": -117000000,
        "othercomprehensiveincomelosschangeinnetunrealizedgainlossonafssecuritiesnetofreclassandexpectedlossfromottirelatedtaxes": 272000000,
        "othercomprehensiveincomelosscashflowhedgegainlossafterreclassificationtax": 0,
        "othercomprehensiveincomelossminimumpensionliabilitynetadjustmenttax": -9000000
    },
    {
        "date": "2022-09-29",
        "symbol": "STT",
        "period": "Q3",
        "feesandcommissionsservicingfees": 1219000000,
        "feesandcommissionsmanagementfees": 472000000,
        "feesandcommissionsforeignexchangetradingservices": 26000000,
        "feesandcommissionssecuritiesfinance": 5000000,
        "feesandcommissionsprocessingfeesandother": 184000000,
        "noninterestincomeother": -17000000,
        "noninterestincome": 486000000,
        "interestanddividendincomeoperating": 1101000000,
        "interestexpense": 441000000,
        "interestincomeexpensenet": -512000000,
        "otheroperatingincomeexpensenet": 0,
        "revenues": 1770000000,
        "laborandrelatedexpense": 2000000,
        "communicationsandinformationtechnology": 399000000,
        "floorbrokerageexchangeandclearancefees": 227000000,
        "occupancynet": 97000000,
        "acquisitionandrestructuringcosts": 13000000,
        "amortizationofintangibleassets": -50000000,
        "otherexpenses": 274000000,
        "noninterestexpense": 15000000,
        "incomelossfromcontinuingoperationsbeforeincometaxesextraordinaryitemsnoncontrollinginterest": 558000000,
        "incometaxexpensebenefit": 159000000,
        "netincomeloss": -18000000,
        "netincomelossavailabletocommonstockholdersbasic": 669000000,
        "netincomelossavailabletocommonstockholdersdiluted": 669000000,
        "earningspersharebasic": 1.8199999999999996,
        "earningspersharediluted": 1.8,
        "weightedaveragenumberofsharesoutstandingbasic": -366677000,
        "weightedaveragenumberofdilutedsharesoutstanding": -371966000,
        "commonstockdividendspersharedeclared": 0.6300000000000002,
        "othercomprehensiveincomelossforeigncurrencytransactionandtranslationadjustmentnetoftax": -302000000,
        "othercomprehensiveincomeunrealizedholdinggainlossonsecuritiesarisingduringperiodnetoftax": -420000000,
        "othercomprehensiveincomelosssecuritiesavailableforsaledesignatedinfairvaluehedgesunrealizedholdinggainlossarisingduringperiodaftertax": 256000000,
        "othercomprehensiveincomelosscashflowhedgegainlossafterreclassificationandtax": -116000000,
        "othercomprehensiveincomelosspensionandotherpostretirementbenefitplansadjustmentnetoftax": -1000000,
        "othercomprehensiveincomelossnetoftaxportionattributabletoparent": -418000000,
        "comprehensiveincomenetoftax": 109000000,
        "othercomprehensiveincomelossforeigncurrencytranslationadjustmenttax": 101000000,
        "othercomprehensiveincomelosschangeinnetunrealizedgainlossonafssecuritiesnetofreclassandexpectedlossfromottirelatedtaxes": -158000000,
        "othercomprehensiveincomelosschangeinunrealizedgainlossonafssecuritiesdesignatedasfairvaluehedgesrelatedtaxes": 96000000,
        "othercomprehensiveincomelosscashflowhedgegainlossafterreclassificationtax": -44000000,
        "othercomprehensiveincomelossminimumpensionliabilitynetadjustmenttax": 1000000
    },
    {
        "date": "2022-06-29",
        "symbol": "STT",
        "period": "Q2",
        "feesandcommissionsservicingfees": 1297000000,
        "feesandcommissionsmanagementfees": 490000000,
        "feesandcommissionsforeignexchangetradingservices": 18000000,
        "feesandcommissionssecuritiesfinance": 5000000,
        "feesandcommissionsprocessingfeesandother": 188000000,
        "noninterestincomeother": -31000000,
        "noninterestincome": 482000000,
        "interestanddividendincomeoperating": 704000000,
        "interestexpense": 120000000,
        "interestincomeexpensenet": -4000000,
        "debtsecuritiesavailableforsalerealizedgainloss": -1000000,
        "otheroperatingincomeexpensenet": -1000000,
        "revenues": 1617000000,
        "financingreceivableexcludingaccruedinterestcreditlossexpensereversal": 10000000,
        "laborandrelatedexpense": 2000000,
        "communicationsandinformationtechnology": 392000000,
        "floorbrokerageexchangeandclearancefees": 240000000,
        "occupancynet": 96000000,
        "acquisitionandrestructuringcosts": 12000000,
        "amortizationofintangibleassets": 60000000,
        "otherexpenses": 262000000,
        "noninterestexpense": 14000000,
        "incomelossfromcontinuingoperationsbeforeincometaxesextraordinaryitemsnoncontrollinginterest": 428000000,
        "incometaxexpensebenefit": 88000000,
        "netincomeloss": 4000000,
        "netincomelossavailabletocommonstockholdersbasic": 712000000,
        "netincomelossavailabletocommonstockholdersdiluted": 712000000,
        "earningspersharebasic": 1.94,
        "earningspersharediluted": 1.91,
        "weightedaveragenumberofsharesoutstandingbasic": 367375000,
        "weightedaveragenumberofdilutedsharesoutstanding": 372123000,
        "commonstockdividendspersharedeclared": 0.57,
        "othercomprehensiveincomelossforeigncurrencytransactionandtranslationadjustmentnetoftax": -446000000,
        "othercomprehensiveincomeunrealizedholdinggainlossonsecuritiesarisingduringperiodnetoftax": -618000000,
        "othercomprehensiveincomelosssecuritiesavailableforsaledesignatedinfairvaluehedgesunrealizedholdinggainlossarisingduringperiodaftertax": 113000000,
        "othercomprehensiveincomelosscashflowhedgegainlossafterreclassificationandtax": -40000000,
        "othercomprehensiveincomelosspensionandotherpostretirementbenefitplansadjustmentnetoftax": -2000000,
        "othercomprehensiveincomelossnetoftaxportionattributabletoparent": -989000000,
        "comprehensiveincomenetoftax": -242000000,
        "othercomprehensiveincomelossforeigncurrencytranslationadjustmenttax": 53000000,
        "othercomprehensiveincomelosschangeinnetunrealizedgainlossonafssecuritiesnetofreclassandexpectedlossfromottirelatedtaxes": -233000000,
        "othercomprehensiveincomelosschangeinunrealizedgainlossonafssecuritiesdesignatedasfairvaluehedgesrelatedtaxes": 42000000,
        "othercomprehensiveincomelosscashflowhedgegainlossafterreclassificationtax": -17000000,
        "othercomprehensiveincomelossminimumpensionliabilitynetadjustmenttax": 1000000
    },
    {
        "date": "2022-03-30",
        "symbol": "STT",
        "period": "Q1",
        "feesandcommissionsservicingfees": 1368000000,
        "feesandcommissionsmanagementfees": 520000000,
        "feesandcommissionsforeignexchangetradingservices": 17000000,
        "feesandcommissionssecuritiesfinance": 3000000,
        "feesandcommissionsprocessingfeesandother": 201000000,
        "noninterestincomeother": -17000000,
        "noninterestincome": 523000000,
        "interestanddividendincomeoperating": 521000000,
        "interestexpense": 12000000,
        "interestincomeexpensenet": 509000000,
        "debtsecuritiesavailableforsalerealizedgainlossexcludingotherthantemporaryimpairment": -1000000,
        "otheroperatingincomeexpensenet": -1000000,
        "revenues": 1703000000,
        "laborandrelatedexpense": 15000000,
        "communicationsandinformationtechnology": 423000000,
        "floorbrokerageexchangeandclearancefees": 264000000,
        "occupancynet": 95000000,
        "acquisitionandrestructuringcosts": 9000000,
        "amortizationofintangibleassets": 6000000,
        "otherexpenses": 243000000,
        "noninterestexpense": 13000000,
        "incomelossfromcontinuingoperationsbeforeincometaxesextraordinaryitemsnoncontrollinginterest": 393000000,
        "incometaxexpensebenefit": 150000000,
        "netincomeloss": 1000000,
        "netincomelossavailabletocommonstockholdersbasic": 583000000,
        "netincomelossavailabletocommonstockholdersdiluted": 583000000,
        "earningspersharebasic": 1.59,
        "earningspersharediluted": 1.57,
        "weightedaveragenumberofsharesoutstandingbasic": 366542000,
        "weightedaveragenumberofdilutedsharesoutstanding": 372037000,
        "commonstockdividendspersharedeclared": 0.57,
        "othercomprehensiveincomelossforeigncurrencytransactionandtranslationadjustmentnetoftax": -98000000,
        "othercomprehensiveincomeunrealizedholdinggainlossonsecuritiesarisingduringperiodnetoftax": -1445000000,
        "othercomprehensiveincomelosssecuritiesavailableforsaledesignatedinfairvaluehedgesunrealizedholdinggainlossarisingduringperiodaftertax": 157000000,
        "othercomprehensiveincomelosscashflowhedgegainlossafterreclassificationandtax": -194000000,
        "othercomprehensiveincomelosspensionandotherpostretirementbenefitplansadjustmentnetoftax": -15000000,
        "othercomprehensiveincomelossnetoftaxportionattributabletoparent": -162000000,
        "comprehensiveincomenetoftax": -961000000,
        "othercomprehensiveincomelossforeigncurrencytranslationadjustmenttax": 10000000,
        "othercomprehensiveincomelosschangeinnetunrealizedgainlossonafssecuritiesnetofreclassandexpectedlossfromottirelatedtaxes": -531000000,
        "othercomprehensiveincomelosschangeinunrealizedgainlossonafssecuritiesdesignatedasfairvaluehedgesrelatedtaxes": 57000000,
        "othercomprehensiveincomelosscashflowhedgegainlossafterreclassificationtax": -72000000,
        "othercomprehensiveincomelossminimumpensionliabilitynetadjustmenttax": 6000000
    },
    {
        "date": "2021-12-30",
        "symbol": "STT",
        "period": "Q4",
        "feesandcommissionsservicingfees": 1384000000,
        "feesandcommissionsmanagementfees": 530000000,
        "feesandcommissionsforeignexchangetradingservices": 20000000,
        "feesandcommissionssecuritiesfinance": 4000000,
        "feesandcommissionsprocessingfeesandother": 1000000,
        "noninterestincome": 555000000,
        "interestanddividendincomeoperating": 483000000,
        "interestincomeexpensenet": -3000000,
        "revenues": -4768000000,
        "provisionforloanandleaselosses": -7000000,
        "laborandrelatedexpense": 35000000,
        "communicationsandinformationtechnology": 436000000,
        "floorbrokerageexchangeandclearancefees": 238000000,
        "occupancynet": 133000000,
        "acquisitionandrestructuringcosts": 26000000,
        "amortizationofintangibleassets": 6000000,
        "otherexpenses": -327000000,
        "noninterestexpense": 466000000,
        "incometaxexpensebenefit": -598000000,
        "netincomeloss": 2654000000,
        "netincomelossavailabletocommonstockholdersbasic": 662000000,
        "earningspersharebasic": 1.8099999999999994,
        "earningspersharediluted": 1.7900000000000005,
        "weightedaveragenumberofsharesoutstandingbasic": 4459000,
        "weightedaveragenumberofdilutedsharesoutstanding": 4586000,
        "commonstockdividendspersharedeclared": 0.5700000000000001,
        "othercomprehensiveincomelossforeigncurrencytransactionandtranslationadjustmentnetoftax": -106000000,
        "othercomprehensiveincomeunrealizedholdinggainlossonsecuritiesarisingduringperiodnetoftax": -345000000,
        "othercomprehensiveincomelosssecuritiesavailableforsaledesignatedinfairvaluehedgesunrealizedholdinggainlossarisingduringperiodaftertax": 7000000,
        "othercomprehensiveincomelosspensionandotherpostretirementbenefitplansadjustmentnetoftax": -36000000,
        "othercomprehensiveincomelossnetoftaxportionattributabletoparent": -156000000,
        "comprehensiveincomenetoftax": 246000000,
        "othercomprehensiveincomelossforeigncurrencytranslationadjustmenttax": 23000000,
        "othercomprehensiveincomelosschangeinnetunrealizedgainlossonafssecuritiesnetofreclassandexpectedlossfromottirelatedtaxes": -130000000,
        "othercomprehensiveincomelosschangeinunrealizedgainlossonafssecuritiesdesignatedasfairvaluehedgesrelatedtaxes": 3000000,
        "othercomprehensiveincomelossminimumpensionliabilitynetadjustmenttax": 11000000
    },
    {
        "date": "2021-09-29",
        "symbol": "STT",
        "period": "Q3",
        "feesandcommissionsservicingfees": 1395000000,
        "feesandcommissionsmanagementfees": 526000000,
        "feesandcommissionsforeignexchangetradingservices": 13000000,
        "feesandcommissionssecuritiesfinance": 3000000,
        "feesandcommissionsprocessingfeesandother": -6000000,
        "noninterestincome": 536000000,
        "interestanddividendincomeoperating": 487000000,
        "interestincomeexpensenet": -4000000,
        "revenues": 1658000000,
        "provisionforloanandleaselosses": -2000000,
        "laborandrelatedexpense": 2000000,
        "communicationsandinformationtechnology": 406000000,
        "floorbrokerageexchangeandclearancefees": 253000000,
        "occupancynet": 102000000,
        "acquisitionandrestructuringcosts": 18000000,
        "amortizationofintangibleassets": 5000000,
        "otherexpenses": 221000000,
        "noninterestexpense": 22000000,
        "incometaxexpensebenefit": 162000000,
        "netincomeloss": -4000000,
        "netincomelossavailabletocommonstockholdersbasic": 693000000,
        "earningspersharebasic": 1.9999999999999998,
        "earningspersharediluted": 1.9600000000000004,
        "weightedaveragenumberofsharesoutstandingbasic": -197000,
        "weightedaveragenumberofdilutedsharesoutstanding": -58000,
        "commonstockdividendspersharedeclared": 0.5700000000000001,
        "othercomprehensiveincomelossforeigncurrencytransactionandtranslationadjustmentnetoftax": -156000000,
        "othercomprehensiveincomeunrealizedholdinggainlossonsecuritiesarisingduringperiodnetoftax": -107000000,
        "othercomprehensiveincomelosssecuritiesavailableforsaledesignatedinfairvaluehedgesunrealizedholdinggainlossarisingduringperiodaftertax": 13000000,
        "othercomprehensiveincomelosspensionandotherpostretirementbenefitplansadjustmentnetoftax": -2000000,
        "othercomprehensiveincomelossnetoftaxportionattributabletoparent": -267000000,
        "comprehensiveincomenetoftax": 454000000,
        "othercomprehensiveincomelossforeigncurrencytranslationadjustmenttax": 18000000,
        "othercomprehensiveincomelosschangeinnetunrealizedgainlossonafssecuritiesnetofreclassandexpectedlossfromottirelatedtaxes": -39000000,
        "othercomprehensiveincomelosschangeinunrealizedgainlossonafssecuritiesdesignatedasfairvaluehedgesrelatedtaxes": 4000000,
        "othercomprehensiveincomelossminimumpensionliabilitynetadjustmenttax": 1000000
    },
    {
        "date": "2021-06-29",
        "symbol": "STT",
        "period": "Q2",
        "feesandcommissionsservicingfees": 1399000000,
        "feesandcommissionsmanagementfees": 504000000,
        "feesandcommissionsforeignexchangetradingservices": 286000000,
        "feesandcommissionssecuritiesfinance": 109000000,
        "feesandcommissionsprocessingfeesandother": 216000000,
        "noninterestincome": 2514000000,
        "interestanddividendincomeoperating": 467000000,
        "interestexpense": 0,
        "interestincomeexpensenet": 467000000,
        "revenues": 3034000000,
        "provisionforloanandleaselosses": -15000000,
        "laborandrelatedexpense": 1077000000,
        "communicationsandinformationtechnology": 398000000,
        "floorbrokerageexchangeandclearancefees": 263000000,
        "occupancynet": 100000000,
        "acquisitionandrestructuringcosts": 11000000,
        "amortizationofintangibleassets": 63000000,
        "otherexpenses": 199000000,
        "noninterestexpense": 2111000000,
        "incomelossfromcontinuingoperationsbeforeincometaxesminorityinterestandincomelossfromequitymethodinvestments": 938000000,
        "incometaxexpensebenefit": 175000000,
        "netincomeloss": 763000000,
        "netincomelossavailabletocommonstockholdersbasic": 728000000,
        "earningspersharebasic": 2.1000000000000005,
        "earningspersharediluted": 2.07,
        "weightedaveragenumberofsharesoutstandingbasic": -2440000,
        "weightedaveragenumberofdilutedsharesoutstanding": -2256000,
        "commonstockdividendspersharedeclared": 0.52,
        "othercomprehensiveincomelossforeigncurrencytransactionandtranslationadjustmentnetoftax": 49000000,
        "othercomprehensiveincomeunrealizedholdinggainlossonsecuritiesarisingduringperiodnetoftax": -35000000,
        "othercomprehensiveincomelosssecuritiesavailableforsaledesignatedinfairvaluehedgesunrealizedholdinggainlossarisingduringperiodaftertax": -16000000,
        "othercomprehensiveincomelosspensionandotherpostretirementbenefitplansadjustmentnetoftax": -2000000,
        "othercomprehensiveincomelossnetoftaxportionattributabletoparent": -4000000,
        "comprehensiveincomenetoftax": 759000000,
        "othercomprehensiveincomelossforeigncurrencytranslationadjustmenttax": -8000000,
        "othercomprehensiveincomelosschangeinnetunrealizedgainlossonafssecuritiesnetofreclassandexpectedlossfromottirelatedtaxes": -14000000,
        "othercomprehensiveincomelosschangeinunrealizedgainlossonafssecuritiesdesignatedasfairvaluehedgesrelatedtaxes": -5000000,
        "othercomprehensiveincomelossminimumpensionliabilitynetadjustmenttax": 1000000
    },
    {
        "date": "2021-03-30",
        "symbol": "STT",
        "period": "Q1",
        "feesandcommissionsservicingfees": 1371000000,
        "feesandcommissionsmanagementfees": 493000000,
        "feesandcommissionsforeignexchangetradingservices": 346000000,
        "feesandcommissionssecuritiesfinance": 99000000,
        "feesandcommissionsprocessingfeesandother": 174000000,
        "noninterestincome": 2483000000,
        "interestanddividendincomeoperating": 471000000,
        "interestexpense": 4000000,
        "interestincomeexpensenet": 467000000,
        "revenues": 2950000000,
        "provisionforloanandleaselosses": -9000000,
        "laborandrelatedexpense": 1242000000,
        "communicationsandinformationtechnology": 421000000,
        "floorbrokerageexchangeandclearancefees": 270000000,
        "occupancynet": 109000000,
        "acquisitionandrestructuringcosts": 10000000,
        "amortizationofintangibleassets": 58000000,
        "otherexpenses": 222000000,
        "noninterestexpense": 2332000000,
        "incomelossfromcontinuingoperationsbeforeincometaxesminorityinterestandincomelossfromequitymethodinvestments": 627000000,
        "incometaxexpensebenefit": 108000000,
        "netincomeloss": 519000000,
        "netincomelossavailabletocommonstockholdersbasic": 489000000,
        "earningspersharebasic": 1.39,
        "earningspersharediluted": 1.37,
        "weightedaveragenumberofsharesoutstandingbasic": 350743000,
        "weightedaveragenumberofdilutedsharesoutstanding": 355690000,
        "commonstockdividendspersharedeclared": 0.52,
        "othercomprehensiveincomelossforeigncurrencytransactionandtranslationadjustmentnetoftax": -200000000,
        "othercomprehensiveincomeunrealizedholdinggainlossonsecuritiesarisingduringperiodnetoftax": -425000000,
        "othercomprehensiveincomelosssecuritiesavailableforsaledesignatedinfairvaluehedgesunrealizedholdinggainlossarisingduringperiodaftertax": 12000000,
        "othercomprehensiveincomelosspensionandotherpostretirementbenefitplansadjustmentnetoftax": -8000000,
        "othercomprehensiveincomelossnetoftaxportionattributabletoparent": -605000000,
        "comprehensiveincomenetoftax": -86000000,
        "othercomprehensiveincomelossforeigncurrencytranslationadjustmenttax": 53000000,
        "othercomprehensiveincomelosschangeinnetunrealizedgainlossonafssecuritiesnetofreclassandexpectedlossfromottirelatedtaxes": -161000000,
        "othercomprehensiveincomelosschangeinunrealizedgainlossonafssecuritiesdesignatedasfairvaluehedgesrelatedtaxes": 4000000,
        "othercomprehensiveincomelossminimumpensionliabilitynetadjustmenttax": 3000000
    },
    {
        "date": "2020-12-30",
        "symbol": "STT",
        "period": "Q4",
        "feesandcommissionsservicingfees": 1307000000,
        "feesandcommissionsmanagementfees": 551000000,
        "feesandcommissionsforeignexchangetradingservices": 266000000,
        "feesandcommissionssecuritiesfinance": 88000000,
        "feesandcommissionsprocessingfeesandother": 204000000,
        "interestanddividendincomeoperating": 513000000,
        "interestexpense": 14000000,
        "interestincomeexpensenet": 499000000,
        "revenues": 2917000000,
        "laborandrelatedexpense": 1129000000,
        "communicationsandinformationtechnology": 394000000,
        "floorbrokerageexchangeandclearancefees": 257000000,
        "occupancynet": 162000000,
        "acquisitionandrestructuringcosts": 12000000,
        "amortizationofintangibleassets": 59000000,
        "otherexpenses": 263000000,
        "noninterestexpense": 2276000000,
        "incomelossfromcontinuingoperationsbeforeincometaxesminorityinterestandincomelossfromequitymethodinvestments": 641000000,
        "incometaxexpensebenefit": 104000000,
        "netincomeloss": 537000000,
        "netincomelossavailabletocommonstockholdersbasic": 498000000,
        "earningspersharebasic": 1.41,
        "earningspersharediluted": 1.390000000000001,
        "weightedaveragenumberofsharesoutstandingbasic": 36000,
        "weightedaveragenumberofdilutedsharesoutstanding": 135000,
        "commonstockdividendspersharedeclared": 0.52,
        "othercomprehensiveincomelossforeigncurrencytransactionandtranslationadjustmentnetoftax": 353000000,
        "othercomprehensiveincomeunrealizedholdinggainlossonsecuritiesarisingduringperiodnetoftax": -27000000,
        "othercomprehensiveincomelosscashflowhedgegainlossafterreclassificationandtax": -25000000,
        "othercomprehensiveincomelosspensionandotherpostretirementbenefitplansadjustmentnetoftax": 6000000,
        "othercomprehensiveincomelossnetoftaxportionattributabletoparent": 298000000,
        "comprehensiveincomenetoftax": 835000000,
        "othercomprehensiveincomelossforeigncurrencytranslationadjustmenttax": -20000000,
        "othercomprehensiveincomelosschangeinnetunrealizedgainlossonafssecuritiesnetofreclassandexpectedlossfromottirelatedtaxes": -6000000,
        "othercomprehensiveincomelosscashflowhedgegainlossafterreclassificationtax": -9000000
    },
    {
        "date": "2020-09-29",
        "symbol": "STT",
        "period": "Q3",
        "feesandcommissionsservicingfees": 1301000000,
        "feesandcommissionsmanagementfees": 455000000,
        "feesandcommissionsforeignexchangetradingservices": 294000000,
        "feesandcommissionssecuritiesfinance": 84000000,
        "feesandcommissionsprocessingfeesandother": 172000000,
        "feerevenues": 2306000000,
        "interestanddividendincomeoperating": 520000000,
        "interestexpense": 42000000,
        "interestincomeexpensenet": 478000000,
        "revenues": 2784000000,
        "provisionforloanlossesexpensed": 0,
        "laborandrelatedexpense": 1062000000,
        "communicationsandinformationtechnology": 395000000,
        "floorbrokerageexchangeandclearancefees": 234000000,
        "occupancynet": 109000000,
        "acquisitionandrestructuringcosts": 15000000,
        "amortizationofintangibleassets": 59000000,
        "otherexpenses": 229000000,
        "noninterestexpense": 2103000000,
        "incomelossfromcontinuingoperationsbeforeincometaxesminorityinterestandincomelossfromequitymethodinvestments": 681000000,
        "incometaxexpensebenefit": 126000000,
        "netincomeloss": 555000000,
        "netincomelossavailabletocommonstockholdersbasic": 517000000,
        "earningspersharebasic": 1.4700000000000004,
        "earningspersharediluted": 1.4499999999999997,
        "weightedaveragenumberofsharesoutstandingbasic": -123000,
        "weightedaveragenumberofdilutedsharesoutstanding": -57000,
        "commonstockdividendspersharedeclared": 0.52,
        "othercomprehensiveincomelossforeigncurrencytransactionandtranslationadjustmentnetoftax": 283000000,
        "othercomprehensiveincomeunrealizedholdinggainlossonsecuritiesarisingduringperiodnetoftax": 2000000,
        "othercomprehensiveincomelosscashflowhedgegainlossafterreclassificationandtax": 29000000,
        "othercomprehensiveincomelosspensionandotherpostretirementbenefitplansadjustmentnetoftax": -1000000,
        "othercomprehensiveincomelossnetoftaxportionattributabletoparent": 319000000,
        "comprehensiveincomenetoftax": 874000000,
        "othercomprehensiveincomelossforeigncurrencytranslationadjustmenttax": -14000000,
        "othercomprehensiveincomelosschangeinnetunrealizedgainlossonafssecuritiesnetofreclassandexpectedlossfromottirelatedtaxes": 4000000,
        "othercomprehensiveincomelosscashflowhedgegainlossafterreclassificationtax": 8000000,
        "othercomprehensiveincomelossminimumpensionliabilitynetadjustmenttax": 0
    },
    {
        "date": "2020-06-29",
        "symbol": "STT",
        "period": "Q2",
        "netincomeloss": 694000000,
        "othercomprehensiveincomelossforeigncurrencytransactionandtranslationadjustmentnetoftax": 152000000,
        "othercomprehensiveincomeunrealizedholdinggainlossonsecuritiesarisingduringperiodnetoftax": 327000000,
        "othercomprehensiveincomelosssecuritiesavailableforsaledesignatedinfairvaluehedgesunrealizedholdinggainlossarisingduringperiodaftertax": 3000000,
        "othercomprehensiveincomelosscashflowhedgegainlossafterreclassificationandtax": 6000000,
        "othercomprehensiveincomelosspensionandotherpostretirementbenefitplansadjustmentnetoftax": -2000000,
        "othercomprehensiveincomelossnetoftaxportionattributabletoparent": 490000000,
        "comprehensiveincomenetoftax": 1184000000,
        "othercomprehensiveincomelossforeigncurrencytranslationadjustmenttax": 4000000,
        "othercomprehensiveincomelosschangeinnetunrealizedgainlossonafssecuritiesnetofreclassandexpectedlossfromottirelatedtaxes": 132000000,
        "othercomprehensiveincomelosschangeinunrealizedgainlossonafssecuritiesdesignatedasfairvaluehedgesrelatedtaxes": 1000000,
        "othercomprehensiveincomelosscashflowhedgegainlossafterreclassificationtax": 3000000,
        "othercomprehensiveincomelossminimumpensionliabilitynetadjustmenttax": 1000000,
        "feesandcommissionsservicingfees": 1272000000,
        "feesandcommissionsmanagementfees": 425000000,
        "feesandcommissionsforeignexchangetradingservices": 344000000,
        "feesandcommissionssecuritiesfinance": 92000000,
        "feesandcommissionsprocessingfeesandother": 245000000,
        "feerevenues": 2378000000,
        "interestanddividendincomeoperating": 674000000,
        "interestexpense": 115000000,
        "interestincomeexpensenet": 559000000,
        "debtsecuritiesavailableforsalerealizedgainlossexcludingotherthantemporaryimpairment": 0,
        "noninterestincome": 0,
        "revenues": 2937000000,
        "provisionforloanlossesexpensed": 52000000,
        "laborandrelatedexpense": 1051000000,
        "communicationsandinformationtechnology": 376000000,
        "floorbrokerageexchangeandclearancefees": 233000000,
        "occupancynet": 109000000,
        "acquisitionandrestructuringcosts": 12000000,
        "amortizationofintangibleassets": 58000000,
        "otherexpenses": 243000000,
        "noninterestexpense": 2082000000,
        "incomelossfromcontinuingoperationsbeforeincometaxesminorityinterestandincomelossfromequitymethodinvestments": 803000000,
        "incometaxexpensebenefit": 109000000,
        "netincomelossavailabletocommonstockholdersbasic": 662000000,
        "earningspersharebasic": 1.8800000000000001,
        "earningspersharediluted": 1.8599999999999999,
        "weightedaveragenumberofsharesoutstandingbasic": -794000,
        "weightedaveragenumberofdilutedsharesoutstanding": -965000,
        "commonstockdividendspersharedeclared": 0.52
    },
    {
        "date": "2020-03-30",
        "symbol": "STT",
        "period": "Q1",
        "netincomeloss": 634000000,
        "othercomprehensiveincomelossforeigncurrencytransactionandtranslationadjustmentnetoftax": -300000000,
        "othercomprehensiveincomeunrealizedholdinggainlossonsecuritiesarisingduringperiodnetoftax": 134000000,
        "othercomprehensiveincomelosssecuritiesavailableforsaledesignatedinfairvaluehedgesunrealizedholdinggainlossarisingduringperiodaftertax": -7000000,
        "othercomprehensiveincomelosscashflowhedgegainlossafterreclassificationandtax": 117000000,
        "othercomprehensiveincomelosspensionandotherpostretirementbenefitplansadjustmentnetoftax": -12000000,
        "othercomprehensiveincomelossnetoftaxportionattributabletoparent": -44000000,
        "comprehensiveincomenetoftax": 590000000,
        "othercomprehensiveincomelossforeigncurrencytranslationadjustmenttax": -10000000,
        "othercomprehensiveincomelosschangeinnetunrealizedgainlossonafssecuritiesnetofreclassandexpectedlossfromottirelatedtaxes": 35000000,
        "othercomprehensiveincomelosschangeinunrealizedgainlossonafssecuritiesdesignatedasfairvaluehedgesrelatedtaxes": -3000000,
        "othercomprehensiveincomelosscashflowhedgegainlossafterreclassificationtax": 44000000,
        "othercomprehensiveincomelossminimumpensionliabilitynetadjustmenttax": 4000000,
        "feesandcommissionsservicingfees": 1287000000,
        "feesandcommissionsmanagementfees": 449000000,
        "feesandcommissionsforeignexchangetradingservices": 459000000,
        "feesandcommissionssecuritiesfinance": 92000000,
        "feesandcommissionsprocessingfeesandother": 112000000,
        "feerevenues": 2399000000,
        "interestanddividendincomeoperating": 868000000,
        "interestexpense": 204000000,
        "interestincomeexpensenet": 664000000,
        "debtsecuritiesavailableforsalerealizedgainlossexcludingotherthantemporaryimpairment": 2000000,
        "noninterestincome": 2000000,
        "revenues": 3065000000,
        "provisionforloanlossesexpensed": 36000000,
        "laborandrelatedexpense": 1208000000,
        "communicationsandinformationtechnology": 385000000,
        "floorbrokerageexchangeandclearancefees": 254000000,
        "occupancynet": 109000000,
        "acquisitionandrestructuringcosts": 11000000,
        "amortizationofintangibleassets": 58000000,
        "otherexpenses": 230000000,
        "noninterestexpense": 2255000000,
        "incomelossfromcontinuingoperationsbeforeincometaxesminorityinterestandincomelossfromequitymethodinvestments": 774000000,
        "incometaxexpensebenefit": 140000000,
        "netincomelossavailabletocommonstockholdersbasic": 580000000,
        "earningspersharebasic": 1.64,
        "earningspersharediluted": 1.62,
        "weightedaveragenumberofsharesoutstandingbasic": 353746000,
        "weightedaveragenumberofdilutedsharesoutstanding": 357993000,
        "commonstockdividendspersharedeclared": 0.52
    },
    {
        "date": "2019-12-30",
        "symbol": "STT",
        "period": "Q4",
        "netincomeloss": 47000000,
        "othercomprehensiveincomelossforeigncurrencytransactionandtranslationadjustmentnetoftax": 239000000,
        "othercomprehensiveincomeunrealizedholdinggainlossonsecuritiesarisingduringperiodnetoftax": -120000000,
        "othercomprehensiveincomelosssecuritiesavailableforsaledesignatedinfairvaluehedgesunrealizedholdinggainlossarisingduringperiodaftertax": 5000000,
        "othercomprehensiveincomelosscashflowhedgegainlossafterreclassificationandtax": -7000000,
        "comprehensiveincomenetoftax": 673000000,
        "othercomprehensiveincomelossforeigncurrencytranslationadjustmenttax": 57000000,
        "othercomprehensiveincomelosschangeinnetunrealizedgainlossonafssecuritiesnetofreclassandexpectedlossfromottirelatedtaxes": -51000000,
        "othercomprehensiveincomelosschangeinunrealizedgainlossonafssecuritiesdesignatedasfairvaluehedgesrelatedtaxes": 2000000,
        "feesandcommissionsservicingfees": 1299000000,
        "feesandcommissionsmanagementfees": 465000000,
        "feesandcommissionsforeignexchangetradingservices": 274000000,
        "feesandcommissionssecuritiesfinance": 111000000,
        "feesandcommissionsprocessingfeesandother": 219000000,
        "noninterestincome": 2368000000,
        "interestanddividendincomeoperating": 906000000,
        "interestexpense": 270000000,
        "interestincomeexpensenet": 636000000,
        "revenues": 1817000000,
        "provisionforloanandleaselosses": 3000000,
        "laborandrelatedexpense": -92000000,
        "communicationsandinformationtechnology": 362000000,
        "floorbrokerageexchangeandclearancefees": 242000000,
        "occupancynet": 126000000,
        "acquisitionandrestructuringcosts": 29000000,
        "amortizationofintangibleassets": 5000000,
        "otherexpenses": 445000000,
        "noninterestexpense": 137000000,
        "incomelossfromcontinuingoperationsbeforeincometaxesminorityinterestandincomelossfromequitymethodinvestments": 389000000,
        "incometaxexpensebenefit": -31000000,
        "netincomelossavailabletocommonstockholdersbasic": 492000000,
        "earningspersharebasic": 1.3599999999999997,
        "earningspersharediluted": 1.3499999999999994,
        "weightedaveragenumberofsharesoutstandingbasic": -2855000,
        "weightedaveragenumberofdilutedsharesoutstanding": -2695000,
        "commonstockdividendspersharedeclared": 0.52
    },
    {
        "date": "2019-09-29",
        "symbol": "STT",
        "period": "Q3",
        "netincomeloss": 583000000,
        "othercomprehensiveincomelossforeigncurrencytransactionandtranslationadjustmentnetoftax": -264000000,
        "othercomprehensiveincomeunrealizedholdinggainlossonsecuritiesarisingduringperiodnetoftax": 136000000,
        "othercomprehensiveincomelosssecuritiesavailableforsaledesignatedinfairvaluehedgesunrealizedholdinggainlossarisingduringperiodaftertax": 10000000,
        "othercomprehensiveincomelosscashflowhedgegainlossafterreclassificationandtax": 7000000,
        "othercomprehensiveincomelossnetoftax": -111000000,
        "comprehensiveincomenetoftax": 472000000,
        "othercomprehensiveincomelossforeigncurrencytranslationadjustmenttax": -62000000,
        "othercomprehensiveincomelosschangeinnetunrealizedgainlossonafssecuritiesnetofreclassandexpectedlossfromottirelatedtaxes": 53000000,
        "othercomprehensiveincomelosschangeinunrealizedgainlossonafssecuritiesdesignatedasfairvaluehedgesrelatedtaxes": 3000000,
        "othercomprehensiveincomelossexpectedlossesfromottionhtmsecuritiesnotfromcreditrelatedtaxes": 0,
        "feesandcommissionsservicingfees": 1272000000,
        "feesandcommissionsmanagementfees": 445000000,
        "feesandcommissionsforeignexchangetradingservices": 284000000,
        "feesandcommissionssecuritiesfinance": 116000000,
        "feesandcommissionsprocessingfeesandother": 142000000,
        "noninterestincome": 2259000000,
        "interestanddividendincomeoperating": 1001000000,
        "interestexpense": 357000000,
        "interestincomeexpensenet": 644000000,
        "revenues": 2903000000,
        "provisionforloanandleaselosses": 2000000,
        "laborandrelatedexpense": 1083000000,
        "communicationsandinformationtechnology": 376000000,
        "floorbrokerageexchangeandclearancefees": 254000000,
        "occupancynet": 113000000,
        "acquisitionandrestructuringcosts": 27000000,
        "amortizationofintangibleassets": 59000000,
        "otherexpenses": 268000000,
        "noninterestexpense": 2180000000,
        "incomelossfromcontinuingoperationsbeforeincometaxesminorityinterestandincomelossfromequitymethodinvestments": 721000000,
        "incometaxexpensebenefit": 138000000,
        "netincomelossavailabletocommonstockholdersbasic": 528000000,
        "earningspersharebasic": 1.4400000000000006,
        "earningspersharediluted": 1.4200000000000006,
        "weightedaveragenumberofsharesoutstandingbasic": -3066000,
        "weightedaveragenumberofdilutedsharesoutstanding": -3104000,
        "commonstockdividendspersharedeclared": 0.52
    },
    {
        "date": "2019-06-29",
        "symbol": "STT",
        "period": "Q2",
        "netincomeloss": 587000000,
        "othercomprehensiveincomelossforeigncurrencytransactionandtranslationadjustmentnetoftax": 42000000,
        "othercomprehensiveincomeunrealizedholdinggainlossonsecuritiesarisingduringperiodnetoftax": 257000000,
        "othercomprehensiveincomelosssecuritiesavailableforsaledesignatedinfairvaluehedgesunrealizedholdinggainlossarisingduringperiodaftertax": 5000000,
        "othercomprehensiveincomelosscashflowhedgegainlossafterreclassificationandtax": 1000000,
        "othercomprehensiveincomelosspensionandotherpostretirementbenefitplansadjustmentnetoftax": 0,
        "othercomprehensiveincomelossnetoftax": 306000000,
        "comprehensiveincomenetoftax": 893000000,
        "othercomprehensiveincomelossforeigncurrencytranslationadjustmenttax": 10000000,
        "othercomprehensiveincomelosschangeinnetunrealizedgainlossonafssecuritiesnetofreclassandexpectedlossfromottirelatedtaxes": 102000000,
        "othercomprehensiveincomelosschangeinunrealizedgainlossonafssecuritiesdesignatedasfairvaluehedgesrelatedtaxes": 2000000,
        "othercomprehensiveincomelossexpectedlossesfromottionhtmsecuritiesnotfromcreditrelatedtaxes": 2000000,
        "othercomprehensiveincomelosscashflowhedgegainlossafterreclassificationtax": 0,
        "othercomprehensiveincomelossminimumpensionliabilitynetadjustmenttax": 0,
        "feesandcommissionsservicingfees": 1252000000,
        "feesandcommissionsmanagementfees": 441000000,
        "feesandcommissionsforeignexchangetradingservices": 273000000,
        "feesandcommissionssecuritiesfinance": 126000000,
        "feesandcommissionsprocessingfeesandother": 168000000,
        "noninterestincome": 2260000000,
        "interestanddividendincomeoperating": 1007000000,
        "interestexpense": 394000000,
        "interestincomeexpensenet": 613000000,
        "otherthantemporaryimpairmentlossdebtsecuritiesportionrecognizedinearnings": 0,
        "marketablesecuritiesgainloss": 0,
        "revenues": 2873000000,
        "provisionforloanandleaselosses": 1000000,
        "laborandrelatedexpense": 1084000000,
        "communicationsandinformationtechnology": 365000000,
        "floorbrokerageexchangeandclearancefees": 245000000,
        "occupancynet": 115000000,
        "acquisitionandrestructuringcosts": 12000000,
        "amortizationofintangibleassets": 59000000,
        "otherexpenses": 274000000,
        "noninterestexpense": 2154000000,
        "incomelossfromcontinuingoperationsbeforeincometaxesminorityinterestandincomelossfromequitymethodinvestments": 718000000,
        "incometaxexpensebenefit": 131000000,
        "netincomelossavailabletocommonstockholdersbasic": 537000000,
        "earningspersharebasic": 1.43,
        "earningspersharediluted": 1.43,
        "weightedaveragenumberofsharesoutstandingbasic": -2083000,
        "weightedaveragenumberofdilutedsharesoutstanding": -2238000,
        "commonstockdividendspersharedeclared": 0.47
    },
    {
        "date": "2019-03-30",
        "symbol": "STT",
        "period": "Q1",
        "netincomeloss": 508000000,
        "othercomprehensiveincomelossforeigncurrencytransactionandtranslationadjustmentnetoftax": -26000000,
        "othercomprehensiveincomeunrealizedholdinggainlossonsecuritiesarisingduringperiodnetoftax": 272000000,
        "othercomprehensiveincomelosssecuritiesavailableforsaledesignatedinfairvaluehedgesunrealizedholdinggainlossarisingduringperiodaftertax": -2000000,
        "othercomprehensiveincomelosscashflowhedgegainlossafterreclassificationandtax": 24000000,
        "othercomprehensiveincomelosspensionandotherpostretirementbenefitplansadjustmentnetoftax": 8000000,
        "othercomprehensiveincomelossnetoftax": 260000000,
        "comprehensiveincomenetoftax": 768000000,
        "othercomprehensiveincomelossforeigncurrencytranslationadjustmenttax": -3000000,
        "othercomprehensiveincomelosschangeinnetunrealizedgainlossonafssecuritiesnetofreclassandexpectedlossfromottirelatedtaxes": 108000000,
        "othercomprehensiveincomelosschangeinunrealizedgainlossonafssecuritiesdesignatedasfairvaluehedgesrelatedtaxes": -1000000,
        "othercomprehensiveincomelossexpectedlossesfromottionhtmsecuritiesnotfromcreditrelatedtaxes": -1000000,
        "othercomprehensiveincomelosscashflowhedgegainlossafterreclassificationtax": 9000000,
        "othercomprehensiveincomelossminimumpensionliabilitynetadjustmenttax": -4000000,
        "feesandcommissionsservicingfees": 1251000000,
        "feesandcommissionsmanagementfees": 420000000,
        "feesandcommissionsforeignexchangetradingservices": 280000000,
        "feesandcommissionssecuritiesfinance": 118000000,
        "feesandcommissionsprocessingfeesandother": 191000000,
        "noninterestincome": 2260000000,
        "interestanddividendincomeoperating": 1027000000,
        "interestexpense": 354000000,
        "interestincomeexpensenet": 673000000,
        "otherthantemporaryimpairmentlossdebtsecuritiesportionrecognizedinearnings": 1000000,
        "marketablesecuritiesgainloss": -1000000,
        "revenues": 2932000000,
        "provisionforloanandleaselosses": 4000000,
        "laborandrelatedexpense": 1229000000,
        "communicationsandinformationtechnology": 362000000,
        "floorbrokerageexchangeandclearancefees": 242000000,
        "occupancynet": 116000000,
        "acquisitionandrestructuringcosts": 9000000,
        "amortizationofintangibleassets": 60000000,
        "otherexpenses": 275000000,
        "noninterestexpense": 2293000000,
        "incomelossfromcontinuingoperationsbeforeincometaxesminorityinterestandincomelossfromequitymethodinvestments": 635000000,
        "incometaxexpensebenefit": 127000000,
        "netincomelossavailabletocommonstockholdersbasic": 452000000,
        "earningspersharebasic": 1.2,
        "earningspersharediluted": 1.18,
        "weightedaveragenumberofsharesoutstandingbasic": 377915000,
        "weightedaveragenumberofdilutedsharesoutstanding": 381703000,
        "commonstockdividendspersharedeclared": 0.47
    },
    {
        "date": "2018-09-29",
        "symbol": "STT",
        "period": "Q3",
        "netincomeloss": 765000000,
        "othercomprehensiveincomelossforeigncurrencytransactionandtranslationadjustmentnetoftax": -57000000,
        "othercomprehensiveincomeunrealizedholdinggainlossonsecuritiesarisingduringperiodnetoftax": -218000000,
        "othercomprehensiveincomelosschangeinnetunrealizedgainslossesoncashflowhedgesnetofrelatedtaxes": 30000000,
        "othercomprehensiveincomelosspensionandotherpostretirementbenefitplansadjustmentnetoftax": 0,
        "othercomprehensiveincomelossnetoftax": -223000000,
        "comprehensiveincomenetoftax": 542000000,
        "othercomprehensiveincomelossforeigncurrencytranslationadjustmenttax": 3000000,
        "othercomprehensiveincomelosschangeinnetunrealizedgainlossonafssecuritiesnetofreclassandexpectedlossfromottirelatedtaxes": -66000000,
        "othercomprehensiveincomelosschangeinunrealizedgainlossonafssecuritiesdesignatedasfairvaluehedgesrelatedtaxes": -12000000,
        "othercomprehensiveincomelossexpectedlossesfromottionhtmsecuritiesnotfromcreditrelatedtaxes": 1000000,
        "othercomprehensiveincomelosschangeinnetunrealizedgainslossesoncashflowhedgesrelatedtaxes": -5000000,
        "feesandcommissionsfiduciaryandtrustactivities": 1333000000,
        "investmentadvisorymanagementandadministrativefees": 474000000,
        "tradingservicesrevenue": 255000000,
        "investmentbankingadvisorybrokerageandunderwritingfeesandcommissions": 128000000,
        "feesandcommissionsother": 49000000,
        "noninterestincome": 1765000000,
        "interestincomeoperating": 916000000,
        "interestexpense": 244000000,
        "interestincomeexpensenet": 680000000,
        "marketablesecuritiesgainloss": -1000000,
        "revenues": 1286000000,
        "laborandrelatedexpense": 1103000000,
        "communicationsandinformationtechnology": 332000000,
        "floorbrokerageexchangeandclearancefees": 18000000,
        "occupancynet": 110000000,
        "professionalfees": 79000000,
        "amortizationofintangibleassets": 40000000,
        "otherexpenses": 38000000,
        "noninterestexpense": 1693000000,
        "incomelossfromcontinuingoperationsbeforeincometaxesminorityinterestandincomelossfromequitymethodinvestments": 497000000,
        "incometaxexpensebenefit": 102000000,
        "netincomelossavailabletocommonstockholdersbasic": 709000000,
        "earningspersharebasic": 1.9000000000000004,
        "earningspersharediluted": 1.87,
        "weightedaveragenumberofsharesoutstandingbasic": 2844000,
        "weightedaveragenumberofdilutedsharesoutstanding": 2649000,
        "commonstockdividendspersharedeclared": 0.47000000000000014
    },
    {
        "date": "2018-06-29",
        "symbol": "STT",
        "period": "Q2",
        "netincomeloss": 734000000,
        "othercomprehensiveincomelossforeigncurrencytransactionandtranslationadjustmentnetoftax": -338000000,
        "othercomprehensiveincomeunrealizedholdinggainlossonsecuritiesarisingduringperiodnetoftax": -122000000,
        "othercomprehensiveincomelosschangeinunrealizedgainlossonafssecuritiesdesignatedasfairvaluehedgesnetofrelatedtaxes": -5000000,
        "othercomprehensiveincomelosschangeinnetunrealizedgainslossesoncashflowhedgesnetofrelatedtaxes": 40000000,
        "othercomprehensiveincomelosspensionandotherpostretirementbenefitplansadjustmentnetoftax": -2000000,
        "othercomprehensiveincomelossnetoftax": -414000000,
        "comprehensiveincomenetoftax": 320000000,
        "othercomprehensiveincomelossforeigncurrencytranslationadjustmenttax": -114000000,
        "othercomprehensiveincomelosschangeinnetunrealizedgainlossonafssecuritiesnetofreclassandexpectedlossfromottirelatedtaxes": -20000000,
        "othercomprehensiveincomelosschangeinunrealizedgainlossonafssecuritiesdesignatedasfairvaluehedgesrelatedtaxes": 1000000,
        "othercomprehensiveincomelossexpectedlossesfromottionhtmsecuritiesnotfromcreditrelatedtaxes": 1000000,
        "othercomprehensiveincomelosschangeinnetunrealizedgainslossesoncashflowhedgesrelatedtaxes": 9000000,
        "othercomprehensiveincomelossminimumpensionliabilitynetadjustmenttax": 0,
        "feesandcommissionsfiduciaryandtrustactivities": 1381000000,
        "investmentadvisorymanagementandadministrativefees": 465000000,
        "tradingservicesrevenue": 281000000,
        "investmentbankingadvisorybrokerageandunderwritingfeesandcommissions": 154000000,
        "feesandcommissionsother": 57000000,
        "noninterestincome": 1873000000,
        "interestincomeoperating": 907000000,
        "interestexpense": 263000000,
        "interestincomeexpensenet": 648000000,
        "availableforsalesecuritiesgrossrealizedgainslossessaleproceeds": 9000000,
        "marketablesecuritiesrealizedgainlossotherthantemporaryimpairmentsamount": 0,
        "marketablesecuritiesgainloss": 9000000,
        "revenues": 1322000000,
        "laborandrelatedexpense": 1125000000,
        "communicationsandinformationtechnology": 321000000,
        "floorbrokerageexchangeandclearancefees": 15000000,
        "occupancynet": 124000000,
        "professionalfees": 89000000,
        "amortizationofintangibleassets": 40000000,
        "otherexpenses": 45000000,
        "noninterestexpense": 3486000000,
        "incomelossfromcontinuingoperationsbeforeincometaxesminorityinterestandincomelossfromequitymethodinvestments": 451000000,
        "incometaxexpensebenefit": 131000000,
        "netincomelossavailabletocommonstockholdersbasic": 698000000,
        "earningspersharebasic": 1.9,
        "earningspersharediluted": 1.8899999999999997,
        "weightedaveragenumberofsharesoutstandingbasic": -915000,
        "weightedaveragenumberofdilutedsharesoutstanding": -1204000,
        "commonstockdividendspersharedeclared": 0.42
    },
    {
        "date": "2018-03-30",
        "symbol": "STT",
        "period": "Q1",
        "netincomeloss": 661000000,
        "othercomprehensiveincomelossforeigncurrencytransactionandtranslationadjustmentnetoftax": 151000000,
        "othercomprehensiveincomeunrealizedholdinggainlossonsecuritiesarisingduringperiodnetoftax": -135000000,
        "othercomprehensiveincomelosschangeinunrealizedgainlossonafssecuritiesdesignatedasfairvaluehedgesnetofrelatedtaxes": -4000000,
        "othercomprehensiveincomelosschangeinnetunrealizedgainslossesoncashflowhedgesnetofrelatedtaxes": -97000000,
        "othercomprehensiveincomelosspensionandotherpostretirementbenefitplansadjustmentnetoftax": -12000000,
        "othercomprehensiveincomelossnetoftax": -65000000,
        "comprehensiveincomenetoftax": 596000000,
        "othercomprehensiveincomelossforeigncurrencytranslationadjustmenttax": 52000000,
        "othercomprehensiveincomelosschangeinnetunrealizedgainlossonafssecuritiesnetofreclassandexpectedlossfromottirelatedtaxes": -116000000,
        "othercomprehensiveincomelosschangeinunrealizedgainlossonafssecuritiesdesignatedasfairvaluehedgesrelatedtaxes": 21000000,
        "othercomprehensiveincomelossexpectedlossesfromottionhtmsecuritiesnotfromcreditrelatedtaxes": 2000000,
        "othercomprehensiveincomelosschangeinnetunrealizedgainslossesoncashflowhedgesrelatedtaxes": -19000000,
        "othercomprehensiveincomelossminimumpensionliabilitynetadjustmenttax": 3000000,
        "feesandcommissionsfiduciaryandtrustactivities": 1421000000,
        "investmentadvisorymanagementandadministrativefees": 472000000,
        "tradingservicesrevenue": 274000000,
        "investmentbankingadvisorybrokerageandunderwritingfeesandcommissions": 141000000,
        "feesandcommissionsother": 25000000,
        "noninterestincome": 1861000000,
        "interestincomeoperating": 857000000,
        "interestexpense": 199000000,
        "interestincomeexpensenet": 663000000,
        "availableforsalesecuritiesgrossrealizedgainslossessaleproceeds": -1000000,
        "marketablesecuritiesrealizedgainlossotherthantemporaryimpairmentsamount": 1000000,
        "marketablesecuritiesgainloss": -2000000,
        "revenues": 1321000000,
        "laborandrelatedexpense": 1249000000,
        "communicationsandinformationtechnology": 315000000,
        "floorbrokerageexchangeandclearancefees": 15000000,
        "occupancynet": 120000000,
        "professionalfees": 79000000,
        "amortizationofintangibleassets": 43000000,
        "otherexpenses": 45000000,
        "noninterestexpense": 65000000,
        "incomelossfromcontinuingoperationsbeforeincometaxesminorityinterestandincomelossfromequitymethodinvestments": 395000000,
        "incometaxexpensebenefit": 102000000,
        "netincomelossavailabletocommonstockholdersbasic": 605000000,
        "earningspersharebasic": 1.65,
        "earningspersharediluted": 1.62,
        "weightedaveragenumberofsharesoutstandingbasic": 367439000,
        "weightedaveragenumberofdilutedsharesoutstanding": 372619000,
        "commonstockdividendspersharedeclared": 0.42
    },
    {
        "date": "2017-09-29",
        "symbol": "STT",
        "period": "Q3",
        "netincomeloss": 685000000,
        "othercomprehensiveincomelossforeigncurrencytransactionandtranslationadjustmentnetoftax": 259000000,
        "othercomprehensiveincomeunrealizedholdinggainlossonsecuritiesarisingduringperiodnetoftax": 47000000,
        "othercomprehensiveincomelosschangeinunrealizedgainlossonafssecuritiesdesignatedasfairvaluehedgesnetofrelatedtaxes": -4000000,
        "othercomprehensiveincomelossexpectedlossesfromottionhtmsecuritiesnotfromcreditnetoftaxes": 1000000,
        "othercomprehensiveincomelosschangeinnetunrealizedgainslossesoncashflowhedgesnetofrelatedtaxes": -27000000,
        "othercomprehensiveincomelosspensionandotherpostretirementbenefitplansadjustmentnetoftax": -2000000,
        "othercomprehensiveincomelossnetoftax": 286000000,
        "comprehensiveincomenetoftax": 971000000,
        "othercomprehensiveincomelossforeigncurrencytranslationadjustmenttax": -7000000,
        "othercomprehensiveincomelosschangeinnetunrealizedgainlossonafssecuritiesnetofreclassandexpectedlossfromottirelatedtaxes": 28000000,
        "othercomprehensiveincomelosschangeinnetunrealizedgainslossesoncashflowhedgesrelatedtaxes": -15000000,
        "othercomprehensiveincomelossminimumpensionliabilitynetadjustmenttax": 0,
        "feesandcommissionsfiduciaryandtrustactivities": 1351000000,
        "investmentadvisorymanagementandadministrativefees": 419000000,
        "tradingservicesrevenue": 239000000,
        "investmentbankingadvisorybrokerageandunderwritingfeesandcommissions": 147000000,
        "feesandcommissionsother": 65000000,
        "feesandcommissions": 1802000000,
        "interestincomeoperating": 761000000,
        "interestexpense": 158000000,
        "interestincomeexpensenet": 606000000,
        "revenues": 1226000000,
        "provisionforloanandleaselosses": 3000000,
        "laborandrelatedexpense": 1090000000,
        "communicationsandinformationtechnology": 296000000,
        "floorbrokerageexchangeandclearancefees": 215000000,
        "occupancynet": 118000000,
        "acquisitionandrestructuringcosts": 33000000,
        "professionalfees": 71000000,
        "amortizationofintangibleassets": 46000000,
        "otherexpenses": 144000000,
        "noninterestexpense": 1673000000,
        "incomelossfromcontinuingoperationsbeforeincometaxesminorityinterestandincomelossfromequitymethodinvestments": 336000000,
        "incometaxexpensebenefit": 137000000,
        "netincomelossavailabletocommonstockholdersbasic": 629000000,
        "earningspersharebasic": 1.69,
        "earningspersharediluted": 1.6599999999999997,
        "weightedaveragenumberofsharesoutstandingbasic": -1863000,
        "weightedaveragenumberofdilutedsharesoutstanding": -1710000,
        "commonstockdividendspersharedeclared": 0.41999999999999993
    },
    {
        "date": "2017-06-29",
        "symbol": "STT",
        "period": "Q2",
        "netincomeloss": 620000000,
        "othercomprehensiveincomelossforeigncurrencytransactionandtranslationadjustmentnetoftax": 435000000,
        "othercomprehensiveincomeunrealizedholdinggainlossonsecuritiesarisingduringperiodnetoftax": 271000000,
        "othercomprehensiveincomelosschangeinunrealizedgainlossonafssecuritiesdesignatedasfairvaluehedgesnetofrelatedtaxes": -3000000,
        "othercomprehensiveincomelossexpectedlossesfromottionhtmsecuritiesnotfromcreditnetoftaxes": 1000000,
        "othercomprehensiveincomelosschangeinnetunrealizedgainslossesoncashflowhedgesnetofrelatedtaxes": -177000000,
        "othercomprehensiveincomelosspensionandotherpostretirementbenefitplansadjustmentnetoftax": -2000000,
        "othercomprehensiveincomelossnetoftax": 535000000,
        "comprehensiveincomenetoftax": 1155000000,
        "othercomprehensiveincomelossforeigncurrencytranslationadjustmenttax": -110000000,
        "othercomprehensiveincomelosschangeinnetunrealizedgainlossonafssecuritiesnetofreclassandexpectedlossfromottirelatedtaxes": 177000000,
        "othercomprehensiveincomelosschangeinunrealizedgainlossonafssecuritiesdesignatedasfairvaluehedgesrelatedtaxes": 0,
        "othercomprehensiveincomelossexpectedlossesfromottionhtmsecuritiesnotfromcreditrelatedtaxes": 0,
        "othercomprehensiveincomelosschangeinnetunrealizedgainslossesoncashflowhedgesrelatedtaxes": -113000000,
        "othercomprehensiveincomelossminimumpensionliabilitynetadjustmenttax": -1000000,
        "feesandcommissionsfiduciaryandtrustactivities": 1339000000,
        "investmentadvisorymanagementandadministrativefees": 397000000,
        "tradingservicesrevenue": 254000000,
        "investmentbankingadvisorybrokerageandunderwritingfeesandcommissions": 179000000,
        "feesandcommissionsother": 26000000,
        "feesandcommissions": 1416000000,
        "interestincomeoperating": 700000000,
        "interestexpense": 125000000,
        "interestincomeexpensenet": 575000000,
        "availableforsalesecuritiesgrossrealizedgainslossessaleproceeds": 0,
        "marketablesecuritiesgainloss": 0,
        "revenues": -400000000,
        "provisionforloanandleaselosses": 3000000,
        "laborandrelatedexpense": 1071000000,
        "communicationsandinformationtechnology": 283000000,
        "floorbrokerageexchangeandclearancefees": 207000000,
        "occupancynet": 116000000,
        "acquisitionandrestructuringcosts": 71000000,
        "professionalfees": 97000000,
        "amortizationofintangibleassets": 46000000,
        "otherexpenses": 132000000,
        "noninterestexpense": 1291000000,
        "incomelossfromcontinuingoperationsbeforeincometaxesminorityinterestandincomelossfromequitymethodinvestments": -1000000,
        "incometaxexpensebenefit": 156000000,
        "netincomelossavailabletocommonstockholdersbasic": 584000000,
        "earningspersharebasic": 1.5500000000000003,
        "earningspersharediluted": 1.54,
        "weightedaveragenumberofsharesoutstandingbasic": -2931000,
        "weightedaveragenumberofdilutedsharesoutstanding": -2928000,
        "commonstockdividendspersharedeclared": 0.38
    },
    {
        "date": "2017-03-30",
        "symbol": "STT",
        "period": "Q1",
        "netincomeloss": 502000000,
        "othercomprehensiveincomelossforeigncurrencytransactionandtranslationadjustmentnetoftax": 91000000,
        "othercomprehensiveincomeunrealizedholdinggainlossonsecuritiesarisingduringperiodnetoftax": 201000000,
        "othercomprehensiveincomelosschangeinunrealizedgainlossonafssecuritiesdesignatedasfairvaluehedgesnetofrelatedtaxes": -6000000,
        "othercomprehensiveincomelossexpectedlossesfromottionhtmsecuritiesnotfromcreditnetoftaxes": 1000000,
        "othercomprehensiveincomelosschangeinnetunrealizedgainslossesoncashflowhedgesnetofrelatedtaxes": -70000000,
        "othercomprehensiveincomelosspensionandotherpostretirementbenefitplansadjustmentnetoftax": -6000000,
        "othercomprehensiveincomelossnetoftax": 235000000,
        "comprehensiveincomenetoftax": 737000000,
        "othercomprehensiveincomelossforeigncurrencytranslationadjustmenttax": 123000000,
        "othercomprehensiveincomelosschangeinnetunrealizedgainlossonafssecuritiesnetofreclassandexpectedlossfromottirelatedtaxes": 131000000,
        "othercomprehensiveincomelosschangeinunrealizedgainlossonafssecuritiesdesignatedasfairvaluehedgesrelatedtaxes": 5000000,
        "othercomprehensiveincomelossexpectedlossesfromottionhtmsecuritiesnotfromcreditrelatedtaxes": 1000000,
        "othercomprehensiveincomelosschangeinnetunrealizedgainslossesoncashflowhedgesrelatedtaxes": -51000000,
        "othercomprehensiveincomelossminimumpensionliabilitynetadjustmenttax": 3000000,
        "feesandcommissionsfiduciaryandtrustactivities": 1296000000,
        "investmentadvisorymanagementandadministrativefees": 382000000,
        "tradingservicesrevenue": 275000000,
        "investmentbankingadvisorybrokerageandunderwritingfeesandcommissions": 133000000,
        "feesandcommissionsother": 112000000,
        "feesandcommissions": 2198000000,
        "interestincomeoperating": 650000000,
        "interestexpense": 140000000,
        "interestincomeexpensenet": 510000000,
        "availableforsalesecuritiesgrossrealizedgainslossessaleproceeds": -40000000,
        "marketablesecuritiesgainloss": -40000000,
        "revenues": 2668000000,
        "provisionforloanandleaselosses": -2000000,
        "laborandrelatedexpense": 1166000000,
        "communicationsandinformationtechnology": 287000000,
        "floorbrokerageexchangeandclearancefees": 197000000,
        "occupancynet": 110000000,
        "acquisitionandrestructuringcosts": 29000000,
        "professionalfees": 94000000,
        "amortizationofintangibleassets": 45000000,
        "otherexpenses": 151000000,
        "noninterestexpense": 2086000000,
        "incomelossfromcontinuingoperationsbeforeincometaxesminorityinterestandincomelossfromequitymethodinvestments": 584000000,
        "incometaxexpensebenefit": 82000000,
        "netincomelossavailabletocommonstockholdersbasic": 446000000,
        "earningspersharebasic": 1.17,
        "earningspersharediluted": 1.15,
        "weightedaveragenumberofsharesoutstandingbasic": 381224000,
        "weightedaveragenumberofdilutedsharesoutstanding": 386417000,
        "commonstockdividendspersharedeclared": 0.38
    },
    {
        "date": "2016-03-30",
        "symbol": "STT",
        "period": "Q1",
        "netincomeloss": 368000000,
        "othercomprehensiveincomelossforeigncurrencytransactionandtranslationadjustmentnetoftax": 306000000,
        "othercomprehensiveincomeunrealizedholdinggainlossonsecuritiesarisingduringperiodnetoftax": 260000000,
        "othercomprehensiveincomelosschangeinunrealizedgainlossonafssecuritiesdesignatedasfairvaluehedgesnetofrelatedtaxes": 19000000,
        "othercomprehensiveincomelossexpectedlossesfromottionhtmsecuritiesnotfromcreditnetoftaxes": 1000000,
        "othercomprehensiveincomelosschangeinnetunrealizedgainslossesoncashflowhedgesnetofrelatedtaxes": -68000000,
        "othercomprehensiveincomelosspensionandotherpostretirementbenefitplansadjustmentnetoftax": 2000000,
        "othercomprehensiveincomelossnetoftax": 478000000,
        "comprehensiveincomenetoftax": 846000000,
        "othercomprehensiveincomelossforeigncurrencytranslationadjustmenttax": 9000000,
        "othercomprehensiveincomelosschangeinnetunrealizedgainlossonafssecuritiesnetofreclassandexpectedlossfromottirelatedtaxes": 171000000,
        "othercomprehensiveincomelosschangeinunrealizedgainlossonafssecuritiesdesignatedasfairvaluehedgesrelatedtaxes": -12000000,
        "othercomprehensiveincomelossexpectedlossesfromottionhtmsecuritiesnotfromcreditrelatedtaxes": 1000000,
        "othercomprehensiveincomelosschangeinnetunrealizedgainslossesoncashflowhedgesrelatedtaxes": -45000000,
        "othercomprehensiveincomelossminimumpensionliabilitynetadjustmenttax": 2000000,
        "feesandcommissionsfiduciaryandtrustactivities": 1242000000,
        "investmentadvisorymanagementandadministrativefees": 270000000,
        "tradingservicesrevenue": 262000000,
        "investmentbankingadvisorybrokerageandunderwritingfeesandcommissions": 134000000,
        "feesandcommissionsother": 45000000,
        "feesandcommissions": 1683000000,
        "interestincomeoperating": 629000000,
        "interestexpense": 117000000,
        "interestincomeexpensenet": 511000000,
        "availableforsalesecuritiesgrossrealizedgainslossessaleproceeds": 2000000,
        "marketablesecuritiesgainloss": 2000000,
        "revenues": 1025000000,
        "provisionforloanandleaselosses": 4000000,
        "laborandrelatedexpense": 1107000000,
        "communicationsandinformationtechnology": 272000000,
        "floorbrokerageexchangeandclearancefees": 200000000,
        "occupancynet": 113000000,
        "acquisitionandrestructuringcosts": 104000000,
        "professionalfees": 93000000,
        "amortizationofintangibleassets": 47000000,
        "otherexpenses": 112000000,
        "noninterestexpense": 107000000,
        "incomelossfromcontinuingoperationsbeforeincometaxesminorityinterestandincomelossfromequitymethodinvestments": 176000000,
        "incometaxexpensebenefit": 62000000,
        "netincomelossavailabletocommonstockholdersbasic": -4000000,
        "earningspersharebasic": 0.8,
        "earningspersharediluted": 0.79,
        "weightedaveragenumberofsharesoutstandingbasic": 399421000,
        "weightedaveragenumberofdilutedsharesoutstanding": 403615000,
        "commonstockdividendspersharedeclared": 0.34
    },
    {
        "date": "2015-03-30",
        "symbol": "STT",
        "period": "Q1",
        "netincomeloss": 409000000,
        "othercomprehensiveincomelossforeigncurrencytransactionandtranslationadjustmentnetoftax": -699000000,
        "othercomprehensiveincomeunrealizedholdinggainlossonsecuritiesarisingduringperiodnetoftax": 194000000,
        "othercomprehensiveincomelosschangeinunrealizedgainlossonafssecuritiesdesignatedasfairvaluehedgesnetofrelatedtaxes": 15000000,
        "othercomprehensiveincomelossexpectedlossesfromottionhtmsecuritiesnotfromcreditnetoftaxes": 4000000,
        "othercomprehensiveincomelosschangeinnetunrealizedgainslossesoncashflowhedgesnetofrelatedtaxes": 12000000,
        "othercomprehensiveincomelosspensionandotherpostretirementbenefitplansadjustmentnetoftax": -5000000,
        "othercomprehensiveincomelossnetoftax": -699000000,
        "comprehensiveincomenetoftax": -90000000,
        "othercomprehensiveincomelossforeigncurrencytranslationadjustmenttax": -64000000,
        "othercomprehensiveincomelosschangeinnetunrealizedgainlossonafssecuritiesnetofreclassandexpectedlossfromottirelatedtaxes": 123000000,
        "othercomprehensiveincomelosschangeinunrealizedgainlossonafssecuritiesdesignatedasfairvaluehedgesrelatedtaxes": -10000000,
        "othercomprehensiveincomelossexpectedlossesfromottionhtmsecuritiesnotfromcreditrelatedtaxes": 3000000,
        "othercomprehensiveincomelosschangeinnetunrealizedgainslossesoncashflowhedgesrelatedtaxes": -8000000,
        "othercomprehensiveincomelossminimumpensionliabilitynetadjustmenttax": 4000000,
        "feesandcommissionsfiduciaryandtrustactivities": 1273000000,
        "investmentadvisorymanagementandadministrativefees": 301000000,
        "tradingservicesrevenue": 315000000,
        "investmentbankingadvisorybrokerageandunderwritingfeesandcommissions": 101000000,
        "feesandcommissionsother": 59000000,
        "feesandcommissions": 857000000,
        "interestincomeoperating": 642000000,
        "interestexpense": 96000000,
        "interestincomeexpensenet": 291000000,
        "marketablesecuritiesrealizedgainlossotherthantemporaryimpairmentsamount": 1000000,
        "marketablesecuritiesgainloss": -1000000,
        "revenues": 1147000000,
        "provisionforloanandleaselosses": 4000000,
        "laborandrelatedexpense": 1087000000,
        "communicationsandinformationtechnology": 247000000,
        "floorbrokerageexchangeandclearancefees": 197000000,
        "occupancynet": 113000000,
        "acquisitionandrestructuringcosts": 6000000,
        "professionalfees": 96000000,
        "amortizationofintangibleassets": 48000000,
        "otherexpenses": 301000000,
        "noninterestexpense": 5000000,
        "incomelossfromcontinuingoperationsbeforeincometaxesminorityinterestandincomelossfromequitymethodinvestments": -5000000,
        "incometaxexpensebenefit": 78000000,
        "netincomelossavailabletocommonstockholdersbasic": 5000000,
        "earningspersharebasic": 0.91,
        "earningspersharediluted": 0.9,
        "weightedaveragenumberofsharesoutstandingbasic": 412225000,
        "weightedaveragenumberofdilutedsharesoutstanding": 418750000,
        "commonstockdividendspersharedeclared": 0.3
    },
    {
        "date": "2014-03-30",
        "symbol": "STT",
        "period": "Q1",
        "netincomeloss": 215000000,
        "othercomprehensiveincomelossforeigncurrencytransactionandtranslationadjustmentnetoftax": 27000000,
        "othercomprehensiveincomeunrealizedholdinggainlossonsecuritiesarisingduringperiodnetoftax": 259000000,
        "othercomprehensiveincomelosschangeinunrealizedgainlossonafssecuritiesdesignatedasfairvaluehedgesnetofrelatedtaxes": 10000000,
        "othercomprehensiveincomelossexpectedlossesfromottionhtmsecuritiesnotfromcreditnetoftaxes": 8000000,
        "othercomprehensiveincomelosschangeinnetunrealizedgainslossesoncashflowhedgesnetofrelatedtaxes": -7000000,
        "othercomprehensiveincomelosspensionandotherpostretirementbenefitplansadjustmentnetoftax": -6000000,
        "othercomprehensiveincomelossnetoftax": 249000000,
        "comprehensiveincomenetoftax": 646000000,
        "othercomprehensiveincomelossforeigncurrencytranslationadjustmenttax": 8000000,
        "othercomprehensiveincomelosschangeinnetunrealizedgainlossonafssecuritiesnetofreclassandexpectedlossfromottirelatedtaxes": 162000000,
        "othercomprehensiveincomelosschangeinunrealizedgainlossonafssecuritiesdesignatedasfairvaluehedgesrelatedtaxes": -6000000,
        "othercomprehensiveincomelossexpectedlossesfromottionhtmsecuritiesnotfromcreditrelatedtaxes": 5000000,
        "othercomprehensiveincomelosschangeinnetunrealizedgainslossesoncashflowhedgesrelatedtaxes": -5000000,
        "othercomprehensiveincomelossminimumpensionliabilitynetadjustmenttax": 3000000,
        "feesandcommissionsfiduciaryandtrustactivities": 1238000000,
        "investmentadvisorymanagementandadministrativefees": 292000000,
        "tradingservicesrevenue": 227000000,
        "investmentbankingadvisorybrokerageandunderwritingfeesandcommissions": 85000000,
        "feesandcommissionsother": 69000000,
        "feesandcommissions": 788000000,
        "interestincomeoperating": 655000000,
        "interestexpense": 100000000,
        "interestincomeexpensenet": 325000000,
        "availableforsalesecuritiesgrossrealizedgainslossessaleproceeds": 15000000,
        "marketablesecuritiesrealizedgainlossotherthantemporaryimpairmentsamount": 1000000,
        "noncreditportionofotherthantemporaryimpairments": -8000000,
        "marketablesecuritiesgainloss": 6000000,
        "revenues": 1119000000,
        "provisionforloanandleaselosses": 2000000,
        "laborandrelatedexpense": 1157000000,
        "communicationsandinformationtechnology": 244000000,
        "floorbrokerageexchangeandclearancefees": 191000000,
        "occupancynet": 114000000,
        "acquisitionandrestructuringcosts": 33000000,
        "professionalfees": 105000000,
        "amortizationofintangibleassets": 52000000,
        "otherexpenses": 130000000,
        "noninterestexpense": 839000000,
        "incomelossfromcontinuingoperationsbeforeincometaxesminorityinterestandincomelossfromequitymethodinvestments": 280000000,
        "incometaxexpensebenefit": 65000000,
        "netincomelossavailabletocommonstockholdersbasic": -3000000,
        "earningspersharebasic": 0.83,
        "earningspersharediluted": 0.81,
        "weightedaveragenumberofsharesoutstandingbasic": 430621000,
        "weightedaveragenumberofdilutedsharesoutstanding": 438815000,
        "commonstockdividendspersharedeclared": 0.26
    },
    {
        "date": "2013-03-30",
        "symbol": "STT",
        "period": "Q1",
        "netincomeloss": 213000000,
        "othercomprehensiveincomelossforeigncurrencytransactionandtranslationadjustmentnetoftax": -248000000,
        "othercomprehensiveincomeunrealizedholdinggainlossonsecuritiesarisingduringperiodnetoftax": 51000000,
        "othercomprehensiveincomelosschangeinunrealizedgainlossonafssecuritiesdesignatedasfairvaluehedgesnetofrelatedtaxes": -15000000,
        "othercomprehensiveincomelossexpectedlossesfromottionhtmsecuritiesnotfromcreditnetoftaxes": 6000000,
        "othercomprehensiveincomelosschangeinnetunrealizedgainslossesoncashflowhedgesnetofrelatedtaxes": 64000000,
        "othercomprehensiveincomelosspensionandotherpostretirementbenefitplansadjustmentnetoftax": -3000000,
        "othercomprehensiveincomelossnetoftax": 66000000,
        "comprehensiveincomenetoftax": 355000000,
        "othercomprehensiveincomelossforeigncurrencytranslationadjustmenttax": -64000000,
        "othercomprehensiveincomelosschangeinnetunrealizedgainlossonafssecuritiesnetofreclassandexpectedlossfromottirelatedtaxes": 29000000,
        "othercomprehensiveincomelosschangeinunrealizedgainlossonafssecuritiesdesignatedasfairvaluehedgesrelatedtaxes": 9000000,
        "othercomprehensiveincomelossexpectedlossesfromottionhtmsecuritiesnotfromcreditrelatedtaxes": 4000000,
        "othercomprehensiveincomelosschangeinnetunrealizedgainslossesoncashflowhedgesrelatedtaxes": 41000000,
        "othercomprehensiveincomelossminimumpensionliabilitynetadjustmenttax": 2000000,
        "feesandcommissionsfiduciaryandtrustactivities": 1175000000,
        "assetmanagementfees": 263000000,
        "tradingservicesrevenue": 281000000,
        "investmentbankingadvisorybrokerageandunderwritingfeesandcommissions": 9000000,
        "feesandcommissionsother": 29000000,
        "feesandcommissions": 765000000,
        "interestincomeoperating": 687000000,
        "interestexpense": 111000000,
        "interestincomeexpensenet": 273000000,
        "availableforsalesecuritiesgrossrealizedgainslossessaleproceeds": 5000000,
        "noncreditportionofotherthantemporaryimpairments": -3000000,
        "marketablesecuritiesgainloss": -3000000,
        "revenues": 1035000000,
        "laborandrelatedexpense": 1035000000,
        "communicationsandinformationtechnology": 237000000,
        "floorbrokerageexchangeandclearancefees": 180000000,
        "occupancynet": 116000000,
        "acquisitionandrestructuringcosts": 14000000,
        "professionalfees": 79000000,
        "amortizationofintangibleassets": 2000000,
        "otherexpenses": 112000000,
        "noninterestexpense": 753000000,
        "incomelossfromcontinuingoperationsbeforeincometaxesminorityinterestandincomelossfromequitymethodinvestments": 282000000,
        "incometaxexpensebenefit": 69000000,
        "netincomelossavailabletocommonstockholdersbasic": 5000000,
        "earningspersharebasic": 1,
        "earningspersharediluted": 0.98,
        "weightedaveragenumberofsharesoutstandingbasic": 454315000,
        "weightedaveragenumberofdilutedsharesoutstanding": 462751000,
        "commonstockdividendspersharedeclared": 0.26
    },
    {
        "date": "2012-03-30",
        "symbol": "STT",
        "period": "Q1",
        "netincomeloss": 122000000,
        "othercomprehensiveincomeforeigncurrencytransactionandtranslationadjustmentnetoftaxperiodincreasedecrease": 146000000,
        "othercomprehensiveincomeunrealizedholdinggainlossonsecuritiesarisingduringperiodnetoftax": 176000000,
        "othercomprehensiveincomelosschangeinunrealizedgainlossonafssecuritiesdesignatedasfairvaluehedgesnetofrelatedtaxes": 32000000,
        "othercomprehensiveincomelossexpectedlossesfromottionhtmsecuritiesnotfromcreditnetoftaxes": 3000000,
        "othercomprehensiveincomelosschangeinnetunrealizedgainslossesoncashflowhedgesnetofrelatedtaxes": 1000000,
        "othercomprehensiveincomedefinedbenefitplansadjustmentnetoftaxperiodincreasedecrease": 2000000,
        "othercomprehensiveincomelossnetoftaxperiodincreasedecrease": 360000000,
        "comprehensiveincomenetoftax": 787000000,
        "othercomprehensiveincomelosschangeinnetunrealizedgainlossonafssecuritiesnetofreclassandexpectedlossfromottirelatedtaxes": 103000000,
        "othercomprehensiveincomelosschangeinunrealizedgainlossonafssecuritiesdesignatedasfairvaluehedgesrelatedtaxes": 21000000,
        "othercomprehensiveincomelossexpectedlossesfromottionhtmsecuritiesnotfromcreditrelatedtaxes": 1000000,
        "othercomprehensiveincomeforeigncurrencytranslationadjustmenttax": 49000000,
        "othercomprehensiveincomelosschangeinnetunrealizedgainslossesoncashflowhedgesrelatedtaxes": 1000000,
        "othercomprehensiveincomeminimumpensionliabilitynetadjustmenttax": 1000000,
        "feesandcommissionsfiduciaryandtrustactivities": 1078000000,
        "assetmanagementfees": 236000000,
        "tradingservicesrevenue": 280000000,
        "investmentbankingadvisorybrokerageandunderwritingfeesandcommissions": 88000000,
        "feesandcommissionsother": 60000000,
        "feesandcommissions": 738000000,
        "interestincomeoperating": 765000000,
        "interestexpense": 140000000,
        "interestincomeexpensenet": 210000000,
        "availableforsalesecuritiesgrossrealizedgainslossessaleproceeds": 19000000,
        "marketablesecuritiesrealizedgainlossotherthantemporaryimpairmentsamount": 25000000,
        "noncreditportionofotherthantemporaryimpairments": 17000000,
        "marketablesecuritiesgainloss": 3000000,
        "revenues": 242000000,
        "laborandrelatedexpense": 1064000000,
        "communicationsandinformationtechnology": 191000000,
        "floorbrokerageexchangeandclearancefees": 181000000,
        "occupancynet": 119000000,
        "acquisitionandrestructuringcosts": 21000000,
        "professionalfees": 81000000,
        "amortizationofintangibleassets": 2000000,
        "otherexpenses": 127000000,
        "noninterestexpense": 789000000,
        "incomelossfromcontinuingoperationsbeforeincometaxesminorityinterestandincomelossfromequitymethodinvestments": 162000000,
        "incometaxexpensebenefit": 40000000,
        "netincomelossavailabletocommonstockholdersbasic": 417000000,
        "earningspersharebasic": 0.86,
        "earningspersharediluted": 0.85,
        "weightedaveragenumberofsharesoutstandingbasic": 484942000,
        "weightedaveragenumberofdilutedsharesoutstanding": 490454000,
        "commonstockdividendspersharedeclared": 0.24
    },
    {
        "date": "2011-03-30",
        "symbol": "STT",
        "period": "Q1",
        "feesandcommissionsfiduciaryandtrustactivities": 1095000000,
        "assetmanagementfees": 236000000,
        "tradingservicesrevenue": 302000000,
        "investmentbankingadvisorybrokerageandunderwritingfeesandcommissions": 59000000,
        "feesandcommissionsother": 69000000,
        "feesandcommissions": 743000000,
        "interestincomeoperating": 734000000,
        "interestexpense": 157000000,
        "interestincomeexpensenet": 155000000,
        "availableforsalesecuritiesgrossrealizedgainslossessaleproceeds": 4000000,
        "marketablesecuritiesrealizedgainlossotherthantemporaryimpairmentsamount": 35000000,
        "noncreditportionofotherthantemporaryimpairments": 24000000,
        "marketablesecuritiesgainloss": -6000000,
        "revenues": 892000000,
        "provisionforloanandleaselosses": -1000000,
        "laborandrelatedexpense": 974000000,
        "communicationsandinformationtechnology": 191000000,
        "floorbrokerageexchangeandclearancefees": 180000000,
        "occupancynet": 107000000,
        "acquisitionandrestructuringcosts": 19000000,
        "professionalfees": 82000000,
        "amortizationofintangibleassets": 46000000,
        "otherexpenses": 100000000,
        "noninterestexpense": 19000000,
        "incomelossfromcontinuingoperationsbeforeincometaxesminorityinterestandincomelossfromequitymethodinvestments": -19000000,
        "incometaxexpensebenefit": 26000000,
        "netincomeloss": 471000000,
        "netincomelossavailabletocommonstockholdersbasic": 466000000,
        "earningspersharebasic": 0.94,
        "earningspersharediluted": 0.93,
        "weightedaveragenumberofsharesoutstandingbasic": 497471000,
        "weightedaveragenumberofdilutedsharesoutstanding": 500980000,
        "commonstockdividendspersharedeclared": 0.18
    },
    {
        "date": "2010-03-30",
        "symbol": "STT",
        "period": "Q1",
        "feesandcommissionsfiduciaryandtrustactivities": 880000000,
        "assetmanagementfees": 226000000,
        "tradingservicesrevenue": 242000000,
        "investmentbankingadvisorybrokerageandunderwritingfeesandcommissions": 72000000,
        "feesandcommissionsother": 120000000,
        "feesandcommissions": 1540000000,
        "interestincomeoperating": 878000000,
        "interestexpense": 217000000,
        "interestincomeexpensenet": 661000000,
        "availableforsalesecuritiesgrossrealizedgainslossessaleproceeds": 192000000,
        "marketablesecuritiesrealizedgainlossotherthantemporaryimpairmentsamount": 240000000,
        "noncreditportionofotherthantemporaryimpairments": -143000000,
        "marketablesecuritiesgainloss": 95000000,
        "revenues": 2296000000,
        "provisionforloanandleaselosses": 15000000,
        "laborandrelatedexpense": 883000000,
        "communicationsandinformationtechnology": 167000000,
        "floorbrokerageexchangeandclearancefees": 153000000,
        "occupancynet": 118000000,
        "businesscombinationacquisitionrelatedcosts": 13000000,
        "professionalfees": 81000000,
        "amortizationofintangibleassets": 34000000,
        "otherexpenses": 130000000,
        "noninterestexpense": 1579000000,
        "incomelossfromcontinuingoperationsbeforeincometaxesminorityinterestandincomelossfromequitymethodinvestments": 702000000,
        "incometaxexpensebenefit": 207000000,
        "netincomeloss": 495000000,
        "netincomelossavailabletocommonstockholdersbasic": 495000000,
        "earningspersharebasic": 0.99,
        "earningspersharediluted": 0.99,
        "weightedaveragenumberofsharesoutstandingbasic": 494588000,
        "weightedaveragenumberofdilutedsharesoutstanding": 498056000,
        "commonstockdividendspersharedeclared": 0.01
    }
]