[
    {
        "date": "2024-03-30",
        "symbol": "HLT",
        "period": "Q1",
        "revenuefromcontractwithcustomerexcludingassessedtax": 571000000,
        "ownedandleasedhotelexpenses": 247000000,
        "depreciationandamortization": 36000000,
        "generalandadministrativeexpense": 104000000,
        "otherexpenses": 30000000,
        "costsandexpensesexcludingcostofreimbursableexpense": 417000000,
        "otherexpensesfrommanagedandfranchisedproperties": 1630000000,
        "costsandexpenses": 2047000000,
        "gainlossondispositionofassets1": 7000000,
        "operatingincomeloss": 533000000,
        "interestexpense": 131000000,
        "foreigncurrencytransactiongainlossbeforetax": -1000000,
        "othernonoperatingincomeexpense": -36000000,
        "incomelossfromcontinuingoperationsbeforeincometaxesextraordinaryitemsnoncontrollinginterest": 365000000,
        "incometaxexpensebenefit": 97000000,
        "profitloss": 268000000,
        "netincomelossattributabletononcontrollinginterest": 3000000,
        "netincomeloss": 265000000,
        "earningspersharebasic": 1.05,
        "earningspersharediluted": 1.04,
        "commonstockdividendspersharedeclared": 0.15,
        "othercomprehensiveincomelossforeigncurrencytransactionandtranslationadjustmentnetoftax": -27000000,
        "othercomprehensiveincomelosspensionandotherpostretirementbenefitplansadjustmentnetoftax": -2000000,
        "othercomprehensiveincomelosscashflowhedgegainlossafterreclassificationandtax": 7000000,
        "othercomprehensiveincomelossnetoftax": -18000000,
        "comprehensiveincomenetoftaxincludingportionattributabletononcontrollinginterest": 250000000,
        "comprehensiveincomenetoftaxattributabletononcontrollinginterest": 3000000,
        "comprehensiveincomenetoftax": 247000000,
        "othercomprehensiveincomelossforeigncurrencytranslationadjustmenttax": 4000000,
        "othercomprehensiveincomelosspensionandotherpostretirementbenefitplanstax": -1000000,
        "othercomprehensiveincomelosscashflowhedgegainlossafterreclassificationtax": -2000000
    },
    {
        "date": "2023-12-30",
        "symbol": "HLT",
        "period": "Q4",
        "revenuefromcontractwithcustomerexcludingassessedtax": 601000000,
        "ownedandleasedhotelexpenses": 292000000,
        "depreciationandamortization": 33000000,
        "generalandadministrativeexpense": 110000000,
        "otherexpenses": 32000000,
        "costsandexpensesexcludingcostofreimbursableexpense": 505000000,
        "otherexpensesfrommanagedandfranchisedproperties": 1704000000,
        "costsandexpenses": 2209000000,
        "operatingincomeloss": 400000000,
        "interestexpense": 124000000,
        "othernonoperatingincomeexpense": 1000000,
        "incomelossfromcontinuingoperationsbeforeincometaxesextraordinaryitemsnoncontrollinginterest": 274000000,
        "incometaxexpensebenefit": 124000000,
        "profitloss": 150000000,
        "netincomelossattributabletononcontrollinginterest": 3000000,
        "netincomeloss": 147000000,
        "earningspersharebasic": 0.5900000000000003,
        "earningspersharediluted": 0.5899999999999996,
        "commonstockdividendspersharedeclared": 0.14999999999999994,
        "othercomprehensiveincomelossforeigncurrencytransactionandtranslationadjustmentnetoftax": 41000000,
        "othercomprehensiveincomelosspensionandotherpostretirementbenefitplansadjustmentnetoftax": 9000000,
        "othercomprehensiveincomelosscashflowhedgegainlossafterreclassificationandtax": -35000000,
        "othercomprehensiveincomelossnetoftax": -3000000,
        "comprehensiveincomenetoftaxincludingportionattributabletononcontrollinginterest": 147000000,
        "comprehensiveincomenetoftaxattributabletononcontrollinginterest": 3000000,
        "comprehensiveincomenetoftax": 144000000,
        "othercomprehensiveincomelossforeigncurrencytranslationadjustmenttax": -1000000
    },
    {
        "date": "2023-09-29",
        "symbol": "HLT",
        "period": "Q3",
        "revenuefromcontractwithcustomerexcludingassessedtax": 1758000000,
        "ownedandleasedhotelexpenses": 301000000,
        "depreciationandamortization": 40000000,
        "generalandadministrativeexpense": 96000000,
        "otherexpenses": 26000000,
        "costsandexpensesexcludingcostofreimbursableexpense": 463000000,
        "otherexpensesfrommanagedandfranchisedproperties": 1557000000,
        "costsandexpenses": 2020000000,
        "operatingincomeloss": 1993000000,
        "interestexpense": 113000000,
        "othernonoperatingincomeexpense": 15000000,
        "incomelossfromcontinuingoperationsbeforeincometaxesextraordinaryitemsnoncontrollinginterest": 548000000,
        "incometaxexpensebenefit": 169000000,
        "profitloss": 379000000,
        "netincomelossattributabletononcontrollinginterest": 12000000,
        "netincomeloss": 377000000,
        "earningspersharebasic": 1.44,
        "earningspersharediluted": 1.4200000000000004,
        "commonstockdividendspersharedeclared": 0.15000000000000005,
        "othercomprehensiveincomelossforeigncurrencytransactionandtranslationadjustmentnetoftax": -31000000,
        "othercomprehensiveincomelosspensionandotherpostretirementbenefitplansadjustmentnetoftax": -2000000,
        "othercomprehensiveincomelosscashflowhedgegainlossafterreclassificationandtax": 4000000,
        "othercomprehensiveincomelossnetoftax": -4000000,
        "comprehensiveincomenetoftaxincludingportionattributabletononcontrollinginterest": 354000000,
        "comprehensiveincomenetoftaxattributabletononcontrollinginterest": 2000000,
        "comprehensiveincomenetoftax": 352000000,
        "othercomprehensiveincomelossforeigncurrencytranslationadjustmenttax": -2000000,
        "othercomprehensiveincomelosscashflowhedgegainlossafterreclassificationtax": -1000000
    },
    {
        "date": "2023-06-29",
        "symbol": "HLT",
        "period": "Q2",
        "revenuefromcontractwithcustomerexcludingassessedtax": 7000000,
        "ownedandleasedhotelexpenses": 297000000,
        "depreciationandamortization": 37000000,
        "generalandadministrativeexpense": 111000000,
        "otherexpenses": 33000000,
        "costsandexpensesexcludingcostofreimbursableexpense": 478000000,
        "otherexpensesfrommanagedandfranchisedproperties": 1508000000,
        "costsandexpenses": 1986000000,
        "operatingincomeloss": -828000000,
        "interestexpense": 111000000,
        "foreigncurrencytransactiongainlossbeforetax": -6000000,
        "othernonoperatingincomeexpense": 11000000,
        "incomelossfromcontinuingoperationsbeforeincometaxesextraordinaryitemsnoncontrollinginterest": 568000000,
        "incometaxexpensebenefit": 155000000,
        "profitloss": 413000000,
        "netincomelossattributabletononcontrollinginterest": -2000000,
        "netincomeloss": 411000000,
        "earningspersharebasic": 1.56,
        "earningspersharediluted": 1.55,
        "commonstockdividendspersharedeclared": 0.15,
        "othercomprehensiveincomelossforeigncurrencytransactionandtranslationadjustmentnetoftax": 4000000,
        "othercomprehensiveincomelosspensionandotherpostretirementbenefitplansadjustmentnetoftax": -2000000,
        "othercomprehensiveincomelosscashflowhedgegainlossafterreclassificationandtax": 14000000,
        "othercomprehensiveincomelossnetoftax": -1000000,
        "comprehensiveincomenetoftaxincludingportionattributabletononcontrollinginterest": 433000000,
        "comprehensiveincomenetoftaxattributabletononcontrollinginterest": 1000000,
        "comprehensiveincomenetoftax": 432000000,
        "othercomprehensiveincomelossforeigncurrencytranslationadjustmenttax": 2000000,
        "othercomprehensiveincomelosscashflowhedgegainlossafterreclassificationtax": -4000000
    },
    {
        "date": "2023-03-30",
        "symbol": "HLT",
        "period": "Q1",
        "revenuefromcontractwithcustomerexcludingassessedtax": 4000000,
        "ownedandleasedhotelexpenses": 251000000,
        "depreciationandamortization": 37000000,
        "generalandadministrativeexpense": 91000000,
        "otherexpenses": 21000000,
        "costsandexpensesexcludingcostofreimbursableexpense": 400000000,
        "otherexpensesfrommanagedandfranchisedproperties": 1395000000,
        "costsandexpenses": 1795000000,
        "operatingincomeloss": 660000000,
        "interestexpense": 116000000,
        "lossoninvestmentsinunconsolidatedaffiliate": -92000000,
        "othernonoperatingincomeexpense": 12000000,
        "incomelossfromcontinuingoperationsbeforeincometaxesextraordinaryitemsnoncontrollinginterest": 302000000,
        "incometaxexpensebenefit": 93000000,
        "profitloss": 209000000,
        "netincomelossattributabletononcontrollinginterest": -3000000,
        "netincomeloss": 206000000,
        "earningspersharebasic": 0.77,
        "earningspersharediluted": 0.77,
        "commonstockdividendspersharedeclared": 0.15,
        "othercomprehensiveincomelossforeigncurrencytransactionandtranslationadjustmentnetoftax": -6000000,
        "othercomprehensiveincomelosspensionandotherpostretirementbenefitplansadjustmentnetoftax": -2000000,
        "othercomprehensiveincomelosscashflowhedgegainlossafterreclassificationandtax": -14000000,
        "othercomprehensiveincomelossnetoftax": -18000000,
        "comprehensiveincomenetoftaxincludingportionattributabletononcontrollinginterest": 191000000,
        "comprehensiveincomenetoftaxattributabletononcontrollinginterest": 3000000,
        "comprehensiveincomenetoftax": 188000000,
        "othercomprehensiveincomelossforeigncurrencytranslationadjustmenttax": -3000000,
        "othercomprehensiveincomelosspensionandotherpostretirementbenefitplanstax": -1000000,
        "othercomprehensiveincomelosscashflowhedgegainlossafterreclassificationtax": 4000000
    },
    {
        "date": "2022-12-30",
        "symbol": "HLT",
        "period": "Q4",
        "revenuefromcontractwithcustomerexcludingassessedtax": -37000000,
        "ownedandleasedhotelexpenses": 294000000,
        "depreciationandamortization": -77000000,
        "generalandadministrativeexpense": 95000000,
        "otherexpenses": 25000000,
        "costsandexpensesexcludingcostofreimbursableexpense": 453000000,
        "otherexpensesfrommanagedandfranchisedproperties": 1487000000,
        "costsandexpenses": 1940000000,
        "operatingincomeloss": 754000000,
        "interestexpense": 120000000,
        "othernonoperatingincomeexpense": 18000000,
        "incomelossfromcontinuingoperationsbeforeincometaxesextraordinaryitemsnoncontrollinginterest": 403000000,
        "incometaxexpensebenefit": 70000000,
        "profitloss": 333000000,
        "netincomelossattributabletononcontrollinginterest": -5000000,
        "netincomeloss": 328000000,
        "earningspersharebasic": 1.2099999999999997,
        "earningspersharediluted": 1.2100000000000002,
        "othercomprehensiveincomelossforeigncurrencytransactionandtranslationadjustmentnetoftax": 39000000,
        "othercomprehensiveincomelosspensionandotherpostretirementbenefitplansadjustmentnetoftax": 53000000,
        "othercomprehensiveincomelosscashflowhedgegainlossafterreclassificationandtax": -7000000,
        "othercomprehensiveincomelossnetoftax": -21000000,
        "comprehensiveincomenetoftaxincludingportionattributabletononcontrollinginterest": 312000000,
        "comprehensiveincomenetoftaxattributabletononcontrollinginterest": 5000000,
        "comprehensiveincomenetoftax": 307000000,
        "othercomprehensiveincomelosspensionandotherpostretirementbenefitplanstax": 19000000
    },
    {
        "date": "2022-09-29",
        "symbol": "HLT",
        "period": "Q3",
        "revenuefromcontractwithcustomerexcludingassessedtax": 7000000,
        "ownedandleasedhotelexpenses": 263000000,
        "depreciationandamortization": 39000000,
        "generalandadministrativeexpense": 93000000,
        "otherexpenses": 13000000,
        "costsandexpensesexcludingcostofreimbursableexpense": 408000000,
        "otherexpensesfrommanagedandfranchisedproperties": 1337000000,
        "costsandexpenses": 1745000000,
        "operatingincomeloss": 2145000000,
        "interestexpense": 106000000,
        "foreigncurrencytransactiongainlossbeforetax": 0,
        "othernonoperatingincomeexpense": 10000000,
        "incomelossfromcontinuingoperationsbeforeincometaxesextraordinaryitemsnoncontrollinginterest": 527000000,
        "incometaxexpensebenefit": 181000000,
        "profitloss": 346000000,
        "netincomelossattributabletononcontrollinginterest": 1000000,
        "netincomeloss": 347000000,
        "earningspersharebasic": 1.26,
        "earningspersharediluted": 1.2499999999999998,
        "othercomprehensiveincomelossforeigncurrencytransactionandtranslationadjustmentnetoftax": -22000000,
        "othercomprehensiveincomelosspensionandotherpostretirementbenefitplansadjustmentnetoftax": -1000000,
        "othercomprehensiveincomelosscashflowhedgegainlossafterreclassificationandtax": 50000000,
        "othercomprehensiveincomelossnetoftax": 29000000,
        "comprehensiveincomenetoftaxincludingportionattributabletononcontrollinginterest": 375000000,
        "comprehensiveincomenetoftaxattributabletononcontrollinginterest": -1000000,
        "comprehensiveincomenetoftax": 376000000,
        "othercomprehensiveincomelosspensionandotherpostretirementbenefitplanstax": -1000000,
        "othercomprehensiveincomelosscashflowhedgegainlossafterreclassificationtax": -17000000
    },
    {
        "date": "2022-06-29",
        "symbol": "HLT",
        "period": "Q2",
        "revenuefromcontractwithcustomerexcludingassessedtax": 5000000,
        "ownedandleasedhotelexpenses": 257000000,
        "depreciationandamortization": 40000000,
        "generalandadministrativeexpense": 103000000,
        "otherexpenses": 11000000,
        "costsandexpensesexcludingcostofreimbursableexpense": 411000000,
        "otherexpensesfrommanagedandfranchisedproperties": 1231000000,
        "costsandexpenses": 1642000000,
        "operatingincomeloss": -701000000,
        "interestexpense": 99000000,
        "foreigncurrencytransactiongainlossbeforetax": 8000000,
        "othernonoperatingincomeexpense": 6000000,
        "incomelossfromcontinuingoperationsbeforeincometaxesextraordinaryitemsnoncontrollinginterest": 513000000,
        "incometaxexpensebenefit": 146000000,
        "profitloss": 367000000,
        "netincomelossattributabletononcontrollinginterest": 1000000,
        "netincomeloss": 368000000,
        "earningspersharebasic": 1.33,
        "earningspersharediluted": 1.32,
        "commonstockdividendspersharedeclared": 0.15,
        "othercomprehensiveincomelossforeigncurrencytransactionandtranslationadjustmentnetoftax": -23000000,
        "othercomprehensiveincomelosspensionandotherpostretirementbenefitplansadjustmentnetoftax": -2000000,
        "othercomprehensiveincomelosscashflowhedgegainlossafterreclassificationandtax": 27000000,
        "othercomprehensiveincomelossnetoftax": 6000000,
        "comprehensiveincomenetoftaxincludingportionattributabletononcontrollinginterest": 373000000,
        "comprehensiveincomenetoftaxattributabletononcontrollinginterest": -1000000,
        "comprehensiveincomenetoftax": 374000000,
        "othercomprehensiveincomelossforeigncurrencytranslationadjustmenttax": 6000000,
        "othercomprehensiveincomelosspensionandotherpostretirementbenefitplanstax": -1000000,
        "othercomprehensiveincomelosscashflowhedgegainlossafterreclassificationtax": -9000000
    },
    {
        "date": "2022-03-30",
        "symbol": "HLT",
        "period": "Q1",
        "revenuefromcontractwithcustomerexcludingassessedtax": 413000000,
        "ownedandleasedhotelexpenses": 185000000,
        "depreciationandamortization": 44000000,
        "generalandadministrativeexpense": 91000000,
        "otherexpenses": 11000000,
        "costsandexpensesexcludingcostofreimbursableexpense": 331000000,
        "otherexpensesfrommanagedandfranchisedproperties": 1021000000,
        "costsandexpenses": 1352000000,
        "operatingincomeloss": 369000000,
        "interestexpense": 90000000,
        "foreigncurrencytransactiongainlossbeforetax": -4000000,
        "othernonoperatingincomeexpense": 16000000,
        "incomelossfromcontinuingoperationsbeforeincometaxesextraordinaryitemsnoncontrollinginterest": 291000000,
        "incometaxexpensebenefit": 80000000,
        "profitloss": 211000000,
        "netincomelossattributabletononcontrollinginterest": -1000000,
        "netincomeloss": 212000000,
        "earningspersharebasic": 0.76,
        "earningspersharediluted": 0.75,
        "othercomprehensiveincomelossforeigncurrencytransactionandtranslationadjustmentnetoftax": -2000000,
        "othercomprehensiveincomelosspensionandotherpostretirementbenefitplansadjustmentnetoftax": -1000000,
        "othercomprehensiveincomelosscashflowhedgegainlossafterreclassificationandtax": 60000000,
        "othercomprehensiveincomelossnetoftax": 59000000,
        "comprehensiveincomenetoftaxincludingportionattributabletononcontrollinginterest": 270000000,
        "comprehensiveincomenetoftaxattributabletononcontrollinginterest": -1000000,
        "comprehensiveincomenetoftax": 271000000,
        "othercomprehensiveincomelosscashflowhedgegainlossafterreclassificationtax": -20000000,
        "othercomprehensiveincomelosspensionandotherpostretirementbenefitplanstax": 1000000
    },
    {
        "date": "2021-12-30",
        "symbol": "HLT",
        "period": "Q4",
        "revenuefromcontractwithcustomerexcludingassessedtax": -16000000,
        "depreciationandamortization": -90000000,
        "generalandadministrativeexpense": 103000000,
        "otherexpenses": 14000000,
        "costsandexpensesexcludingcostofreimbursableexpense": 389000000,
        "costsandexpenses": 1504000000,
        "operatingincomeloss": 533000000,
        "interestexpense": 95000000,
        "othernonoperatingincomeexpense": 7000000,
        "incomelossfromcontinuingoperationsbeforeincometaxesextraordinaryitemsnoncontrollinginterest": 237000000,
        "incometaxexpensebenefit": 89000000,
        "profitloss": 148000000,
        "netincomelossattributabletononcontrollinginterest": -1000000,
        "netincomeloss": 147000000,
        "earningspersharebasic": 0.53,
        "earningspersharediluted": 0.52,
        "othercomprehensiveincomelossforeigncurrencytransactionandtranslationadjustmentnetoftax": -3000000,
        "othercomprehensiveincomelosspensionandotherpostretirementbenefitplansadjustmentnetoftax": 5000000,
        "othercomprehensiveincomelossnetoftax": 10000000,
        "comprehensiveincomenetoftaxincludingportionattributabletononcontrollinginterest": 239000000,
        "comprehensiveincomenetoftaxattributabletononcontrollinginterest": 2000000,
        "comprehensiveincomenetoftax": 237000000,
        "othercomprehensiveincomelossforeigncurrencytranslationadjustmenttax": 10000000
    },
    {
        "date": "2021-09-29",
        "symbol": "HLT",
        "period": "Q3",
        "revenuefromcontractwithcustomerexcludingassessedtax": 451000000,
        "depreciationandamortization": 46000000,
        "generalandadministrativeexpense": 107000000,
        "otherexpenses": 12000000,
        "costsandexpensesexcludingcostofreimbursableexpense": 365000000,
        "costsandexpenses": 1309000000,
        "operatingincomeloss": 432000000,
        "interestexpense": 98000000,
        "foreigncurrencytransactiongainlossbeforetax": 0,
        "lossondebtextinguishments": 0,
        "othernonoperatingincomeexpense": 6000000,
        "incomelossfromcontinuingoperationsbeforeincometaxesextraordinaryitemsnoncontrollinginterest": 340000000,
        "incometaxexpensebenefit": 28000000,
        "profitloss": 240000000,
        "netincomelossattributabletononcontrollinginterest": -7000000,
        "netincomeloss": 241000000,
        "earningspersharebasic": 0.8599999999999999,
        "earningspersharediluted": 0.8599999999999999,
        "othercomprehensiveincomelossforeigncurrencytransactionandtranslationadjustmentnetoftax": -5000000,
        "othercomprehensiveincomelosspensionandotherpostretirementbenefitplansadjustmentnetoftax": -2000000,
        "othercomprehensiveincomelosscashflowhedgegainlossafterreclassificationandtax": 0,
        "othercomprehensiveincomelossnetoftax": -3000000,
        "comprehensiveincomenetoftaxincludingportionattributabletononcontrollinginterest": 237000000,
        "comprehensiveincomenetoftaxattributabletononcontrollinginterest": -1000000,
        "comprehensiveincomenetoftax": 238000000,
        "othercomprehensiveincomelossforeigncurrencytranslationadjustmenttax": -2000000,
        "othercomprehensiveincomelosscashflowhedgegainlossafterreclassificationtax": 0
    },
    {
        "date": "2021-06-29",
        "symbol": "HLT",
        "period": "Q2",
        "revenuefromcontractwithcustomerexcludingassessedtax": 369000000,
        "costofgoodsandservicessold": 142000000,
        "depreciationandamortization": 46000000,
        "generalandadministrativeexpense": 98000000,
        "otherexpenses": 9000000,
        "costsandexpensesexcludingcostofreimbursableexpense": 295000000,
        "costsandexpenses": 1105000000,
        "operatingincomeloss": 224000000,
        "interestexpense": 101000000,
        "foreigncurrencytransactiongainlossbeforetax": -1000000,
        "lossondebtextinguishments": 138000000,
        "othernonoperatingincomeexpense": 5000000,
        "incomelossfromcontinuingoperationsbeforeincometaxesextraordinaryitemsnoncontrollinginterest": 127000000,
        "incometaxexpensebenefit": 1000000,
        "profitloss": 128000000,
        "netincomelossattributabletononcontrollinginterest": 2000000,
        "netincomeloss": 130000000,
        "earningspersharebasic": 0.47000000000000003,
        "earningspersharediluted": 0.47000000000000003,
        "othercomprehensiveincomelossforeigncurrencytransactionandtranslationadjustmentnetoftax": 8000000,
        "othercomprehensiveincomelosspensionandotherpostretirementbenefitplansadjustmentnetoftax": -2000000,
        "othercomprehensiveincomelosscashflowhedgegainlossafterreclassificationandtax": 4000000,
        "othercomprehensiveincomelossnetoftax": 14000000,
        "comprehensiveincomenetoftaxincludingportionattributabletononcontrollinginterest": 142000000,
        "comprehensiveincomenetoftaxattributabletononcontrollinginterest": -2000000,
        "comprehensiveincomenetoftax": 144000000,
        "othercomprehensiveincomelossforeigncurrencytranslationadjustmenttax": 1000000,
        "othercomprehensiveincomelosscashflowhedgegainlossafterreclassificationtax": -2000000
    },
    {
        "date": "2021-03-30",
        "symbol": "HLT",
        "period": "Q1",
        "revenuefromcontractwithcustomerexcludingassessedtax": 242000000,
        "costofgoodsandservicessold": 110000000,
        "depreciationandamortization": 51000000,
        "generalandadministrativeexpense": 97000000,
        "otherexpenses": 10000000,
        "costsandexpensesexcludingcostofreimbursableexpense": 268000000,
        "costsandexpenses": 853000000,
        "operatingincomeloss": 21000000,
        "interestexpense": 103000000,
        "foreigncurrencytransactiongainlossbeforetax": 2000000,
        "lossondebtextinguishments": -69000000,
        "othernonoperatingincomeexpense": 5000000,
        "incomelossfromcontinuingoperationsbeforeincometaxesextraordinaryitemsnoncontrollinginterest": -144000000,
        "incometaxexpensebenefit": 35000000,
        "profitloss": -109000000,
        "netincomelossattributabletononcontrollinginterest": 1000000,
        "netincomeloss": -108000000,
        "earningspersharebasic": -0.39,
        "earningspersharediluted": -0.39,
        "othercomprehensiveincomelossforeigncurrencytransactionandtranslationadjustmentnetoftax": -29000000,
        "othercomprehensiveincomelosspensionandotherpostretirementbenefitplansadjustmentnetoftax": -2000000,
        "othercomprehensiveincomelosscashflowhedgegainlossafterreclassificationandtax": 7000000,
        "othercomprehensiveincomelossnetoftax": -20000000,
        "comprehensiveincomenetoftaxincludingportionattributabletononcontrollinginterest": -129000000,
        "comprehensiveincomenetoftaxattributabletononcontrollinginterest": -1000000,
        "comprehensiveincomenetoftax": -128000000,
        "othercomprehensiveincomelossforeigncurrencytranslationadjustmenttax": -3000000,
        "othercomprehensiveincomelossdefinedbenefitplangainlosspensionliabilityadjustmentfromaocitax": "less than $1 million",
        "othercomprehensiveincomelosscashflowhedgegainlossafterreclassificationtax": -2000000
    },
    {
        "date": "2020-12-30",
        "symbol": "HLT",
        "period": "Q4",
        "revenuefromcontractwithcustomerexcludingassessedtax": 233000000,
        "costofgoodsandservicessold": 142000000,
        "depreciationandamortization": 62000000,
        "generalandadministrativeexpense": 122000000,
        "assetimpairmentcharges": 122000000,
        "otherexpenses": 12000000,
        "costsandexpensesexcludingcostofreimbursableexpense": 463000000,
        "costsandexpenses": 1085000000,
        "operatingincomeloss": -195000000,
        "interestexpense": 113000000,
        "foreigncurrencytransactiongainlossbeforetax": -11000000,
        "incomelossfromcontinuingoperationsbeforeincometaxesextraordinaryitemsnoncontrollinginterest": -349000000,
        "incometaxexpensebenefit": 124000000,
        "profitloss": -225000000,
        "netincomeloss": -224000000,
        "earningspersharebasic": -0.8100000000000003,
        "earningspersharediluted": -0.8000000000000003,
        "othercomprehensiveincomelossforeigncurrencytransactionandtranslationadjustmentnetoftax": 17000000,
        "othercomprehensiveincomelosspensionandotherpostretirementbenefitplansadjustmentnetoftax": 25000000,
        "othercomprehensiveincomelosscashflowhedgegainlossafterreclassificationandtax": 1000000,
        "othercomprehensiveincomelossnetoftax": -7000000,
        "comprehensiveincomenetoftaxincludingportionattributabletononcontrollinginterest": -232000000,
        "comprehensiveincomenetoftax": -231000000,
        "othercomprehensiveincomelossforeigncurrencytranslationadjustmenttax": -22000000,
        "othercomprehensiveincomelosscashflowhedgegainlossreclassificationtax": 0
    },
    {
        "date": "2020-09-29",
        "symbol": "HLT",
        "period": "Q3",
        "revenuefromcontractwithcustomerexcludingassessedtax": 241000000,
        "costofgoodsandservicessold": 144000000,
        "depreciationandamortization": 90000000,
        "generalandadministrativeexpense": 66000000,
        "assetimpairmentcharges": 9000000,
        "otherexpenses": 21000000,
        "costsandexpensesexcludingcostofreimbursableexpense": 330000000,
        "costsandexpenses": 922000000,
        "operatingincomeloss": 11000000,
        "interestexpense": 116000000,
        "foreigncurrencytransactiongainlossbeforetax": -12000000,
        "incomelossfromcontinuingoperationsbeforeincometaxesextraordinaryitemsnoncontrollinginterest": -114000000,
        "incometaxexpensebenefit": 33000000,
        "profitloss": -81000000,
        "netincomeloss": -79000000,
        "earningspersharebasic": -0.27999999999999997,
        "earningspersharediluted": -0.27999999999999997,
        "othercomprehensiveincomelossforeigncurrencytransactionandtranslationadjustmentnetoftax": 25000000,
        "othercomprehensiveincomelosspensionandotherpostretirementbenefitplansadjustmentnetoftax": -2000000,
        "othercomprehensiveincomelosscashflowhedgegainlossafterreclassificationandtax": 1000000,
        "othercomprehensiveincomelossnetoftax": 28000000,
        "comprehensiveincomenetoftaxincludingportionattributabletononcontrollinginterest": -53000000,
        "comprehensiveincomenetoftax": -51000000,
        "othercomprehensiveincomelossforeigncurrencytranslationadjustmenttax": -11000000,
        "othercomprehensiveincomelosscashflowhedgegainlossreclassificationtax": -1000000
    },
    {
        "date": "2020-06-29",
        "symbol": "HLT",
        "period": "Q2",
        "revenuefromcontractwithcustomerexcludingassessedtax": 132000000,
        "costofgoodsandservicessold": 95000000,
        "depreciationandamortization": 88000000,
        "generalandadministrativeexpense": 63000000,
        "assetimpairmentcharges": 15000000,
        "otherexpenses": 13000000,
        "costsandexpensesexcludingcostofreimbursableexpense": 312000000,
        "costsandexpenses": 866000000,
        "operatingincomeloss": -302000000,
        "interestexpense": 106000000,
        "foreigncurrencytransactiongainlossbeforetax": -13000000,
        "incomelossfromcontinuingoperationsbeforeincometaxesextraordinaryitemsnoncontrollinginterest": -444000000,
        "incometaxexpensebenefit": 12000000,
        "profitloss": -432000000,
        "netincomeloss": -430000000,
        "earningspersharebasic": -1.55,
        "earningspersharediluted": -1.54,
        "commonstockdividendspersharedeclared": 0,
        "othercomprehensiveincomelossforeigncurrencytransactionandtranslationadjustmentnetoftax": 20000000,
        "othercomprehensiveincomelosspensionandotherpostretirementbenefitplansadjustmentnetoftax": -2000000,
        "othercomprehensiveincomelosscashflowhedgegainlossafterreclassificationandtax": -4000000,
        "othercomprehensiveincomelossnetoftax": 18000000,
        "comprehensiveincomenetoftaxincludingportionattributabletononcontrollinginterest": -414000000,
        "comprehensiveincomenetoftax": -412000000,
        "othercomprehensiveincomelossforeigncurrencytranslationadjustmenttax": 1000000,
        "othercomprehensiveincomelosscashflowhedgegainlossreclassificationtax": 1000000
    },
    {
        "date": "2020-03-30",
        "symbol": "HLT",
        "period": "Q1",
        "revenuefromcontractwithcustomerexcludingassessedtax": 339000000,
        "costofgoodsandservicessold": 239000000,
        "depreciationandamortization": 91000000,
        "generalandadministrativeexpense": 60000000,
        "assetimpairmentcharges": 112000000,
        "otherexpenses": 14000000,
        "costsandexpensesexcludingcostofreimbursableexpense": 516000000,
        "costsandexpenses": 1852000000,
        "operatingincomeloss": 68000000,
        "interestexpense": 94000000,
        "foreigncurrencytransactiongainlossbeforetax": 9000000,
        "incomelossfromcontinuingoperationsbeforeincometaxesextraordinaryitemsnoncontrollinginterest": -17000000,
        "incometaxexpensebenefit": 35000000,
        "profitloss": 18000000,
        "netincomeloss": 18000000,
        "earningspersharebasic": 0.06,
        "earningspersharediluted": 0.06,
        "commonstockdividendspersharedeclared": 0.15,
        "othercomprehensiveincomelossforeigncurrencytransactionandtranslationadjustmentnetoftax": -24000000,
        "othercomprehensiveincomelosspensionandotherpostretirementbenefitplansadjustmentnetoftax": -1000000,
        "othercomprehensiveincomelosscashflowhedgegainlossafterreclassificationandtax": -36000000,
        "othercomprehensiveincomelossnetoftax": -59000000,
        "comprehensiveincomenetoftaxincludingportionattributabletononcontrollinginterest": -41000000,
        "comprehensiveincomenetoftax": -41000000,
        "othercomprehensiveincomelossforeigncurrencytranslationadjustmenttax": 8000000,
        "othercomprehensiveincomelosscashflowhedgegainlossreclassificationtax": 13000000
    },
    {
        "date": "2019-12-30",
        "symbol": "HLT",
        "period": "Q4",
        "revenuefromcontractwithcustomerexcludingassessedtax": 412000000,
        "costofgoodsandservicessold": 312000000,
        "depreciationandamortization": 90000000,
        "generalandadministrativeexpense": 114000000,
        "otherexpenses": 26000000,
        "costsandexpensesexcludingcostofreimbursableexpense": 542000000,
        "costsandexpenses": 2021000000,
        "operatingincomeloss": 348000000,
        "interestexpense": 110000000,
        "foreigncurrencytransactiongainlossbeforetax": -6000000,
        "othernonoperatingincomeexpense": 13000000,
        "incomelossfromcontinuingoperationsbeforeincometaxesextraordinaryitemsnoncontrollinginterest": 243000000,
        "incometaxexpensebenefit": -67000000,
        "profitloss": 176000000,
        "netincomelossattributabletononcontrollinginterest": -1000000,
        "netincomeloss": 175000000,
        "earningspersharebasic": 0.6299999999999997,
        "earningspersharediluted": 0.6200000000000001,
        "commonstockdividendspersharedeclared": 0.14999999999999994,
        "othercomprehensiveincomelossforeigncurrencytransactionandtranslationadjustmentnetoftax": 19000000,
        "othercomprehensiveincomelosspensionandotherpostretirementbenefitplansadjustmentnetoftax": 14000000,
        "othercomprehensiveincomelosscashflowhedgegainlossafterreclassificationandtax": 3000000,
        "othercomprehensiveincomelossnetoftax": 8000000,
        "comprehensiveincomenetoftaxincludingportionattributabletononcontrollinginterest": 184000000,
        "comprehensiveincomenetoftaxattributabletononcontrollinginterest": 1000000,
        "comprehensiveincomenetoftax": 183000000,
        "othercomprehensiveincomelossforeigncurrencytranslationadjustmenttax": -14000000
    },
    {
        "date": "2019-09-29",
        "symbol": "HLT",
        "period": "Q3",
        "revenuefromcontractwithcustomerexcludingassessedtax": 443000000,
        "costofgoodsandservicessold": 310000000,
        "depreciationandamortization": 86000000,
        "generalandadministrativeexpense": 107000000,
        "otherexpenses": 11000000,
        "costsandexpensesexcludingcostofreimbursableexpense": 514000000,
        "costsandexpenses": 1957000000,
        "gainlossondispositionofassets1": 81000000,
        "operatingincomeloss": 519000000,
        "interestexpense": 105000000,
        "foreigncurrencytransactiongainlossbeforetax": 7000000,
        "othernonoperatingincomeexpense": -2000000,
        "incomelossfromcontinuingoperationsbeforeincometaxesextraordinaryitemsnoncontrollinginterest": 421000000,
        "incometaxexpensebenefit": -131000000,
        "profitloss": 290000000,
        "netincomelossattributabletononcontrollinginterest": -2000000,
        "netincomeloss": 288000000,
        "earningspersharebasic": 1.01,
        "earningspersharediluted": 1,
        "commonstockdividendspersharedeclared": 0.15,
        "othercomprehensiveincomelossforeigncurrencytransactionandtranslationadjustmentnetoftax": -35000000,
        "othercomprehensiveincomelosspensionandotherpostretirementbenefitplansadjustmentnetoftax": -1000000,
        "othercomprehensiveincomelosscashflowhedgegainlossafterreclassificationandtax": -8000000,
        "othercomprehensiveincomelossnetoftax": -42000000,
        "comprehensiveincomenetoftaxincludingportionattributabletononcontrollinginterest": 248000000,
        "comprehensiveincomenetoftaxattributabletononcontrollinginterest": 2000000,
        "comprehensiveincomenetoftax": 246000000,
        "othercomprehensiveincomelossforeigncurrencytranslationadjustmenttax": 7000000,
        "othercomprehensiveincomelossreclassificationadjustmentfromaocipensionandotherpostretirementbenefitplansfornetgainlosstax": 1000000,
        "othercomprehensiveincomelosscashflowhedgegainlossreclassificationtax": 3000000
    },
    {
        "date": "2019-06-29",
        "symbol": "HLT",
        "period": "Q2",
        "revenuefromcontractwithcustomerexcludingassessedtax": 771000000,
        "costofgoodsandservicessold": 334000000,
        "depreciationandamortization": 150000000,
        "generalandadministrativeexpense": 226000000,
        "otherexpenses": 34000000,
        "costsandexpensesexcludingcostofreimbursableexpense": 1062000000,
        "costsandexpenses": 3903000000,
        "operatingincomeloss": 784000000,
        "interestexpense": 187000000,
        "foreigncurrencytransactiongainlossbeforetax": -19000000,
        "othernonoperatingincomeexpense": -12000000,
        "incomelossfromcontinuingoperationsbeforeincometaxesextraordinaryitemsnoncontrollinginterest": 522000000,
        "incometaxexpensebenefit": -141000000,
        "profitloss": 1171000000,
        "netincomelossattributabletononcontrollinginterest": -1000000,
        "netincomeloss": 260000000,
        "earningspersharebasic": 0.8899999999999999,
        "earningspersharediluted": 0.8799999999999999,
        "commonstockdividendspersharedeclared": 0.15,
        "othercomprehensiveincomelossforeigncurrencytransactionandtranslationadjustmentnetoftax": 15000000,
        "othercomprehensiveincomelosspensionandotherpostretirementbenefitplansadjustmentnetoftax": -2000000,
        "othercomprehensiveincomelosscashflowhedgegainlossafterreclassificationandtax": -25000000,
        "othercomprehensiveincomelossnetoftax": -8000000,
        "comprehensiveincomenetoftaxincludingportionattributabletononcontrollinginterest": 1131000000,
        "comprehensiveincomenetoftaxattributabletononcontrollinginterest": 1000000,
        "comprehensiveincomenetoftax": 1129000000,
        "othercomprehensiveincomelossforeigncurrencytranslationadjustmenttax": -9000000,
        "othercomprehensiveincomelosspensionandotherpostretirementbenefitplanstax": 0,
        "othercomprehensiveincomelosscashflowhedgegainlossafterreclassificationtax": -8000000
    },
    {
        "date": "2019-03-30",
        "symbol": "HLT",
        "period": "Q1",
        "profitloss": -751000000,
        "othercomprehensiveincomelossforeigncurrencytransactionandtranslationadjustmentnetoftax": -3000000,
        "othercomprehensiveincomelosspensionandotherpostretirementbenefitplansadjustmentnetoftax": -2000000,
        "othercomprehensiveincomelosscashflowhedgegainlossafterreclassificationandtax": -15000000,
        "othercomprehensiveincomelossnetoftax": -16000000,
        "comprehensiveincomenetoftaxincludingportionattributabletononcontrollinginterest": -735000000,
        "comprehensiveincomenetoftaxattributabletononcontrollinginterest": 1000000,
        "comprehensiveincomenetoftax": -735000000,
        "othercomprehensiveincomelossforeigncurrencytranslationadjustmenttax": 8000000,
        "othercomprehensiveincomelosspensionandotherpostretirementbenefitplanstax": 1000000,
        "othercomprehensiveincomelosscashflowhedgegainlossafterreclassificationtax": -5000000,
        "revenuefromcontractwithcustomerexcludingassessedtax": 55000000,
        "costofgoodsandservicessold": 298000000,
        "depreciationandamortization": 20000000,
        "generalandadministrativeexpense": -6000000,
        "otherexpenses": 1000000,
        "costsandexpensesexcludingcostofreimbursableexpense": -5000000,
        "costsandexpenses": -5000000,
        "operatingincomeloss": 6000000,
        "interestexpense": 12000000,
        "foreigncurrencytransactiongainlossbeforetax": 16000000,
        "othernonoperatingincomeexpense": 4000000,
        "incomelossfromcontinuingoperationsbeforeincometaxesextraordinaryitemsnoncontrollinginterest": 58000000,
        "incometaxexpensebenefit": -19000000,
        "netincomelossattributabletononcontrollinginterest": -1000000,
        "netincomeloss": 158000000,
        "earningspersharebasic": 0.54,
        "earningspersharediluted": 0.54,
        "commonstockdividendspersharedeclared": 0.15
    },
    {
        "date": "2018-12-30",
        "symbol": "HLT",
        "period": "Q4",
        "profitloss": -1009000000,
        "othercomprehensiveincomelossforeigncurrencytransactionandtranslationadjustmentnetoftax": -14000000,
        "othercomprehensiveincomelosspensionandotherpostretirementbenefitplansadjustmentnetoftax": 13000000,
        "othercomprehensiveincomelossnetoftax": -52000000,
        "comprehensiveincomenetoftaxincludingportionattributabletononcontrollinginterest": -957000000,
        "comprehensiveincomenetoftax": -2732000000,
        "otherexpenses": -1000000,
        "costsandexpensesexcludingcostofreimbursableexpense": -5000000,
        "costsandexpenses": -5000000,
        "operatingincomeloss": 42000000,
        "interestexpense": 38000000,
        "foreigncurrencytransactiongainlossbeforetax": -169000000,
        "othernonoperatingincomeexpense": 18000000,
        "incomelossfromcontinuingoperationsbeforeincometaxesextraordinaryitemsnoncontrollinginterest": -77000000,
        "incometaxexpensebenefit": -79000000,
        "netincomelossattributabletononcontrollinginterest": -1000000,
        "netincomeloss": 1167000000,
        "earningspersharebasic": 0.7599999999999998,
        "earningspersharediluted": 0.75,
        "commonstockdividendspersharedeclared": 0.14999999999999994
    },
    {
        "date": "2018-09-29",
        "symbol": "HLT",
        "period": "Q3",
        "profitloss": -781000000,
        "othercomprehensiveincomelossforeigncurrencytransactionandtranslationadjustmentnetoftax": -11000000,
        "othercomprehensiveincomelosspensionandotherpostretirementbenefitplansadjustmentnetoftax": -1000000,
        "othercomprehensiveincomelosscashflowhedgegainlossafterreclassificationandtax": 6000000,
        "othercomprehensiveincomelossnetoftax": -4000000,
        "comprehensiveincomenetoftaxincludingportionattributabletononcontrollinginterest": -777000000,
        "comprehensiveincomenetoftaxattributabletononcontrollinginterest": -2000000,
        "comprehensiveincomenetoftax": -777000000,
        "othercomprehensiveincomelossforeigncurrencytranslationadjustmenttax": 1000000,
        "othercomprehensiveincomelosscashflowhedgegainlossafterreclassificationtax": 2000000,
        "revenuefromcontractwithcustomerexcludingassessedtax": 373000000,
        "costofgoodsandservicessold": 331000000,
        "depreciationdepletionandamortization": 21000000,
        "generalandadministrativeexpense": -2000000,
        "otherexpenses": 1000000,
        "costsandexpensesexcludingcostofreimbursableexpense": -1000000,
        "costsandexpenses": -1000000,
        "operatingincomeloss": 31000000,
        "interestexpense": 3000000,
        "foreigncurrencytransactiongainlossbeforetax": -7000000,
        "othernonoperatingincomeexpense": 3000000,
        "incomelossfromcontinuingoperationsbeforeincometaxesextraordinaryitemsnoncontrollinginterest": 92000000,
        "incometaxexpensebenefit": -80000000,
        "netincomelossattributabletononcontrollinginterest": -2000000,
        "netincomeloss": -781000000,
        "earningspersharebasic": 0.55,
        "earningspersharediluted": 0.54,
        "commonstockdividendspersharedeclared": 0.15
    },
    {
        "date": "2018-06-29",
        "symbol": "HLT",
        "period": "Q2",
        "profitloss": -1009000000,
        "othercomprehensiveincomelossforeigncurrencytransactionandtranslationadjustmentnetoftax": -77000000,
        "othercomprehensiveincomelosspensionandotherpostretirementbenefitplansadjustmentnetoftax": -2000000,
        "othercomprehensiveincomelossderivativesqualifyingashedgesnetoftax": 13000000,
        "othercomprehensiveincomelossnetoftax": -62000000,
        "comprehensiveincomenetoftaxincludingportionattributabletononcontrollinginterest": -947000000,
        "comprehensiveincomenetoftaxattributabletononcontrollinginterest": 0,
        "comprehensiveincomenetoftax": -62000000,
        "othercomprehensiveincomelossforeigncurrencytranslationadjustmenttax": 0,
        "othercomprehensiveincomelossderivativesqualifyingashedgestax": 4000000,
        "franchiserevenue": 405000000,
        "managementfeesbaserevenue": 101000000,
        "managementfeesincentiverevenue": 59000000,
        "revenuefromownedhotels": 392000000,
        "otherhoteloperatingrevenue": 1000000,
        "totalrevenuesexcludingreimburseablerevenues.": -3000000,
        "reimbursementrevenue": 158000000,
        "revenues": 392000000,
        "directcostsofhotels": 352000000,
        "depreciationandamortization": 19000000,
        "generalandadministrativeexpense": 0,
        "otherexpenses": -4000000,
        "costsandexpensesexcludingcostofreimbursableexpense": -4000000,
        "costofreimbursableexpense": 151000000,
        "costsandexpenses": -4000000,
        "operatingincomeloss": 29000000,
        "interestexpense": -2000000,
        "foreigncurrencytransactiongainlossbeforetax": 71000000,
        "othernonoperatingincomeexpense": -6000000,
        "incomelossfromcontinuingoperationsbeforeincometaxesextraordinaryitemsnoncontrollinginterest": 160000000,
        "incometaxexpensebenefit": 50000000,
        "netincomelossattributabletononcontrollinginterest": -4000000,
        "netincomeloss": 217000000,
        "earningspersharebasic": 0.71,
        "earningspersharediluted": 0.7,
        "commonstockdividendspersharedeclared": 0.15
    },
    {
        "date": "2018-03-30",
        "symbol": "HLT",
        "period": "Q1",
        "profitloss": -768000000,
        "othercomprehensiveincomelossforeigncurrencytransactionandtranslationadjustmentnetoftax": 32000000,
        "othercomprehensiveincomelosspensionandotherpostretirementbenefitplansadjustmentnetoftax": -1000000,
        "othercomprehensiveincomelossderivativesqualifyingashedgesnetoftax": 28000000,
        "othercomprehensiveincomelossnetoftax": 61000000,
        "comprehensiveincomenetoftaxincludingportionattributabletononcontrollinginterest": -829000000,
        "comprehensiveincomenetoftaxattributabletononcontrollinginterest": 2000000,
        "comprehensiveincomenetoftax": 61000000,
        "othercomprehensiveincomelossforeigncurrencytranslationadjustmenttax": -1000000,
        "othercomprehensiveincomelossderivativesqualifyingashedgestax": 10000000,
        "franchiserevenue": 333000000,
        "managementfeesbaserevenue": 90000000,
        "managementfeesincentiverevenue": 55000000,
        "revenuefromownedhotels": 334000000,
        "otherhoteloperatingrevenue": -5000000,
        "totalrevenuesexcludingreimburseablerevenues.": -9000000,
        "reimbursementrevenue": 140000000,
        "revenues": 334000000,
        "directcostsofhotels": 320000000,
        "depreciationandamortization": 21000000,
        "generalandadministrativeexpense": -4000000,
        "otherexpenses": -4000000,
        "costsandexpensesexcludingcostofreimbursableexpense": -8000000,
        "costofreimbursableexpense": 145000000,
        "costsandexpenses": -8000000,
        "operatingincomeloss": 6000000,
        "interestexpense": -1000000,
        "foreigncurrencytransactiongainlossbeforetax": 6000000,
        "othernonoperatingincomeexpense": 3000000,
        "incomelossfromcontinuingoperationsbeforeincometaxesextraordinaryitemsnoncontrollinginterest": 34000000,
        "incometaxexpensebenefit": 13000000,
        "netincomelossattributabletononcontrollinginterest": 2000000,
        "netincomeloss": 161000000,
        "earningspersharebasic": 0.51,
        "earningspersharediluted": 0.51,
        "commonstockdividendspersharedeclared": 0.15
    },
    {
        "date": "2017-12-30",
        "symbol": "HLT",
        "period": "Q4",
        "profitloss": 3366000000,
        "othercomprehensiveincomelossforeigncurrencytransactionandtranslationadjustmentnetoftax": 44000000,
        "othercomprehensiveincomelossderivativesqualifyingashedgesnetoftax": 17000000,
        "othercomprehensiveincomelossnetoftax": 79000000,
        "comprehensiveincomenetoftaxincludingportionattributabletononcontrollinginterest": -3607000000,
        "comprehensiveincomenetoftaxattributabletononcontrollinginterest": 6000000,
        "comprehensiveincomenetoftax": -5950000000,
        "othercomprehensiveincomelossderivativesqualifyingashedgestax": 9000000,
        "franchiserevenue": 32000000,
        "managementfeesbaserevenue": -98000000,
        "managementfeesincentiverevenue": -101000000,
        "revenuefromownedhotels": 385000000,
        "otherhoteloperatingrevenue": -6000000,
        "reimbursementrevenue": -333000000,
        "revenues": 495000000,
        "directcostsofhotels": 339000000,
        "depreciationandamortization": 23000000,
        "generalandadministrativeexpense": -5000000,
        "otherexpenses": -4000000,
        "costsandexpensesexcludingcostofreimbursableexpense": -9000000,
        "costofreimbursableexpense": -333000000,
        "costsandexpenses": -9000000,
        "operatingincomeloss": 32000000,
        "interestexpense": 0,
        "foreigncurrencytransactiongainlossbeforetax": 0,
        "incomelossfromcontinuingoperationsbeforeincometaxesextraordinaryitemsnoncontrollinginterest": 81000000,
        "incometaxexpensebenefit": -25000000,
        "incomelossfromcontinuingoperationsincludingportionattributabletononcontrollinginterest": 841000000,
        "netincomelossattributabletononcontrollinginterest": 1000000,
        "netincomeloss": -6055000000,
        "incomelossfromcontinuingoperationsperbasicshare": 2.5899999999999994,
        "earningspersharebasic": 2.5899999999999994,
        "incomelossfromcontinuingoperationsperdilutedshare": 2.57,
        "earningspersharediluted": 2.57,
        "commonstockdividendspersharedeclared": 0.14999999999999994
    },
    {
        "date": "2017-09-29",
        "symbol": "HLT",
        "period": "Q3",
        "profitloss": -836000000,
        "othercomprehensiveincomelossforeigncurrencytransactionandtranslationadjustmentnetoftax": 43000000,
        "othercomprehensiveincomelosspensionandotherpostretirementbenefitplansadjustmentnetoftax": 0,
        "othercomprehensiveincomelossderivativesqualifyingashedgesnetoftax": 3000000,
        "othercomprehensiveincomelossnetoftax": 46000000,
        "comprehensiveincomenetoftaxincludingportionattributabletononcontrollinginterest": -883000000,
        "comprehensiveincomenetoftaxattributabletononcontrollinginterest": -3000000,
        "comprehensiveincomenetoftax": 47000000,
        "othercomprehensiveincomelossderivativesqualifyingashedgestax": 2000000,
        "franchiserevenue": -4000000,
        "managementfeesbaserevenue": 38000000,
        "managementfeesincentiverevenue": 37000000,
        "revenuefromownedhotels": 388000000,
        "otherhoteloperatingrevenue": -7000000,
        "reimbursementrevenue": 150000000,
        "revenues": 388000000,
        "directcostsofhotels": 345000000,
        "depreciationandamortization": 24000000,
        "generalandadministrativeexpense": -52000000,
        "otherexpenses": -4000000,
        "costsandexpensesexcludingcostofreimbursableexpense": -5000000,
        "costofreimbursableexpense": 150000000,
        "costsandexpenses": -5000000,
        "operatingincomeloss": 31000000,
        "interestexpense": -28000000,
        "foreigncurrencytransactiongainlossbeforetax": -45000000,
        "incomelossfromcontinuingoperationsbeforeincometaxesextraordinaryitemsnoncontrollinginterest": 49000000,
        "incometaxexpensebenefit": 15000000,
        "incomelossfromcontinuingoperationsincludingportionattributabletononcontrollinginterest": 181000000,
        "netincomelossattributabletononcontrollinginterest": 2000000,
        "netincomeloss": 179000000,
        "incomelossfromcontinuingoperationsperbasicshare": 0.56,
        "earningspersharebasic": 0.56,
        "incomelossfromcontinuingoperationsperdilutedshare": 0.55,
        "earningspersharediluted": 0.55,
        "commonstockdividendspersharedeclared": 0.15000000000000005,
        "stockholdersequityreversestocksplit": " 1-for-3"
    },
    {
        "date": "2017-06-29",
        "symbol": "HLT",
        "period": "Q2",
        "profitloss": -1034000000,
        "othercomprehensiveincomelossforeigncurrencytransactionandtranslationadjustmentnetoftax": 54000000,
        "othercomprehensiveincomelosspensionandotherpostretirementbenefitplansadjustmentnetoftax": -3000000,
        "othercomprehensiveincomelossderivativesqualifyingashedgesnetoftax": -5000000,
        "othercomprehensiveincomelossnetoftax": 52000000,
        "comprehensiveincomenetoftaxincludingportionattributabletononcontrollinginterest": -1085000000,
        "comprehensiveincomenetoftaxattributabletononcontrollinginterest": 3000000,
        "comprehensiveincomenetoftax": 51000000,
        "othercomprehensiveincomelossforeigncurrencytranslationadjustmenttax": 0,
        "othercomprehensiveincomelosspensionandotherpostretirementbenefitplanstax": 0,
        "othercomprehensiveincomelossderivativesqualifyingashedgestax": -2000000,
        "franchiserevenue": -5000000,
        "managementfeesbaserevenue": 32000000,
        "managementfeesincentiverevenue": 35000000,
        "revenuefromownedhotels": 377000000,
        "otherhoteloperatingrevenue": 2000000,
        "revenuesexcludingreimbursementrevenue": -5000000,
        "reimbursementrevenue": 166000000,
        "revenues": 377000000,
        "directcostsofhotels": 330000000,
        "depreciationandamortization": 24000000,
        "generalandadministrativeexpense": 27000000,
        "otherexpenses": -5000000,
        "costsandexpensesexcludingcostofreimbursableexpense": -5000000,
        "costofreimbursableexpense": 166000000,
        "costsandexpenses": -5000000,
        "operatingincomeloss": 37000000,
        "interestexpense": -36000000,
        "foreigncurrencytransactiongainlossbeforetax": -50000000,
        "gainslossesonextinguishmentofdebt": 0,
        "incomelossfromcontinuingoperationsbeforeincometaxesextraordinaryitemsnoncontrollinginterest": 171000000,
        "incometaxexpensebenefit": 62000000,
        "incomelossfromcontinuingoperationsincludingportionattributabletononcontrollinginterest": 167000000,
        "netincomelossattributabletononcontrollinginterest": 1000000,
        "netincomeloss": 166000000,
        "incomelossfromcontinuingoperationsperbasicshare": 0.51,
        "earningspersharebasic": 0.51,
        "incomelossfromcontinuingoperationsperdilutedshare": 0.51,
        "earningspersharediluted": 0.51,
        "commonstockdividendspersharedeclared": 0.15,
        "stockholdersequityreversestocksplit": "1-for-3"
    },
    {
        "date": "2017-03-30",
        "symbol": "HLT",
        "period": "Q1",
        "profitloss": -237000000,
        "othercomprehensiveincomelossforeigncurrencytransactionandtranslationadjustmentnetoftax": 20000000,
        "othercomprehensiveincomelosspensionandotherpostretirementbenefitplansadjustmentnetoftax": -1000000,
        "othercomprehensiveincomelossderivativesqualifyingashedgesnetoftax": -2000000,
        "othercomprehensiveincomelossnetoftax": 19000000,
        "comprehensiveincomenetoftaxincludingportionattributabletononcontrollinginterest": -257000000,
        "comprehensiveincomenetoftaxattributabletononcontrollinginterest": -1000000,
        "comprehensiveincomenetoftax": 20000000,
        "othercomprehensiveincomelossforeigncurrencytranslationadjustmenttax": -1000000,
        "othercomprehensiveincomelosspensionandotherpostretirementbenefitplanstax": -1000000,
        "othercomprehensiveincomelossderivativesqualifyingashedgestax": -2000000,
        "franchiserevenue": -4000000,
        "managementfeesbaserevenue": 33000000,
        "managementfeesincentiverevenue": 30000000,
        "revenuefromownedhotels": 300000000,
        "otherhoteloperatingrevenue": 4000000,
        "revenuesexcludingreimbursementrevenue": -4000000,
        "reimbursementrevenue": 130000000,
        "revenues": 300000000,
        "directcostsofhotels": 272000000,
        "depreciationandamortization": 24000000,
        "generalandadministrativeexpense": 24000000,
        "otherexpenses": -4000000,
        "costsandexpensesexcludingcostofreimbursableexpense": -4000000,
        "costofreimbursableexpense": 130000000,
        "costsandexpenses": -4000000,
        "operatingincomeloss": 21000000,
        "interestexpense": 63000000,
        "foreigncurrencytransactiongainlossbeforetax": -36000000,
        "gainslossesonextinguishmentofdebt": -60000000,
        "othernonoperatingincome": -3000000,
        "incomelossfromcontinuingoperationsbeforeincometaxesextraordinaryitemsnoncontrollinginterest": -126000000,
        "incometaxexpensebenefit": -49000000,
        "incomelossfromcontinuingoperationsincludingportionattributabletononcontrollinginterest": 75000000,
        "netincomelossattributabletononcontrollinginterest": 1000000,
        "netincomeloss": 74000000,
        "incomelossfromcontinuingoperationsperbasicshare": 0.22,
        "earningspersharebasic": 0.22,
        "incomelossfromcontinuingoperationsperdilutedshare": 0.22,
        "earningspersharediluted": 0.22,
        "commonstockdividendspersharedeclared": 0.15,
        "stockholdersequityreversestocksplit": "1-for-3"
    },
    {
        "date": "2016-12-30",
        "symbol": "HLT",
        "period": "Q4",
        "profitloss": -387000000,
        "comprehensiveincomenetoftaxincludingportionattributabletononcontrollinginterest": 1043000000,
        "comprehensiveincomenetoftaxattributabletononcontrollinginterest": 5000000,
        "comprehensiveincomenetoftax": 1043000000,
        "othercomprehensiveincomelossforeigncurrencytranslationadjustmenttax": -33000000,
        "revenuefromownedhotels": 19000000,
        "managementandfranchisefeesandother": -65000000,
        "timesharerevenue": 1339000000,
        "revenuesexcludingreimbursementrevenue": -46000000,
        "reimbursementrevenue": 969000000,
        "revenues": 1261000000,
        "directcostsofhotels": -16000000,
        "timesharecosts": -26000000,
        "depreciationandamortization": -266000000,
        "generalandadministrativeexpense": -4000000,
        "costsandexpensesexcludingcostofreimbursableexpense": -46000000,
        "costofreimbursableexpense": 969000000,
        "costsandexpenses": -306000000,
        "operatingincomeloss": 585000000,
        "investmentincomeinterest": 1000000,
        "interestexpense": 62000000,
        "incomelossfromequitymethodinvestments": 3000000,
        "foreigncurrencytransactiongainlossbeforetax": 77000000,
        "incomelossfromcontinuingoperationsbeforeincometaxesextraordinaryitemsnoncontrollinginterest": -56000000,
        "incometaxexpensebenefit": -22000000,
        "netincomelossattributabletononcontrollinginterest": 5000000,
        "netincomeloss": 868000000,
        "earningspersharebasic": 0.3200000000000001,
        "earningspersharediluted": 0.3100000000000001,
        "commonstockdividendspersharedeclared": 0.6299999999999999,
        "stockholdersequityreversestocksplit": "1-for-3"
    },
    {
        "date": "2016-09-29",
        "symbol": "HLT",
        "period": "Q3",
        "profitloss": 187000000,
        "othercomprehensiveincomelosspensionandotherpostretirementbenefitplansadjustmentnetoftax": 0,
        "comprehensiveincomenetoftaxincludingportionattributabletononcontrollinginterest": -514000000,
        "comprehensiveincomenetoftaxattributabletononcontrollinginterest": 6000000,
        "comprehensiveincomenetoftax": -514000000,
        "othercomprehensiveincomelossforeigncurrencytranslationadjustmenttax": -1000000,
        "revenuefromownedhotels": -7000000,
        "managementandfranchisefeesandother": -24000000,
        "timesharerevenue": 17000000,
        "revenuesexcludingreimbursementrevenue": -31000000,
        "reimbursementrevenue": -324000000,
        "revenues": 358000000,
        "directcostsofhotels": -22000000,
        "timesharecosts": -6000000,
        "depreciationandamortization": 88000000,
        "generalandadministrativeexpense": -3000000,
        "costsandexpensesexcludingcostofreimbursableexpense": -31000000,
        "costofreimbursableexpense": -324000000,
        "costsandexpenses": -355000000,
        "operatingincomeloss": 221000000,
        "investmentincomeinterest": 1000000,
        "interestexpense": 65000000,
        "incomelossfromequitymethodinvestments": 2000000,
        "foreigncurrencytransactiongainlossbeforetax": 12000000,
        "incomelossfromcontinuingoperationsbeforeincometaxesextraordinaryitemsnoncontrollinginterest": -70000000,
        "incometaxexpensebenefit": -27000000,
        "netincomelossattributabletononcontrollinginterest": 5000000,
        "netincomeloss": -514000000,
        "earningspersharebasic": 0.17999999999999994,
        "earningspersharediluted": 0.18999999999999995,
        "commonstockdividendspersharedeclared": 0.06999999999999998
    },
    {
        "date": "2016-06-29",
        "symbol": "HLT",
        "period": "Q2",
        "profitloss": 239000000,
        "othercomprehensiveincomelossforeigncurrencytransactionandtranslationadjustmentnetoftax": 0,
        "othercomprehensiveincomelosspensionandotherpostretirementbenefitplansadjustmentnetoftax": -1000000,
        "othercomprehensiveincomelossderivativesqualifyingashedgesnetoftax": 0,
        "othercomprehensiveincomelossnetoftax": 0,
        "comprehensiveincomenetoftaxincludingportionattributabletononcontrollinginterest": -609000000,
        "comprehensiveincomenetoftaxattributabletononcontrollinginterest": 5000000,
        "comprehensiveincomenetoftax": -609000000,
        "othercomprehensiveincomelossforeigncurrencytranslationadjustmenttax": 12000000,
        "othercomprehensiveincomelosspensionandotherpostretirementbenefitplanstax": 0,
        "othercomprehensiveincomelossderivativesqualifyingashedgestax": 0,
        "revenuefromownedhotels": -8000000,
        "managementandfranchisefeesandother": -26000000,
        "timesharerevenue": 17000000,
        "revenuesexcludingreimbursementrevenue": -34000000,
        "reimbursementrevenue": -243000000,
        "revenues": 336000000,
        "directcostsofhotels": -24000000,
        "timesharecosts": -7000000,
        "depreciationandamortization": 90000000,
        "assetimpairmentcharges": 0,
        "generalandadministrativeexpense": -3000000,
        "costsandexpensesexcludingcostofreimbursableexpense": -34000000,
        "costofreimbursableexpense": -243000000,
        "costsandexpenses": -277000000,
        "operatingincomeloss": 243000000,
        "investmentincomeinterest": 1000000,
        "interestexpense": 67000000,
        "incomelossfromequitymethodinvestments": -2000000,
        "foreigncurrencytransactiongainlossbeforetax": 54000000,
        "incomelossfromcontinuingoperationsbeforeincometaxesextraordinaryitemsnoncontrollinginterest": -67000000,
        "incometaxexpensebenefit": -25000000,
        "netincomelossattributabletononcontrollinginterest": 5000000,
        "netincomeloss": -661000000,
        "earningspersharebasic": 0.25000000000000006,
        "earningspersharediluted": 0.24000000000000005,
        "commonstockdividendspersharedeclared": 0.07
    },
    {
        "date": "2016-03-30",
        "symbol": "HLT",
        "period": "Q1",
        "profitloss": 309000000,
        "othercomprehensiveincomelossforeigncurrencytransactionandtranslationadjustmentnetoftax": -2000000,
        "othercomprehensiveincomelosspensionandotherpostretirementbenefitplansadjustmentnetoftax": -1000000,
        "othercomprehensiveincomelossderivativesqualifyingashedgesnetoftax": -6000000,
        "othercomprehensiveincomelossnetoftax": -2000000,
        "comprehensiveincomenetoftaxincludingportionattributabletononcontrollinginterest": -322000000,
        "comprehensiveincomenetoftaxattributabletononcontrollinginterest": -1000000,
        "comprehensiveincomenetoftax": -322000000,
        "othercomprehensiveincomelossforeigncurrencytranslationadjustmenttax": 3000000,
        "othercomprehensiveincomelosspensionandotherpostretirementbenefitplanstax": -1000000,
        "othercomprehensiveincomelossderivativesqualifyingashedgestax": -4000000,
        "revenuefromownedhotels": -7000000,
        "managementandfranchisefeesandother": -28000000,
        "timesharerevenue": 17000000,
        "revenuesexcludingreimbursementrevenue": -35000000,
        "reimbursementrevenue": -258000000,
        "revenues": 326000000,
        "directcostsofhotels": -25000000,
        "timesharecosts": -6000000,
        "depreciationandamortization": 89000000,
        "assetimpairmentcharges": 15000000,
        "generalandadministrativeexpense": -4000000,
        "costsandexpensesexcludingcostofreimbursableexpense": -35000000,
        "costofreimbursableexpense": -258000000,
        "costsandexpenses": -293000000,
        "operatingincomeloss": 138000000,
        "investmentincomeinterest": 1000000,
        "interestexpense": 67000000,
        "incomelossfromequitymethodinvestments": 3000000,
        "foreigncurrencytransactiongainlossbeforetax": -17000000,
        "incomelossfromcontinuingoperationsbeforeincometaxesextraordinaryitemsnoncontrollinginterest": -67000000,
        "incometaxexpensebenefit": -26000000,
        "netincomelossattributabletononcontrollinginterest": 1000000,
        "netincomeloss": -312000000,
        "earningspersharebasic": 0.31,
        "earningspersharediluted": 0.31,
        "commonstockdividendspersharedeclared": 0.07
    },
    {
        "date": "2015-12-30",
        "symbol": "HLT",
        "period": "Q4",
        "profitloss": 1737000000,
        "othercomprehensiveincomelossforeigncurrencytransactionandtranslationadjustmentnetoftax": 23000000,
        "othercomprehensiveincomelosspensionandotherpostretirementbenefitplansadjustmentnetoftax": 18000000,
        "othercomprehensiveincomelossderivativesqualifyingashedgesnetoftax": 4000000,
        "othercomprehensiveincomelossnetoftax": 9000000,
        "comprehensiveincomenetoftaxincludingportionattributabletononcontrollinginterest": -1974000000,
        "comprehensiveincomenetoftax": -1974000000,
        "othercomprehensiveincomelossforeigncurrencytranslationadjustmenttax": -41000000,
        "othercomprehensiveincomelossderivativesqualifyingashedgestax": 3000000,
        "revenuefromownedhotels": -9000000,
        "managementandfranchisefeesandother": -23000000,
        "timesharerevenue": 18000000,
        "revenuesexcludingreimbursementrevenue": -32000000,
        "reimbursementrevenue": 880000000,
        "revenues": 1454000000,
        "directcostsofhotels": -20000000,
        "timesharecosts": -8000000,
        "depreciationandamortization": 92000000,
        "generalandadministrativeexpense": -4000000,
        "costsandexpensesexcludingcostofreimbursableexpense": -32000000,
        "costofreimbursableexpense": 880000000,
        "costsandexpenses": -271000000,
        "gainlossondispositionofassets1": -165000000,
        "operatingincomeloss": 223000000,
        "investmentincomeinterest": -26000000,
        "interestexpense": 207000000,
        "incomelossfromequitymethodinvestments": 1000000,
        "foreigncurrencytransactiongainlossbeforetax": -24000000,
        "othernonoperatingincomeexpense": -23000000,
        "incomelossfromcontinuingoperationsbeforeincometaxesextraordinaryitemsnoncontrollinginterest": 14000000,
        "incometaxexpensebenefit": -26000000,
        "netincomeloss": -1965000000
    },
    {
        "date": "2015-09-29",
        "symbol": "HLT",
        "period": "Q3",
        "profitloss": -644000000,
        "othercomprehensiveincomelossforeigncurrencytransactionandtranslationadjustmentnetoftax": -115000000,
        "othercomprehensiveincomelosspensionandotherpostretirementbenefitplansadjustmentnetoftax": -1000000,
        "othercomprehensiveincomelossderivativesqualifyingashedgesnetoftax": -6000000,
        "othercomprehensiveincomelossnetoftax": -120000000,
        "comprehensiveincomenetoftaxincludingportionattributabletononcontrollinginterest": -524000000,
        "comprehensiveincomenetoftaxattributabletononcontrollinginterest": 4000000,
        "comprehensiveincomenetoftax": -524000000,
        "othercomprehensiveincomelossforeigncurrencytranslationadjustmenttax": 79000000,
        "othercomprehensiveincomelosspensionandotherpostretirementbenefitplanstax": -1000000,
        "othercomprehensiveincomelossderivativesqualifyingashedgestax": -4000000,
        "revenuefromownedhotels": -7000000,
        "managementandfranchisefeesandother": -25000000,
        "timesharerevenue": 20000000,
        "revenuesexcludingreimbursementrevenue": -32000000,
        "reimbursementrevenue": -252000000,
        "revenues": 334000000,
        "directcostsofhotels": -21000000,
        "timesharecosts": -6000000,
        "depreciationandamortization": 89000000,
        "generalandadministrativeexpense": -5000000,
        "costsandexpensesexcludingcostofreimbursableexpense": -32000000,
        "costofreimbursableexpense": -252000000,
        "costsandexpenses": -284000000,
        "gainlossondispositionofassets1": 164000000,
        "operatingincomeloss": 396000000,
        "investmentincomeinterest": 1000000,
        "interestexpense": 69000000,
        "incomelossfromequitymethodinvestments": 2000000,
        "foreigncurrencytransactiongainlossbeforetax": -221000000,
        "othernonoperatingincomeexpense": 1000000,
        "incomelossfromcontinuingoperationsbeforeincometaxesextraordinaryitemsnoncontrollinginterest": 10000000,
        "incometaxexpensebenefit": -27000000,
        "netincomelossattributabletononcontrollinginterest": 4000000,
        "netincomeloss": -644000000,
        "earningspersharebasic": 0.28,
        "earningspersharediluted": 0.28,
        "commonstockdividendspersharedeclared": 0.07
    },
    {
        "date": "2015-06-29",
        "symbol": "HLT",
        "period": "Q2",
        "profitloss": 161000000,
        "othercomprehensiveincomelossforeigncurrencytransactionandtranslationadjustmentnetoftax": 192000000,
        "othercomprehensiveincomelosspensionandotherpostretirementbenefitplansadjustmentnetoftax": -1000000,
        "othercomprehensiveincomelossderivativesqualifyingashedgesnetoftax": 2000000,
        "othercomprehensiveincomelossnetoftax": 195000000,
        "comprehensiveincomenetoftaxincludingportionattributabletononcontrollinginterest": -882000000,
        "comprehensiveincomenetoftax": -882000000,
        "othercomprehensiveincomelossforeigncurrencytranslationadjustmenttax": -121000000,
        "othercomprehensiveincomelosspensionandotherpostretirementbenefitplanstax": 0,
        "othercomprehensiveincomelossderivativesqualifyingashedgestax": 1000000,
        "revenuefromownedhotels": -5000000,
        "managementandfranchisefeesandother": -25000000,
        "timesharerevenue": 21000000,
        "revenuesexcludingreimbursementrevenue": -30000000,
        "reimbursementrevenue": -232000000,
        "revenues": 908000000,
        "directcostsofhotels": -23000000,
        "timesharecosts": -5000000,
        "depreciationandamortization": 92000000,
        "generalandadministrativeexpense": -2000000,
        "costsandexpensesexcludingcostofreimbursableexpense": -30000000,
        "costofreimbursableexpense": -232000000,
        "costsandexpenses": -262000000,
        "gainlossondispositionofassets1": -2000000,
        "operatingincomeloss": 255000000,
        "investmentincomeinterest": 13000000,
        "interestexpense": 2000000,
        "incomelossfromequitymethodinvestments": 1000000,
        "foreigncurrencytransactiongainlossbeforetax": 328000000,
        "othernonoperatingincomeexpense": 49000000,
        "incomelossfromcontinuingoperationsbeforeincometaxesextraordinaryitemsnoncontrollinginterest": 107000000,
        "incometaxexpensebenefit": -27000000,
        "netincomeloss": -687000000
    },
    {
        "date": "2015-03-30",
        "symbol": "HLT",
        "period": "Q1",
        "profitloss": 150000000,
        "othercomprehensiveincomelossforeigncurrencytransactionandtranslationadjustmentnetoftax": -234000000,
        "othercomprehensiveincomelosspensionandotherpostretirementbenefitplansadjustmentnetoftax": -1000000,
        "othercomprehensiveincomelossderivativesqualifyingashedgesnetoftax": -7000000,
        "othercomprehensiveincomelossnetoftax": -240000000,
        "comprehensiveincomenetoftaxincludingportionattributabletononcontrollinginterest": -67000000,
        "comprehensiveincomenetoftax": -67000000,
        "othercomprehensiveincomelossforeigncurrencytranslationadjustmenttax": 91000000,
        "othercomprehensiveincomelosspensionandotherpostretirementbenefitplanstax": -1000000,
        "othercomprehensiveincomelossderivativesqualifyingashedgestax": -4000000,
        "revenuefromownedhotels": -7000000,
        "managementandfranchisefeesandother": -25000000,
        "timesharerevenue": 22000000,
        "revenuesexcludingreimbursementrevenue": -32000000,
        "reimbursementrevenue": -236000000,
        "revenues": -268000000,
        "directcostsofhotels": -22000000,
        "timesharecosts": -6000000,
        "depreciationandamortization": 83000000,
        "generalandadministrativeexpense": -4000000,
        "costsandexpensesexcludingcostofreimbursableexpense": -32000000,
        "costofreimbursableexpense": -236000000,
        "costsandexpenses": -268000000,
        "gainlossondispositionofassets1": 146000000,
        "operatingincomeloss": 281000000,
        "investmentincomeinterest": 15000000,
        "interestexpense": 3000000,
        "incomelossfromequitymethodinvestments": 1000000,
        "foreigncurrencytransactiongainlossbeforetax": -201000000,
        "othernonoperatingincomeexpense": -25000000,
        "incomelossfromcontinuingoperationsbeforeincometaxesextraordinaryitemsnoncontrollinginterest": -73000000,
        "incometaxexpensebenefit": -28000000,
        "netincomeloss": -307000000,
        "earningspersharebasicanddiluted": 0.15
    },
    {
        "date": "2014-12-30",
        "symbol": "HLT",
        "period": "Q4",
        "profitloss": 273000000,
        "othercomprehensiveincomelossforeigncurrencytransactionandtranslationadjustmentnetoftax": 166000000,
        "othercomprehensiveincomelosspensionandotherpostretirementbenefitplansadjustmentnetoftax": 48000000,
        "othercomprehensiveincomelossderivativesqualifyingashedgesnetoftax": -5000000,
        "othercomprehensiveincomelossnetoftax": 165000000,
        "comprehensiveincomenetoftaxincludingportionattributabletononcontrollinginterest": -1954000000,
        "comprehensiveincomenetoftaxattributabletononcontrollinginterest": 4000000,
        "comprehensiveincomenetoftax": -1944000000,
        "othercomprehensiveincomelossforeigncurrencytranslationadjustmenttax": 80000000,
        "othercomprehensiveincomelossderivativesqualifyingashedgestax": -3000000,
        "revenuefromownedhotels": -3172000000,
        "managementandfranchisefeesandother": -1144000000,
        "timesharerevenue": -754000000,
        "reimbursementrevenue": -2360000000,
        "revenues": 1983000000,
        "directcostsofhotels": -2492000000,
        "timesharecosts": -613000000,
        "depreciationandamortization": -148000000,
        "generalandadministrativeexpense": -373000000,
        "costofreimbursableexpense": -2360000000,
        "costsandexpenses": -7465000000,
        "operatingincomeloss": 20000000,
        "investmentincomeinterest": 16000000,
        "interestexpense": -3000000,
        "incomelossfromequitymethodinvestments": -12000000,
        "foreigncurrencytransactiongainlossbeforetax": -456000000,
        "othernonoperatingincomeexpense": -7000000,
        "incomelossfromcontinuingoperationsbeforeincometaxesextraordinaryitemsnoncontrollinginterest": -1188000000,
        "incometaxexpensebenefit": -459000000,
        "netincomelossattributabletononcontrollinginterest": 1000000,
        "netincomeloss": -2436000000,
        "earningspersharebasicanddiluted": 0.16000000000000003
    },
    {
        "date": "2014-09-29",
        "symbol": "HLT",
        "period": "Q3",
        "profitloss": 187000000,
        "othercomprehensiveincomelossforeigncurrencytransactionandtranslationadjustmentnetoftax": -212000000,
        "othercomprehensiveincomelosspensionandotherpostretirementbenefitplansadjustmentnetoftax": 1000000,
        "othercomprehensiveincomelossderivativesqualifyingashedgesnetoftax": 5000000,
        "othercomprehensiveincomelossnetoftax": -208000000,
        "comprehensiveincomenetoftaxincludingportionattributabletononcontrollinginterest": -21000000,
        "comprehensiveincomenetoftaxattributabletononcontrollinginterest": 8000000,
        "comprehensiveincomenetoftax": -29000000,
        "othercomprehensiveincomelossforeigncurrencytranslationadjustmenttax": 95000000,
        "othercomprehensiveincomelosspensionandotherpostretirementbenefitplanstax": -2000000,
        "othercomprehensiveincomelossderivativesqualifyingashedgestax": 3000000,
        "revenuefromownedhotels": 1079000000,
        "managementandfranchisefeesandother": 364000000,
        "timesharerevenue": 295000000,
        "revenuesexcludingreimbursementrevenue": 1738000000,
        "reimbursementrevenue": 906000000,
        "revenues": 295000000,
        "directcostsofhotels": 816000000,
        "timesharecosts": 199000000,
        "depreciationandamortization": 159000000,
        "generalandadministrativeexpense": 119000000,
        "costsandexpensesexcludingcostofreimbursableexpense": 1293000000,
        "costofreimbursableexpense": 906000000,
        "costsandexpenses": 2199000000,
        "operatingincomeloss": 445000000,
        "investmentincomeinterest": 17000000,
        "interestexpense": 4000000,
        "incomelossfromequitymethodinvestments": 4000000,
        "foreigncurrencytransactiongainlossbeforetax": -5000000,
        "othernonoperatingincomeexpense": 24000000,
        "incomelossfromcontinuingoperationsbeforeincometaxesextraordinaryitemsnoncontrollinginterest": 314000000,
        "incometaxexpensebenefit": 127000000,
        "netincomelossattributabletononcontrollinginterest": 4000000,
        "netincomeloss": 183000000,
        "earningspersharebasicanddiluted": 0.19
    },
    {
        "date": "2014-06-29",
        "symbol": "HLT",
        "period": "Q2",
        "profitloss": 212000000,
        "othercomprehensiveincomelossforeigncurrencytransactionandtranslationadjustmentnetoftax": 53000000,
        "othercomprehensiveincomelosspensionandotherpostretirementbenefitplansadjustmentnetoftax": -3000000,
        "othercomprehensiveincomelossderivativesqualifyingashedgesnetoftax": -6000000,
        "othercomprehensiveincomelossnetoftax": 50000000,
        "comprehensiveincomenetoftaxincludingportionattributabletononcontrollinginterest": 262000000,
        "comprehensiveincomenetoftaxattributabletononcontrollinginterest": 3000000,
        "comprehensiveincomenetoftax": 259000000,
        "othercomprehensiveincomelossforeigncurrencytranslationadjustmenttax": -66000000,
        "othercomprehensiveincomelosspensionandotherpostretirementbenefitplanstax": -1000000,
        "othercomprehensiveincomelossderivativesqualifyingashedgestax": -3000000,
        "revenuefromownedhotels": 1117000000,
        "managementandfranchisefeesandother": 354000000,
        "timesharerevenue": 276000000,
        "reimbursementrevenue": 920000000,
        "revenues": 276000000,
        "directcostsofhotels": 833000000,
        "timesharecosts": 188000000,
        "depreciationandamortization": 158000000,
        "generalandadministrativeexpense": 133000000,
        "costofreimbursableexpense": 920000000,
        "costsandexpenses": 2232000000,
        "operatingincomeloss": 435000000,
        "investmentincomeinterest": 12000000,
        "interestexpense": 2000000,
        "incomelossfromequitymethodinvestments": 8000000,
        "foreigncurrencytransactiongainlossbeforetax": 32000000,
        "othernonoperatingincomeexpense": 11000000,
        "incomelossfromcontinuingoperationsbeforeincometaxesextraordinaryitemsnoncontrollinginterest": 333000000,
        "incometaxexpensebenefit": 121000000,
        "netincomelossattributabletononcontrollinginterest": 3000000,
        "netincomeloss": 209000000,
        "earningspersharebasicanddiluted": 0.21
    },
    {
        "date": "2014-03-30",
        "symbol": "HLT",
        "period": "Q1",
        "profitloss": 1000000,
        "othercomprehensiveincomelossforeigncurrencytransactionandtranslationadjustmentnetoftax": -2000000,
        "othercomprehensiveincomelosspensionandotherpostretirementbenefitplansadjustmentnetoftax": -1000000,
        "othercomprehensiveincomelossderivativesqualifyingashedgesnetoftax": -3000000,
        "othercomprehensiveincomelossnetoftax": -2000000,
        "comprehensiveincomenetoftaxincludingportionattributabletononcontrollinginterest": 150000000,
        "comprehensiveincomenetoftaxattributabletononcontrollinginterest": -1000000,
        "comprehensiveincomenetoftax": 151000000,
        "othercomprehensiveincomelossforeigncurrencytranslationadjustmenttax": -36000000,
        "othercomprehensiveincomelossderivativesqualifyingashedgestax": -2000000,
        "revenuefromownedhotels": 945000000,
        "managementandfranchisefeesandother": 312000000,
        "timesharerevenue": 279000000,
        "reimbursementrevenue": 827000000,
        "revenues": 21000000,
        "directcostsofhotels": 771000000,
        "timesharecosts": 177000000,
        "depreciationandamortization": 153000000,
        "generalandadministrativeexpense": 97000000,
        "costofreimbursableexpense": 827000000,
        "costsandexpenses": 2025000000,
        "operatingincomeloss": 338000000,
        "investmentincomeinterest": 7000000,
        "interestexpense": 5000000,
        "incomelossfromequitymethodinvestments": 4000000,
        "foreigncurrencytransactiongainlossbeforetax": 14000000,
        "othernonoperatingincomeexpense": 3000000,
        "incomelossfromcontinuingoperationsbeforeincometaxesextraordinaryitemsnoncontrollinginterest": 207000000,
        "incometaxexpensebenefit": 83000000,
        "netincomelossattributabletononcontrollinginterest": 1000000,
        "netincomeloss": 123000000,
        "earningspersharebasicanddiluted": 0.12
    }
]