[
    {
        "date": "2024-09-29",
        "symbol": "CL",
        "period": "Q3",
        "revenuefromcontractwithcustomerexcludingassessedtax": 5033000000,
        "costofrevenue": 1959000000,
        "grossprofit": 3074000000,
        "sellinggeneralandadministrativeexpense": 1979000000,
        "otheroperatingincomeexpensenet": -30000000,
        "operatingincomeloss": 1065000000,
        "netperiodicdefinedbenefitsexpensereversalofexpenseexcludingservicecostcomponent": 23000000,
        "interestincomeexpensenonoperatingnet": -56000000,
        "incomelossfromcontinuingoperationsbeforeincometaxesextraordinaryitemsnoncontrollinginterest": 986000000,
        "incometaxexpensebenefit": 210000000,
        "profitloss": 39000000,
        "netincomelossattributabletononcontrollinginterest": 39000000,
        "netincomeloss": 737000000,
        "earningspersharebasic": 0.9,
        "earningspersharediluted": 0.9,
        "othercomprehensiveincomelossforeigncurrencytransactionandtranslationadjustmentnetoftax": 44000000,
        "othercomprehensiveincomelosspensionandotherpostretirementbenefitplansadjustmentnetoftax": -21000000,
        "othercomprehensiveincomelosscashflowhedgegainlossafterreclassificationandtax": -7000000,
        "othercomprehensiveincomelossnetoftax": 55000000,
        "comprehensiveincomenetoftaxincludingportionattributabletononcontrollinginterest": 834000000,
        "othercomprehensiveincomeforeigncurrencytransactionandtranslationadjustmentnetoftaxportionattributabletononcontrollinginterest": 3000000,
        "comprehensiveincomenetoftaxattributabletononcontrollinginterest": 42000000,
        "comprehensiveincomenetoftax": 792000000
    },
    {
        "date": "2024-06-29",
        "symbol": "CL",
        "period": "Q2",
        "revenuefromcontractwithcustomerexcludingassessedtax": 5058000000,
        "costofrevenue": 1992000000,
        "grossprofit": 3066000000,
        "sellinggeneralandadministrativeexpense": 1939000000,
        "otheroperatingincomeexpensenet": -35000000,
        "operatingincomeloss": 1092000000,
        "netperiodicdefinedbenefitsexpensereversalofexpenseexcludingservicecostcomponent": 22000000,
        "interestincomeexpensenonoperatingnet": -60000000,
        "incomelossfromcontinuingoperationsbeforeincometaxesextraordinaryitemsnoncontrollinginterest": 1010000000,
        "incometaxexpensebenefit": 243000000,
        "profitloss": 767000000,
        "netincomelossattributabletononcontrollinginterest": 36000000,
        "netincomeloss": 731000000,
        "earningspersharebasic": 0.89,
        "earningspersharediluted": 0.89,
        "othercomprehensiveincomelossforeigncurrencytransactionandtranslationadjustmentnetoftax": -118000000,
        "othercomprehensiveincomelosspensionandotherpostretirementbenefitplansadjustmentnetoftax": -6000000,
        "othercomprehensiveincomelosscashflowhedgegainlossafterreclassificationandtax": 2000000,
        "othercomprehensiveincomelossnetoftax": -110000000,
        "comprehensiveincomenetoftaxincludingportionattributabletononcontrollinginterest": 657000000,
        "othercomprehensiveincomeforeigncurrencytransactionandtranslationadjustmentnetoftaxportionattributabletononcontrollinginterest": -1000000,
        "comprehensiveincomenetoftaxattributabletononcontrollinginterest": 35000000,
        "comprehensiveincomenetoftax": 622000000
    },
    {
        "date": "2024-03-30",
        "symbol": "CL",
        "period": "Q1",
        "revenuefromcontractwithcustomerexcludingassessedtax": 5065000000,
        "costofrevenue": 2026000000,
        "grossprofit": 3039000000,
        "sellinggeneralandadministrativeexpense": 1916000000,
        "otheroperatingincomeexpensenet": -76000000,
        "operatingincomeloss": 1047000000,
        "netperiodicdefinedbenefitsexpensereversalofexpenseexcludingservicecostcomponent": 22000000,
        "interestexpensenet": 58000000,
        "incomelossfromcontinuingoperationsbeforeincometaxesextraordinaryitemsnoncontrollinginterest": 967000000,
        "incometaxexpensebenefit": 238000000,
        "profitloss": 729000000,
        "netincomelossattributabletononcontrollinginterest": 46000000,
        "netincomeloss": 683000000,
        "earningspersharebasic": 0.83,
        "earningspersharediluted": 0.83,
        "othercomprehensiveincomelossforeigncurrencytransactionandtranslationadjustmentnetoftax": -94000000,
        "othercomprehensiveincomelosspensionandotherpostretirementbenefitplansadjustmentnetoftax": -4000000,
        "othercomprehensiveincomelosscashflowhedgegainlossafterreclassificationandtax": 1000000,
        "othercomprehensiveincomelossnetoftax": -89000000,
        "comprehensiveincomenetoftaxincludingportionattributabletononcontrollinginterest": 640000000,
        "othercomprehensiveincomeforeigncurrencytransactionandtranslationadjustmentnetoftaxportionattributabletononcontrollinginterest": -7000000,
        "comprehensiveincomenetoftaxattributabletononcontrollinginterest": 39000000,
        "comprehensiveincomenetoftax": 601000000
    },
    {
        "date": "2023-12-30",
        "symbol": "CL",
        "period": "Q4",
        "revenuefromcontractwithcustomerexcludingassessedtax": 12425000000,
        "costofrevenue": 2000000000,
        "grossprofit": 2950000000,
        "sellinggeneralandadministrativeexpense": 1803000000,
        "otheroperatingincomeexpensenet": -75000000,
        "operatingincomeloss": 3295000000,
        "netperiodicdefinedbenefitsexpensereversalofexpenseexcludingservicecostcomponent": 22000000,
        "interestexpensenet": 62000000,
        "incomelossfromcontinuingoperationsbeforeincometaxesextraordinaryitemsnoncontrollinginterest": 988000000,
        "incometaxexpensebenefit": 228000000,
        "profitloss": 1634000000,
        "netincomelossattributabletononcontrollinginterest": 42000000,
        "netincomeloss": 718000000,
        "earningspersharebasic": 0.8600000000000001,
        "earningspersharediluted": 0.8600000000000001,
        "othercomprehensiveincomelossforeigncurrencytransactionandtranslationadjustmentnetoftax": 107000000,
        "othercomprehensiveincomelosspensionandotherpostretirementbenefitplansadjustmentnetoftax": 61000000,
        "othercomprehensiveincomelosscashflowhedgegainlossafterreclassificationandtax": -8000000,
        "othercomprehensiveincomelossnetoftax": 121000000,
        "comprehensiveincomenetoftaxincludingportionattributabletononcontrollinginterest": 798000000,
        "othercomprehensiveincomeforeigncurrencytransactionandtranslationadjustmentnetoftaxportionattributabletononcontrollinginterest": 2000000,
        "comprehensiveincomenetoftaxattributabletononcontrollinginterest": 44000000,
        "comprehensiveincomenetoftax": 754000000
    },
    {
        "date": "2023-09-29",
        "symbol": "CL",
        "period": "Q3",
        "revenuefromcontractwithcustomerexcludingassessedtax": 4915000000,
        "costofrevenue": 2038000000,
        "grossprofit": 2877000000,
        "sellinggeneralandadministrativeexpense": 1822000000,
        "otheroperatingincomeexpensenet": -26000000,
        "operatingincomeloss": 1029000000,
        "netperiodicdefinedbenefitsexpensereversalofexpenseexcludingservicecostcomponent": 15000000,
        "interestexpensenet": 58000000,
        "incomelossfromcontinuingoperationsbeforeincometaxesextraordinaryitemsnoncontrollinginterest": 956000000,
        "incometaxexpensebenefit": 209000000,
        "profitloss": 747000000,
        "netincomelossattributabletononcontrollinginterest": 39000000,
        "netincomeloss": 708000000,
        "earningspersharebasic": 0.86,
        "earningspersharediluted": 0.86,
        "othercomprehensiveincomelossforeigncurrencytransactionandtranslationadjustmentnetoftax": -79000000,
        "othercomprehensiveincomelosspensionandotherpostretirementbenefitplansadjustmentnetoftax": -32000000,
        "othercomprehensiveincomelosscashflowhedgegainlossafterreclassificationandtax": 5000000,
        "othercomprehensiveincomelossnetoftax": -42000000,
        "comprehensiveincomenetoftaxincludingportionattributabletononcontrollinginterest": 705000000,
        "othercomprehensiveincomeforeigncurrencytransactionandtranslationadjustmentnetoftaxportionattributabletononcontrollinginterest": -3000000,
        "comprehensiveincomenetoftaxattributabletononcontrollinginterest": 36000000,
        "comprehensiveincomenetoftax": 669000000
    },
    {
        "date": "2023-06-29",
        "symbol": "CL",
        "period": "Q2",
        "revenuefromcontractwithcustomerexcludingassessedtax": 1056000000,
        "costofrevenue": 2035000000,
        "grossprofit": 2787000000,
        "sellinggeneralandadministrativeexpense": 1768000000,
        "otheroperatingincomeexpensenet": -45000000,
        "operatingincomeloss": -172000000,
        "netperiodicdefinedbenefitsexpensereversalofexpenseexcludingservicecostcomponent": 29000000,
        "interestexpensenet": 58000000,
        "incomelossfromcontinuingoperationsbeforeincometaxesextraordinaryitemsnoncontrollinginterest": 887000000,
        "incometaxexpensebenefit": 353000000,
        "profitloss": 32000000,
        "netincomelossattributabletononcontrollinginterest": 32000000,
        "netincomeloss": 502000000,
        "earningspersharebasic": 0.61,
        "earningspersharediluted": 0.6,
        "othercomprehensiveincomelossforeigncurrencytransactionandtranslationadjustmentnetoftax": 27000000,
        "othercomprehensiveincomelosspensionandotherpostretirementbenefitplansadjustmentnetoftax": -6000000,
        "othercomprehensiveincomelosscashflowhedgegainlossafterreclassificationandtax": -10000000,
        "othercomprehensiveincomelossnetoftax": -10000000,
        "comprehensiveincomenetoftaxincludingportionattributabletononcontrollinginterest": 557000000,
        "othercomprehensiveincomeforeigncurrencytransactionandtranslationadjustmentnetoftaxportionattributabletononcontrollinginterest": -25000000,
        "comprehensiveincomenetoftaxattributabletononcontrollinginterest": 7000000,
        "comprehensiveincomenetoftax": 550000000
    },
    {
        "date": "2023-03-30",
        "symbol": "CL",
        "period": "Q1",
        "revenuefromcontractwithcustomerexcludingassessedtax": 1061000000,
        "costofrevenue": 2058000000,
        "grossprofit": 2712000000,
        "sellinggeneralandadministrativeexpense": 1758000000,
        "otheroperatingincomeexpensenet": -45000000,
        "operatingincomeloss": -168000000,
        "netperiodicdefinedbenefitsexpensereversalofexpenseexcludingservicecostcomponent": 294000000,
        "interestexpensenet": 54000000,
        "incomelossfromcontinuingoperationsbeforeincometaxesextraordinaryitemsnoncontrollinginterest": 561000000,
        "incometaxexpensebenefit": 147000000,
        "profitloss": 42000000,
        "netincomelossattributabletononcontrollinginterest": 42000000,
        "netincomeloss": 372000000,
        "earningspersharebasic": 0.45,
        "earningspersharediluted": 0.45,
        "othercomprehensiveincomelossforeigncurrencytransactionandtranslationadjustmentnetoftax": 43000000,
        "othercomprehensiveincomelosspensionandotherpostretirementbenefitplansadjustmentnetoftax": -7000000,
        "othercomprehensiveincomelosscashflowhedgegainlossafterreclassificationandtax": 6000000,
        "othercomprehensiveincomelossnetoftax": 6000000,
        "comprehensiveincomenetoftaxincludingportionattributabletononcontrollinginterest": 470000000,
        "othercomprehensiveincomeforeigncurrencytransactionandtranslationadjustmentnetoftaxportionattributabletononcontrollinginterest": -16000000,
        "comprehensiveincomenetoftaxattributabletononcontrollinginterest": 26000000,
        "comprehensiveincomenetoftax": 444000000
    },
    {
        "date": "2022-12-30",
        "symbol": "CL",
        "period": "Q4",
        "revenuefromcontractwithcustomerexcludingassessedtax": -221000000,
        "costofrevenue": 2055000000,
        "grossprofit": 2574000000,
        "sellinggeneralandadministrativeexpense": -3058000000,
        "otheroperatingincomeexpensenet": -18000000,
        "operatingincomeloss": -879000000,
        "netperiodicdefinedbenefitsexpensereversalofexpenseexcludingservicecostcomponent": 15000000,
        "interestexpensenet": 55000000,
        "incomelossfromcontinuingoperationsbeforeincometaxesextraordinaryitemsnoncontrollinginterest": 132000000,
        "incometaxexpensebenefit": 89000000,
        "profitloss": -1083000000,
        "netincomelossattributabletononcontrollinginterest": 166000000,
        "netincomeloss": 5000000,
        "earningspersharebasic": -1.1102230246251565e-16,
        "earningspersharediluted": 0.009999999999999898,
        "othercomprehensiveincomelossforeigncurrencytransactionandtranslationadjustmentnetoftax": 81000000,
        "othercomprehensiveincomelosspensionandotherpostretirementbenefitplansadjustmentnetoftax": -88000000,
        "othercomprehensiveincomelosscashflowhedgegainlossafterreclassificationandtax": -16000000,
        "othercomprehensiveincomelossnetoftax": -16000000,
        "comprehensiveincomenetoftaxincludingportionattributabletononcontrollinginterest": 196000000,
        "othercomprehensiveincomeforeigncurrencytransactionandtranslationadjustmentnetoftaxportionattributabletononcontrollinginterest": 28000000,
        "comprehensiveincomenetoftaxattributabletononcontrollinginterest": 66000000,
        "comprehensiveincomenetoftax": 130000000
    },
    {
        "date": "2022-09-29",
        "symbol": "CL",
        "period": "Q3",
        "revenuefromcontractwithcustomerexcludingassessedtax": 872000000,
        "costofrevenue": 1907000000,
        "grossprofit": 2548000000,
        "sellinggeneralandadministrativeexpense": 1634000000,
        "otheroperatingincomeexpensenet": 33000000,
        "operatingincomeloss": -119000000,
        "netperiodicdefinedbenefitsexpensereversalofexpenseexcludingservicecostcomponent": 15000000,
        "interestexpensenet": 40000000,
        "incomelossfromcontinuingoperationsbeforeincometaxesextraordinaryitemsnoncontrollinginterest": 892000000,
        "incometaxexpensebenefit": 210000000,
        "profitloss": 618000000,
        "netincomelossattributabletononcontrollinginterest": -64000000,
        "netincomeloss": 618000000,
        "earningspersharebasic": 0.74,
        "earningspersharediluted": 0.74,
        "othercomprehensiveincomelossforeigncurrencytransactionandtranslationadjustmentnetoftax": -161000000,
        "othercomprehensiveincomelosspensionandotherpostretirementbenefitplansadjustmentnetoftax": -298000000,
        "othercomprehensiveincomelosscashflowhedgegainlossafterreclassificationandtax": -26000000,
        "othercomprehensiveincomelossnetoftax": -26000000,
        "comprehensiveincomenetoftaxincludingportionattributabletononcontrollinginterest": 793000000,
        "othercomprehensiveincomeforeigncurrencytransactionandtranslationadjustmentnetoftaxportionattributabletononcontrollinginterest": -16000000,
        "comprehensiveincomenetoftaxattributabletononcontrollinginterest": 48000000,
        "comprehensiveincomenetoftax": 745000000
    },
    {
        "date": "2022-06-29",
        "symbol": "CL",
        "period": "Q2",
        "revenuefromcontractwithcustomerexcludingassessedtax": 909000000,
        "costofrevenue": 1930000000,
        "grossprofit": 2554000000,
        "sellinggeneralandadministrativeexpense": 1657000000,
        "otheroperatingincomeexpensenet": -13000000,
        "operatingincomeloss": -135000000,
        "netperiodicdefinedbenefitsexpensereversalofexpenseexcludingservicecostcomponent": 12000000,
        "interestexpensenet": 31000000,
        "incomelossfromcontinuingoperationsbeforeincometaxesextraordinaryitemsnoncontrollinginterest": 841000000,
        "incometaxexpensebenefit": 202000000,
        "profitloss": 603000000,
        "netincomelossattributabletononcontrollinginterest": 36000000,
        "netincomeloss": 603000000,
        "earningspersharebasic": 0.72,
        "earningspersharediluted": 0.72,
        "othercomprehensiveincomelossforeigncurrencytransactionandtranslationadjustmentnetoftax": -146000000,
        "othercomprehensiveincomelosspensionandotherpostretirementbenefitplansadjustmentnetoftax": -13000000,
        "othercomprehensiveincomelosscashflowhedgegainlossafterreclassificationandtax": 61000000,
        "othercomprehensiveincomelossnetoftax": 61000000,
        "comprehensiveincomenetoftaxincludingportionattributabletononcontrollinginterest": 567000000,
        "othercomprehensiveincomeforeigncurrencytransactionandtranslationadjustmentnetoftaxportionattributabletononcontrollinginterest": -14000000,
        "comprehensiveincomenetoftaxattributabletononcontrollinginterest": 22000000,
        "comprehensiveincomenetoftax": 545000000
    },
    {
        "date": "2022-03-30",
        "symbol": "CL",
        "period": "Q1",
        "revenuefromcontractwithcustomerexcludingassessedtax": 872000000,
        "costofrevenue": 1827000000,
        "grossprofit": 2572000000,
        "sellinggeneralandadministrativeexpense": 1641000000,
        "otheroperatingincomeexpensenet": -71000000,
        "operatingincomeloss": -172000000,
        "netperiodicdefinedbenefitsexpensereversalofexpenseexcludingservicecostcomponent": 38000000,
        "interestexpensenet": 27000000,
        "incomelossfromcontinuingoperationsbeforeincometaxesextraordinaryitemsnoncontrollinginterest": 795000000,
        "incometaxexpensebenefit": 192000000,
        "profitloss": 44000000,
        "netincomelossattributabletononcontrollinginterest": 44000000,
        "netincomeloss": 559000000,
        "earningspersharebasic": 0.67,
        "earningspersharediluted": 0.66,
        "othercomprehensiveincomelossforeigncurrencytransactionandtranslationadjustmentnetoftax": 80000000,
        "othercomprehensiveincomelosspensionandotherpostretirementbenefitplansadjustmentnetoftax": -14000000,
        "othercomprehensiveincomelosscashflowhedgegainlossafterreclassificationandtax": 41000000,
        "othercomprehensiveincomelossnetoftax": 41000000,
        "comprehensiveincomenetoftaxincludingportionattributabletononcontrollinginterest": 738000000,
        "othercomprehensiveincomeforeigncurrencytransactionandtranslationadjustmentnetoftaxportionattributabletononcontrollinginterest": -2000000,
        "comprehensiveincomenetoftaxattributabletononcontrollinginterest": 42000000,
        "comprehensiveincomenetoftax": 696000000
    },
    {
        "date": "2021-12-30",
        "symbol": "CL",
        "period": "Q4",
        "revenuefromcontractwithcustomerexcludingassessedtax": 7972000000,
        "costofrevenue": 1844000000,
        "grossprofit": 2559000000,
        "sellinggeneralandadministrativeexpense": 1598000000,
        "otheroperatingincomeexpensenet": -25000000,
        "operatingincomeloss": 1466000000,
        "netperiodicdefinedbenefitsexpensereversalofexpenseexcludingservicecostcomponent": 18000000,
        "interestexpensenet": 23000000,
        "incomelossfromcontinuingoperationsbeforeincometaxesextraordinaryitemsnoncontrollinginterest": 324000000,
        "incometaxexpensebenefit": 136000000,
        "profitloss": 822000000,
        "netincomelossattributabletononcontrollinginterest": 40000000,
        "netincomeloss": 148000000,
        "earningspersharebasic": 0.18000000000000016,
        "earningspersharediluted": 0.16999999999999993,
        "othercomprehensiveincomelossforeigncurrencytransactionandtranslationadjustmentnetoftax": -25000000,
        "othercomprehensiveincomelosspensionandotherpostretirementbenefitplansadjustmentnetoftax": -85000000,
        "othercomprehensiveincomelosscashflowhedgegainlossafterreclassificationandtax": -9000000,
        "othercomprehensiveincomelossnetoftax": -34000000,
        "comprehensiveincomenetoftaxincludingportionattributabletononcontrollinginterest": 239000000,
        "comprehensiveincomenetoftaxattributabletononcontrollinginterest": 43000000,
        "comprehensiveincomenetoftax": 196000000
    },
    {
        "date": "2021-09-29",
        "symbol": "CL",
        "period": "Q3",
        "revenuefromcontractwithcustomerexcludingassessedtax": 845000000,
        "costofrevenue": 1791000000,
        "grossprofit": 2623000000,
        "sellinggeneralandadministrativeexpense": 1636000000,
        "otheroperatingincomeexpensenet": -20000000,
        "operatingincomeloss": -134000000,
        "netperiodicdefinedbenefitsexpensereversalofexpenseexcludingservicecostcomponent": 16000000,
        "interestexpensenet": 98000000,
        "incomelossfromcontinuingoperationsbeforeincometaxesextraordinaryitemsnoncontrollinginterest": 853000000,
        "incometaxexpensebenefit": 172000000,
        "profitloss": 47000000,
        "netincomelossattributabletononcontrollinginterest": 47000000,
        "netincomeloss": 634000000,
        "earningspersharebasic": 0.75,
        "earningspersharediluted": 0.75,
        "othercomprehensiveincomelossforeigncurrencytransactionandtranslationadjustmentnetoftax": -116000000,
        "othercomprehensiveincomelosspensionandotherpostretirementbenefitplansadjustmentnetoftax": -31000000,
        "othercomprehensiveincomelosscashflowhedgegainlossafterreclassificationandtax": 17000000,
        "othercomprehensiveincomelossnetoftax": 17000000,
        "comprehensiveincomenetoftaxincludingportionattributabletononcontrollinginterest": 613000000,
        "othercomprehensiveincomeforeigncurrencytransactionandtranslationadjustmentnetoftaxportionattributabletononcontrollinginterest": -2000000,
        "comprehensiveincomenetoftaxattributabletononcontrollinginterest": 45000000,
        "comprehensiveincomenetoftax": 568000000
    },
    {
        "date": "2021-06-29",
        "symbol": "CL",
        "period": "Q2",
        "revenuefromcontractwithcustomerexcludingassessedtax": 4260000000,
        "costofrevenue": 1704000000,
        "grossprofit": 2556000000,
        "sellinggeneralandadministrativeexpense": 1568000000,
        "otheroperatingincomeexpensenet": 8000000,
        "operatingincomeloss": 996000000,
        "netperiodicdefinedbenefitsexpensereversalofexpenseexcludingservicecostcomponent": 18000000,
        "interestexpensenet": 25000000,
        "incomelossfromcontinuingoperationsbeforeincometaxesextraordinaryitemsnoncontrollinginterest": 953000000,
        "incometaxexpensebenefit": 212000000,
        "profitloss": 741000000,
        "netincomelossattributabletononcontrollinginterest": 38000000,
        "netincomeloss": 703000000,
        "earningspersharebasic": 0.8299999999999998,
        "earningspersharediluted": 0.8299999999999998,
        "othercomprehensiveincomelossforeigncurrencytransactionandtranslationadjustmentnetoftax": 106000000,
        "othercomprehensiveincomelosspensionandotherpostretirementbenefitplansadjustmentnetoftax": -16000000,
        "othercomprehensiveincomelosscashflowhedgegainlossafterreclassificationandtax": -35000000,
        "othercomprehensiveincomelossnetoftax": 87000000,
        "comprehensiveincomenetoftaxincludingportionattributabletononcontrollinginterest": 828000000,
        "othercomprehensiveincomeforeigncurrencytransactionandtranslationadjustmentnetoftaxportionattributabletononcontrollinginterest": 0,
        "comprehensiveincomenetoftaxattributabletononcontrollinginterest": 38000000,
        "comprehensiveincomenetoftax": 790000000
    },
    {
        "date": "2021-03-30",
        "symbol": "CL",
        "period": "Q1",
        "revenuefromcontractwithcustomerexcludingassessedtax": 4344000000,
        "costofrevenue": 1707000000,
        "grossprofit": 2637000000,
        "sellinggeneralandadministrativeexpense": 1605000000,
        "otheroperatingincomeexpensenet": -28000000,
        "operatingincomeloss": 1004000000,
        "netperiodicdefinedbenefitsexpensereversalofexpenseexcludingservicecostcomponent": 18000000,
        "interestexpensenet": 29000000,
        "incomelossfromcontinuingoperationsbeforeincometaxesextraordinaryitemsnoncontrollinginterest": 957000000,
        "incometaxexpensebenefit": 229000000,
        "profitloss": 728000000,
        "netincomelossattributabletononcontrollinginterest": 47000000,
        "netincomeloss": 681000000,
        "earningspersharebasic": 0.8,
        "earningspersharediluted": 0.8,
        "othercomprehensiveincomelossforeigncurrencytransactionandtranslationadjustmentnetoftax": -158000000,
        "othercomprehensiveincomelosspensionandotherpostretirementbenefitplansadjustmentnetoftax": -2000000,
        "othercomprehensiveincomelosscashflowhedgegainlossafterreclassificationandtax": 43000000,
        "othercomprehensiveincomelossnetoftax": -113000000,
        "comprehensiveincomenetoftaxincludingportionattributabletononcontrollinginterest": 615000000,
        "othercomprehensiveincomeforeigncurrencytransactionandtranslationadjustmentnetoftaxportionattributabletononcontrollinginterest": -3000000,
        "comprehensiveincomenetoftaxattributabletononcontrollinginterest": 44000000,
        "comprehensiveincomenetoftax": 571000000
    },
    {
        "date": "2020-12-30",
        "symbol": "CL",
        "period": "Q4",
        "revenuefromcontractwithcustomerexcludingassessedtax": 4324000000,
        "costofrevenue": 1681000000,
        "grossprofit": 2643000000,
        "sellinggeneralandadministrativeexpense": 1633000000,
        "otheroperatingincomeexpensenet": -41000000,
        "operatingincomeloss": 969000000,
        "netperiodicdefinedbenefitsexpensereversalofexpenseexcludingservicecostcomponent": 18000000,
        "interestexpensenet": 57000000,
        "incomelossfromcontinuingoperationsbeforeincometaxesextraordinaryitemsnoncontrollinginterest": 894000000,
        "incometaxexpensebenefit": 202000000,
        "profitloss": 692000000,
        "netincomelossattributabletononcontrollinginterest": 45000000,
        "netincomeloss": 647000000,
        "earningspersharebasic": 0.7699999999999999,
        "earningspersharediluted": 0.7600000000000001,
        "othercomprehensiveincomelossforeigncurrencytransactionandtranslationadjustmentnetoftax": 206000000,
        "othercomprehensiveincomelosspensionandotherpostretirementbenefitplansadjustmentnetoftax": 124000000,
        "othercomprehensiveincomelosscashflowhedgegainlossafterreclassificationandtax": 0,
        "othercomprehensiveincomelossnetoftax": 82000000,
        "comprehensiveincomenetoftaxincludingportionattributabletononcontrollinginterest": 774000000,
        "othercomprehensiveincomeforeigncurrencytransactionandtranslationadjustmentnetoftaxportionattributabletononcontrollinginterest": 7000000,
        "comprehensiveincomenetoftaxattributabletononcontrollinginterest": 52000000,
        "comprehensiveincomenetoftax": 722000000
    },
    {
        "date": "2020-09-29",
        "symbol": "CL",
        "period": "Q3",
        "revenuefromcontractwithcustomerexcludingassessedtax": 4153000000,
        "costofrevenue": 1613000000,
        "grossprofit": 2540000000,
        "sellinggeneralandadministrativeexpense": 1518000000,
        "otheroperatingincomeexpensenet": -4000000,
        "operatingincomeloss": 1018000000,
        "netperiodicdefinedbenefitsexpensereversalofexpenseexcludingservicecostcomponent": 15000000,
        "interestexpensenet": 36000000,
        "incomelossfromcontinuingoperationsbeforeincometaxesextraordinaryitemsnoncontrollinginterest": 967000000,
        "incometaxexpensebenefit": 222000000,
        "profitloss": 745000000,
        "netincomelossattributabletononcontrollinginterest": 47000000,
        "netincomeloss": 698000000,
        "earningspersharebasic": 0.81,
        "earningspersharediluted": 0.81,
        "othercomprehensiveincomelossforeigncurrencytransactionandtranslationadjustmentnetoftax": 57000000,
        "othercomprehensiveincomelosspensionandotherpostretirementbenefitplansadjustmentnetoftax": -54000000,
        "othercomprehensiveincomelosscashflowhedgegainlossafterreclassificationandtax": 1000000,
        "othercomprehensiveincomelossnetoftax": 112000000,
        "comprehensiveincomenetoftaxincludingportionattributabletononcontrollinginterest": 857000000,
        "othercomprehensiveincomeforeigncurrencytransactionandtranslationadjustmentnetoftaxportionattributabletononcontrollinginterest": 12000000,
        "comprehensiveincomenetoftaxattributabletononcontrollinginterest": 59000000,
        "comprehensiveincomenetoftax": 798000000
    },
    {
        "date": "2020-06-29",
        "symbol": "CL",
        "period": "Q2",
        "revenuefromcontractwithcustomerexcludingassessedtax": 3897000000,
        "costofrevenue": 1528000000,
        "grossprofit": 2369000000,
        "sellinggeneralandadministrativeexpense": 1395000000,
        "otheroperatingincomeexpensenet": -28000000,
        "operatingincomeloss": 946000000,
        "netperiodicdefinedbenefitsexpensereversalofexpenseexcludingservicecostcomponent": 20000000,
        "interestexpensenet": 35000000,
        "incomelossfromcontinuingoperationsbeforeincometaxesextraordinaryitemsnoncontrollinginterest": 891000000,
        "incometaxexpensebenefit": 216000000,
        "profitloss": 675000000,
        "netincomelossattributabletononcontrollinginterest": 40000000,
        "netincomeloss": 635000000,
        "earningspersharebasic": 0.74,
        "earningspersharediluted": 0.74,
        "othercomprehensiveincomelossforeigncurrencytransactionandtranslationadjustmentnetoftax": 68000000,
        "othercomprehensiveincomelosspensionandotherpostretirementbenefitplansadjustmentnetoftax": -14000000,
        "othercomprehensiveincomelosscashflowhedgegainlossafterreclassificationandtax": -21000000,
        "othercomprehensiveincomelossnetoftax": 61000000,
        "comprehensiveincomenetoftaxincludingportionattributabletononcontrollinginterest": 736000000,
        "othercomprehensiveincomeforeigncurrencytransactionandtranslationadjustmentnetoftaxportionattributabletononcontrollinginterest": 3000000,
        "comprehensiveincomenetoftaxattributabletononcontrollinginterest": 43000000,
        "comprehensiveincomenetoftax": 693000000
    },
    {
        "date": "2020-03-30",
        "symbol": "CL",
        "period": "Q1",
        "profitloss": 748000000,
        "othercomprehensiveincomelossforeigncurrencytransactionandtranslationadjustmentnetoftax": -355000000,
        "othercomprehensiveincomelosspensionandotherpostretirementbenefitplansadjustmentnetoftax": -16000000,
        "othercomprehensiveincomelosscashflowhedgegainlossafterreclassificationandtax": 18000000,
        "othercomprehensiveincomelossnetoftax": -321000000,
        "comprehensiveincomenetoftaxincludingportionattributabletononcontrollinginterest": 427000000,
        "netincomelossattributabletononcontrollinginterest": 33000000,
        "othercomprehensiveincomeforeigncurrencytransactionandtranslationadjustmentnetoftaxportionattributabletononcontrollinginterest": -16000000,
        "comprehensiveincomenetoftaxattributabletononcontrollinginterest": 17000000,
        "comprehensiveincomenetoftax": 410000000,
        "revenuefromcontractwithcustomerexcludingassessedtax": 4097000000,
        "costofrevenue": 1632000000,
        "grossprofit": 2465000000,
        "sellinggeneralandadministrativeexpense": 1473000000,
        "otheroperatingincomeexpensenet": -40000000,
        "operatingincomeloss": 952000000,
        "netperiodicdefinedbenefitsexpensereversalofexpenseexcludingservicecostcomponent": 21000000,
        "interestexpensenet": 36000000,
        "incomelossfromcontinuingoperationsbeforeincometaxesextraordinaryitemsnoncontrollinginterest": 895000000,
        "incometaxexpensebenefit": 147000000,
        "netincomeloss": 715000000,
        "earningspersharebasic": 0.83,
        "earningspersharediluted": 0.83
    },
    {
        "date": "2019-12-30",
        "symbol": "CL",
        "period": "Q4",
        "profitloss": 722000000,
        "othercomprehensiveincomelossforeigncurrencytransactionandtranslationadjustmentnetoftax": 85000000,
        "othercomprehensiveincomelosspensionandotherpostretirementbenefitplansadjustmentnetoftax": 130000000,
        "othercomprehensiveincomelosscashflowhedgegainlossafterreclassificationandtax": -9000000,
        "othercomprehensiveincomelossnetoftax": -26000000,
        "comprehensiveincomenetoftaxincludingportionattributabletononcontrollinginterest": 628000000,
        "netincomelossattributabletononcontrollinginterest": 39000000,
        "othercomprehensiveincomeforeigncurrencytransactionandtranslationadjustmentnetoftaxportionattributabletononcontrollinginterest": 4000000,
        "comprehensiveincomenetoftaxattributabletononcontrollinginterest": 43000000,
        "comprehensiveincomenetoftax": 585000000,
        "revenuefromcontractwithcustomerexcludingassessedtax": 7299000000,
        "costofrevenue": 1601000000,
        "grossprofit": 2414000000,
        "sellinggeneralandadministrativeexpense": 1412000000,
        "otheroperatingincomeexpensenet": -71000000,
        "operatingincomeloss": 1646000000,
        "netperiodicdefinedbenefitsexpensereversalofexpenseexcludingservicecostcomponent": 29000000,
        "interestexpensenet": 32000000,
        "incomelossfromcontinuingoperationsbeforeincometaxesextraordinaryitemsnoncontrollinginterest": 870000000,
        "incometaxexpensebenefit": 188000000,
        "netincomeloss": 643000000,
        "earningspersharebasic": 0.7599999999999997,
        "earningspersharediluted": 0.7499999999999999
    },
    {
        "date": "2019-09-29",
        "symbol": "CL",
        "period": "Q3",
        "profitloss": 627000000,
        "othercomprehensiveincomelossforeigncurrencytransactionandtranslationadjustmentnetoftax": -111000000,
        "othercomprehensiveincomelosspensionandotherpostretirementbenefitplansadjustmentnetoftax": -5000000,
        "othercomprehensiveincomelosscashflowhedgegainlossafterreclassificationandtax": 4000000,
        "othercomprehensiveincomelossnetoftax": -102000000,
        "comprehensiveincomenetoftaxincludingportionattributabletononcontrollinginterest": 525000000,
        "netincomelossattributabletononcontrollinginterest": 49000000,
        "othercomprehensiveincomeforeigncurrencytransactionandtranslationadjustmentnetoftaxportionattributabletononcontrollinginterest": -6000000,
        "comprehensiveincomenetoftaxattributabletononcontrollinginterest": 43000000,
        "comprehensiveincomenetoftax": 482000000,
        "revenuefromcontractwithcustomerexcludingassessedtax": 3928000000,
        "costofrevenue": 1612000000,
        "grossprofit": 2316000000,
        "sellinggeneralandadministrativeexpense": 1429000000,
        "otheroperatingincomeexpensenet": -31000000,
        "operatingincomeloss": 856000000,
        "netperiodicdefinedbenefitsexpensereversalofexpenseexcludingservicecostcomponent": 27000000,
        "interestexpensenet": 35000000,
        "incomelossfromcontinuingoperationsbeforeincometaxesextraordinaryitemsnoncontrollinginterest": 794000000,
        "incometaxexpensebenefit": 167000000,
        "netincomeloss": 578000000,
        "earningspersharebasic": 0.67,
        "earningspersharediluted": 0.67
    },
    {
        "date": "2019-06-29",
        "symbol": "CL",
        "period": "Q2",
        "profitloss": 618000000,
        "othercomprehensiveincomelossforeigncurrencytransactionandtranslationadjustmentnetoftax": 25000000,
        "othercomprehensiveincomelosspensionandotherpostretirementbenefitplansadjustmentnetoftax": -13000000,
        "othercomprehensiveincomelosscashflowhedgegainlossafterreclassificationandtax": -2000000,
        "othercomprehensiveincomelossnetoftax": 36000000,
        "comprehensiveincomenetoftaxincludingportionattributabletononcontrollinginterest": 654000000,
        "netincomelossattributabletononcontrollinginterest": 32000000,
        "othercomprehensiveincomeforeigncurrencytransactionandtranslationadjustmentnetoftaxportionattributabletononcontrollinginterest": -5000000,
        "comprehensiveincomenetoftaxattributabletononcontrollinginterest": 27000000,
        "comprehensiveincomenetoftax": 627000000,
        "revenuefromcontractwithcustomerexcludingassessedtax": 3866000000,
        "costofrevenue": 1558000000,
        "grossprofit": 2308000000,
        "sellinggeneralandadministrativeexpense": 1369000000,
        "otheroperatingincomeexpensenet": -51000000,
        "operatingincomeloss": 888000000,
        "netperiodicdefinedbenefitsexpensereversalofexpenseexcludingservicecostcomponent": 27000000,
        "interestexpensenet": 38000000,
        "incomelossfromcontinuingoperationsbeforeincometaxesextraordinaryitemsnoncontrollinginterest": 823000000,
        "incometaxexpensebenefit": 205000000,
        "netincomeloss": 586000000,
        "earningspersharebasic": 0.68,
        "earningspersharediluted": 0.68
    },
    {
        "date": "2019-03-30",
        "symbol": "CL",
        "period": "Q1",
        "profitloss": 560000000,
        "othercomprehensiveincomelossforeigncurrencytransactionandtranslationadjustmentnetoftax": 26000000,
        "othercomprehensiveincomelosspensionandotherpostretirementbenefitplansadjustmentnetoftax": -12000000,
        "othercomprehensiveincomelosscashflowhedgegainlossafterreclassificationandtax": -5000000,
        "othercomprehensiveincomelossnetoftax": 5000000,
        "comprehensiveincomenetoftaxincludingportionattributabletononcontrollinginterest": 633000000,
        "netincomelossattributabletononcontrollinginterest": 40000000,
        "othercomprehensiveincomeforeigncurrencytransactionandtranslationadjustmentnetoftaxportionattributabletononcontrollinginterest": 5000000,
        "comprehensiveincomenetoftaxattributabletononcontrollinginterest": 45000000,
        "comprehensiveincomenetoftax": 588000000,
        "revenuefromcontractwithcustomerexcludingassessedtax": 600000000,
        "costofrevenue": 1597000000,
        "grossprofit": 2287000000,
        "sellinggeneralandadministrativeexpense": 1365000000,
        "otheroperatingincomeexpensenet": -43000000,
        "operatingincomeloss": 164000000,
        "netperiodicdefinedbenefitsexpensereversalofexpenseexcludingservicecostcomponent": 25000000,
        "interestexpensenet": 40000000,
        "incomelossfromcontinuingoperationsbeforeincometaxesextraordinaryitemsnoncontrollinginterest": 814000000,
        "incometaxexpensebenefit": 214000000,
        "netincomeloss": 560000000,
        "earningspersharebasic": 0.65,
        "earningspersharediluted": 0.65
    },
    {
        "date": "2018-12-30",
        "symbol": "CL",
        "period": "Q4",
        "profitloss": 485000000,
        "othercomprehensiveincomelossforeigncurrencytransactionandtranslationadjustmentnetoftax": 9000000,
        "othercomprehensiveincomelosspensionandotherpostretirementbenefitplansadjustmentnetoftax": 21000000,
        "othercomprehensiveincomelossderivativesqualifyingashedgesnetoftax": 1000000,
        "othercomprehensiveincomelossnetoftax": 190000000,
        "comprehensiveincomenetoftaxincludingportionattributabletononcontrollinginterest": 632000000,
        "netincomelossattributabletononcontrollinginterest": 37000000,
        "othercomprehensiveincomeforeigncurrencytransactionandtranslationadjustmentnetoftaxportionattributabletononcontrollinginterest": 5000000,
        "comprehensiveincomenetoftaxattributabletononcontrollinginterest": 42000000,
        "comprehensiveincomenetoftax": 590000000,
        "costofrevenue": 1558000000,
        "grossprofit": 2253000000,
        "sellinggeneralandadministrativeexpense": -2806000000,
        "otheroperatingincomeexpensenet": -34000000,
        "operatingincomeloss": -631000000,
        "interestexpensenet": 37000000,
        "incomelossfromcontinuingoperationsbeforeincometaxesextraordinaryitemsnoncontrollinginterest": 832000000,
        "incometaxexpensebenefit": 189000000,
        "netincomeloss": 606000000,
        "earningspersharebasic": 0.7099999999999997,
        "earningspersharediluted": 0.7
    },
    {
        "date": "2018-09-29",
        "symbol": "CL",
        "period": "Q3",
        "profitloss": 562000000,
        "othercomprehensiveincomelossforeigncurrencytransactionandtranslationadjustmentnetoftax": -49000000,
        "othercomprehensiveincomelosspensionandotherpostretirementbenefitplansadjustmentnetoftax": -31000000,
        "othercomprehensiveincomelossderivativesqualifyingashedgesnetoftax": -1000000,
        "othercomprehensiveincomelossnetoftax": -38000000,
        "comprehensiveincomenetoftaxincludingportionattributabletononcontrollinginterest": 543000000,
        "netincomelossattributabletononcontrollinginterest": 39000000,
        "othercomprehensiveincomeforeigncurrencytransactionandtranslationadjustmentnetoftaxportionattributabletononcontrollinginterest": -11000000,
        "comprehensiveincomenetoftaxattributabletononcontrollinginterest": 28000000,
        "comprehensiveincomenetoftax": 515000000,
        "revenuefromcontractwithcustomerexcludingassessedtax": 582000000,
        "costofrevenue": 1576000000,
        "grossprofit": 2269000000,
        "sellinggeneralandadministrativeexpense": 1369000000,
        "otheroperatingincomeexpensenet": -26000000,
        "operatingincomeloss": 163000000,
        "netperiodicdefinedbenefitsexpensereversalofexpenseexcludingservicecostcomponent": 18000000,
        "interestexpensenet": 36000000,
        "incomelossfromcontinuingoperationsbeforeincometaxesextraordinaryitemsnoncontrollinginterest": 820000000,
        "incometaxexpensebenefit": 258000000,
        "netincomeloss": 523000000,
        "earningspersharebasic": 0.6,
        "earningspersharediluted": 0.6,
        "commonstockdividendspersharedeclared": 0.42,
        "numberofdividendsdeclaredperquarter": 2
    },
    {
        "date": "2018-06-29",
        "symbol": "CL",
        "period": "Q2",
        "profitloss": 675000000,
        "othercomprehensiveincomelossforeigncurrencytransactionandtranslationadjustmentnetoftax": -305000000,
        "othercomprehensiveincomelosspensionandotherpostretirementbenefitplansadjustmentnetoftax": -14000000,
        "othercomprehensiveincomelossderivativesqualifyingashedgesnetoftax": 11000000,
        "othercomprehensiveincomelossnetoftax": -289000000,
        "comprehensiveincomenetoftaxincludingportionattributabletononcontrollinginterest": 395000000,
        "netincomelossattributabletononcontrollinginterest": 38000000,
        "othercomprehensiveincomeforeigncurrencytransactionandtranslationadjustmentnetoftaxportionattributabletononcontrollinginterest": -16000000,
        "comprehensiveincomenetoftaxattributabletononcontrollinginterest": 22000000,
        "comprehensiveincomenetoftax": 373000000,
        "revenuefromcontractwithcustomerexcludingassessedtax": 592000000,
        "costofrevenue": 1585000000,
        "grossprofit": 2301000000,
        "sellinggeneralandadministrativeexpense": 1300000000,
        "otheroperatingincomeexpensenet": -55000000,
        "operatingincomeloss": 165000000,
        "netperiodicdefinedbenefitsexpensereversalofexpenseexcludingservicecostcomponent": 23000000,
        "interestexpensenet": 35000000,
        "incomelossfromcontinuingoperationsbeforeincometaxesextraordinaryitemsnoncontrollinginterest": 888000000,
        "incometaxexpensebenefit": 213000000,
        "netincomeloss": 637000000,
        "earningspersharebasic": 0.73,
        "earningspersharediluted": 0.73,
        "commonstockdividendspersharedeclared": 0.42,
        "numberofdividendsdeclaredperquarter": 2
    },
    {
        "date": "2018-03-30",
        "symbol": "CL",
        "period": "Q1",
        "profitloss": 678000000,
        "othercomprehensiveincomelossforeigncurrencytransactionandtranslationadjustmentnetoftax": 108000000,
        "othercomprehensiveincomelosspensionandotherpostretirementbenefitplansadjustmentnetoftax": -14000000,
        "othercomprehensiveincomelossderivativesqualifyingashedgesnetoftax": -1000000,
        "othercomprehensiveincomelossnetoftax": 118000000,
        "comprehensiveincomenetoftaxincludingportionattributabletononcontrollinginterest": 799000000,
        "netincomelossattributabletononcontrollinginterest": 44000000,
        "othercomprehensiveincomeforeigncurrencytransactionandtranslationadjustmentnetoftaxportionattributabletononcontrollinginterest": 3000000,
        "comprehensiveincomenetoftaxattributabletononcontrollinginterest": 47000000,
        "comprehensiveincomenetoftax": 752000000,
        "salesrevenuenet": 4002000000,
        "costofrevenue": 1594000000,
        "grossprofit": 2408000000,
        "sellinggeneralandadministrativeexpense": 1392000000,
        "otheroperatingincomeexpensenet": -33000000,
        "operatingincomeloss": 983000000,
        "netperiodicdefinedbenefitsexpenseexcludingservicecostcomponent": 24000000,
        "interestexpensenet": 35000000,
        "incomelossfromcontinuingoperationsbeforeincometaxesextraordinaryitemsnoncontrollinginterest": 924000000,
        "incometaxexpensebenefit": 246000000,
        "netincomeloss": 634000000,
        "earningspersharebasic": 0.72,
        "earningspersharediluted": 0.72,
        "commonstockdividendspersharedeclared": 0.82,
        "numberofdividendsdeclaredperquarter": 2
    },
    {
        "date": "2017-09-29",
        "symbol": "CL",
        "period": "Q3",
        "profitloss": 650000000,
        "othercomprehensiveincomelossforeigncurrencytransactionandtranslationadjustmentnetoftax": 64000000,
        "othercomprehensiveincomelosspensionandotherpostretirementbenefitplansadjustmentnetoftax": -54000000,
        "othercomprehensiveincomelossderivativesqualifyingashedgesnetoftax": -3000000,
        "othercomprehensiveincomelossnetoftax": 62000000,
        "comprehensiveincomenetoftaxincludingportionattributabletononcontrollinginterest": 765000000,
        "netincomelossattributabletononcontrollinginterest": 43000000,
        "othercomprehensiveincomeforeigncurrencytransactionandtranslationadjustmentnetoftaxportionattributabletononcontrollinginterest": 2000000,
        "comprehensiveincomenetoftaxattributabletononcontrollinginterest": 45000000,
        "comprehensiveincomenetoftax": 720000000,
        "salesrevenuenet": 3974000000,
        "costofrevenue": 1591000000,
        "grossprofit": 2383000000,
        "sellinggeneralandadministrativeexpense": 1429000000,
        "otheroperatingincomeexpensenet": -27000000,
        "operatingincomeloss": 161000000,
        "interestexpensenet": 27000000,
        "incomelossfromcontinuingoperationsbeforeincometaxesextraordinaryitemsnoncontrollinginterest": 900000000,
        "incometaxexpensebenefit": 250000000,
        "netincomeloss": 607000000,
        "earningspersharebasic": 0.69,
        "earningspersharediluted": 0.68,
        "commonstockdividendspersharedeclared": 0.4
    },
    {
        "date": "2017-06-29",
        "symbol": "CL",
        "period": "Q2",
        "profitloss": 560000000,
        "othercomprehensiveincomelossforeigncurrencytransactionandtranslationadjustmentnetoftax": 98000000,
        "othercomprehensiveincomelosspensionandotherpostretirementbenefitplansadjustmentnetoftax": -12000000,
        "othercomprehensiveincomelossderivativesqualifyingashedgesnetoftax": -3000000,
        "othercomprehensiveincomelossnetoftax": 96000000,
        "comprehensiveincomenetoftaxincludingportionattributabletononcontrollinginterest": 667000000,
        "netincomelossattributabletononcontrollinginterest": 36000000,
        "othercomprehensiveincomeforeigncurrencytransactionandtranslationadjustmentnetoftaxportionattributabletononcontrollinginterest": 2000000,
        "comprehensiveincomenetoftaxattributabletononcontrollinginterest": 38000000,
        "comprehensiveincomenetoftax": 629000000,
        "salesrevenuenet": 3826000000,
        "costofrevenue": 1526000000,
        "grossprofit": 2300000000,
        "sellinggeneralandadministrativeexpense": 1333000000,
        "otheroperatingincomeexpensenet": -114000000,
        "operatingincomeloss": 163000000,
        "interestexpensenet": 24000000,
        "incomelossfromcontinuingoperationsbeforeincometaxesextraordinaryitemsnoncontrollinginterest": 829000000,
        "incometaxexpensebenefit": 269000000,
        "netincomeloss": 524000000,
        "earningspersharebasic": 0.59,
        "earningspersharediluted": 0.59,
        "commonstockdividendspersharedeclared": 0.4
    },
    {
        "date": "2017-03-30",
        "symbol": "CL",
        "period": "Q1",
        "profitloss": 570000000,
        "othercomprehensiveincomelossforeigncurrencytransactionandtranslationadjustmentnetoftax": 132000000,
        "othercomprehensiveincomelosspensionandotherpostretirementbenefitplansadjustmentnetoftax": -13000000,
        "othercomprehensiveincomelossderivativesqualifyingashedgesnetoftax": -10000000,
        "othercomprehensiveincomelossnetoftax": 7000000,
        "comprehensiveincomenetoftaxincludingportionattributabletononcontrollinginterest": 746000000,
        "netincomelossattributabletononcontrollinginterest": 41000000,
        "othercomprehensiveincomeforeigncurrencytransactionandtranslationadjustmentnetoftaxportionattributabletononcontrollinginterest": 7000000,
        "comprehensiveincomenetoftaxattributabletononcontrollinginterest": 48000000,
        "comprehensiveincomenetoftax": 698000000,
        "salesrevenuenet": 3762000000,
        "costofrevenue": 1493000000,
        "grossprofit": 2269000000,
        "sellinggeneralandadministrativeexpense": 1362000000,
        "otheroperatingincomeexpensenet": -22000000,
        "operatingincomeloss": 885000000,
        "interestexpensenet": 23000000,
        "incomelossfromcontinuingoperationsbeforeincometaxesextraordinaryitemsnoncontrollinginterest": 862000000,
        "incometaxexpensebenefit": 251000000,
        "netincomeloss": 570000000,
        "earningspersharebasic": 0.64,
        "earningspersharediluted": 0.64,
        "commonstockdividendspersharedeclared": 0.79,
        "numberofdividendsdeclaredperquarter": 2
    },
    {
        "date": "2016-09-29",
        "symbol": "CL",
        "period": "Q3",
        "profitloss": 664000000,
        "othercomprehensiveincomelossforeigncurrencytransactionandtranslationadjustmentnetoftax": 0,
        "othercomprehensiveincomelosspensionandotherpostretirementbenefitplansadjustmentnetoftax": -16000000,
        "othercomprehensiveincomelossderivativesqualifyingashedgesnetoftax": 1000000,
        "othercomprehensiveincomelossnetoftax": 33000000,
        "comprehensiveincomenetoftaxincludingportionattributabletononcontrollinginterest": 762000000,
        "netincomelossattributabletononcontrollinginterest": 44000000,
        "othercomprehensiveincomeforeigncurrencytransactionandtranslationadjustmentnetoftaxportionattributabletononcontrollinginterest": 2000000,
        "comprehensiveincomenetoftaxattributabletononcontrollinginterest": 46000000,
        "comprehensiveincomenetoftax": 716000000,
        "salesrevenuenet": 3867000000,
        "costofrevenue": 1543000000,
        "grossprofit": 2324000000,
        "sellinggeneralandadministrativeexpense": 1322000000,
        "otheroperatingincomeexpensenet": 69000000,
        "operatingincomeloss": -550000000,
        "interestexpensenet": 25000000,
        "incomelossfromcontinuingoperationsbeforeincometaxesextraordinaryitemsnoncontrollinginterest": 1046000000,
        "incometaxexpensebenefit": 300000000,
        "netincomeloss": 702000000,
        "earningspersharebasic": 0.7799999999999999,
        "earningspersharediluted": 0.7800000000000001,
        "commonstockdividendspersharedeclared": 0.3900000000000001
    },
    {
        "date": "2016-06-29",
        "symbol": "CL",
        "period": "Q2",
        "profitloss": 638000000,
        "othercomprehensiveincomelossforeigncurrencytransactionandtranslationadjustmentnetoftax": -43000000,
        "othercomprehensiveincomelosspensionandotherpostretirementbenefitplansadjustmentnetoftax": -12000000,
        "othercomprehensiveincomelossderivativesqualifyingashedgesnetoftax": 7000000,
        "othercomprehensiveincomelossnetoftax": -37000000,
        "comprehensiveincomenetoftaxincludingportionattributabletononcontrollinginterest": 614000000,
        "netincomelossattributabletononcontrollinginterest": 38000000,
        "othercomprehensiveincomeforeigncurrencytransactionandtranslationadjustmentnetoftaxportionattributabletononcontrollinginterest": -6000000,
        "comprehensiveincomenetoftaxattributabletononcontrollinginterest": 32000000,
        "comprehensiveincomenetoftax": 582000000,
        "salesrevenuenet": 3845000000,
        "costofrevenue": 1541000000,
        "grossprofit": 2304000000,
        "sellinggeneralandadministrativeexpense": 1320000000,
        "otheroperatingincomeexpensenet": -40000000,
        "operatingincomeloss": 162000000,
        "interestexpensenet": 25000000,
        "incomelossfromcontinuingoperationsbeforeincometaxesextraordinaryitemsnoncontrollinginterest": 919000000,
        "incometaxexpensebenefit": 281000000,
        "netincomeloss": 600000000,
        "earningspersharebasic": 0.67,
        "earningspersharediluted": 0.67,
        "commonstockdividendspersharedeclared": 0.39
    },
    {
        "date": "2016-03-30",
        "symbol": "CL",
        "period": "Q1",
        "profitloss": 533000000,
        "othercomprehensiveincomelossforeigncurrencytransactionandtranslationadjustmentnetoftax": 126000000,
        "othercomprehensiveincomelosspensionandotherpostretirementbenefitplansadjustmentnetoftax": -11000000,
        "othercomprehensiveincomelossderivativesqualifyingashedgesnetoftax": -11000000,
        "othercomprehensiveincomelossnetoftax": 1000000,
        "comprehensiveincomenetoftaxincludingportionattributabletononcontrollinginterest": 700000000,
        "netincomelossattributabletononcontrollinginterest": 41000000,
        "othercomprehensiveincomeforeigncurrencytransactionandtranslationadjustmentnetoftaxportionattributabletononcontrollinginterest": 1000000,
        "comprehensiveincomenetoftaxattributabletononcontrollinginterest": 42000000,
        "comprehensiveincomenetoftax": 658000000,
        "salesrevenuenet": 3762000000,
        "costofrevenue": 1514000000,
        "grossprofit": 2248000000,
        "sellinggeneralandadministrativeexpense": 1354000000,
        "otheroperatingincomeexpensenet": -27000000,
        "operatingincomeloss": 867000000,
        "interestexpensenet": 28000000,
        "incomelossfromcontinuingoperationsbeforeincometaxesextraordinaryitemsnoncontrollinginterest": 839000000,
        "incometaxexpensebenefit": 265000000,
        "netincomeloss": 533000000,
        "earningspersharebasic": 0.6,
        "earningspersharediluted": 0.59,
        "commonstockdividendspersharedeclared": 0.77,
        "numberofdividendsdeclaredperquarter": 2
    },
    {
        "date": "2015-09-29",
        "symbol": "CL",
        "period": "Q3",
        "profitloss": 684000000,
        "othercomprehensiveincomelossforeigncurrencytransactionandtranslationadjustmentnetoftax": -350000000,
        "othercomprehensiveincomelosspensionandotherpostretirementbenefitplansadjustmentnetoftax": -25000000,
        "othercomprehensiveincomeavailableforsalesecuritiesadjustmentnetoftaxportionattributabletoparent": 0,
        "othercomprehensiveincomelossnetoftax": -80000000,
        "comprehensiveincomenetoftaxincludingportionattributabletononcontrollinginterest": 452000000,
        "netincomelossattributabletononcontrollinginterest": 44000000,
        "othercomprehensiveincomeforeigncurrencytransactionandtranslationadjustmentnetoftaxportionattributabletononcontrollinginterest": -9000000,
        "comprehensiveincomenetoftaxattributabletononcontrollinginterest": 35000000,
        "comprehensiveincomenetoftax": 417000000,
        "salesrevenuenet": 3999000000,
        "costofrevenue": 1652000000,
        "grossprofit": 2347000000,
        "sellinggeneralandadministrativeexpense": 1347000000,
        "operatingincomeloss": 157000000,
        "interestexpensenet": 5000000,
        "incomelossfromcontinuingoperationsbeforeincometaxesextraordinaryitemsnoncontrollinginterest": 1131000000,
        "incometaxexpensebenefit": 361000000,
        "netincomeloss": 726000000,
        "earningspersharebasic": 0.8100000000000002,
        "earningspersharediluted": 0.8000000000000002,
        "commonstockdividendspersharedeclared": 0.3800000000000001
    },
    {
        "date": "2015-06-29",
        "symbol": "CL",
        "period": "Q2",
        "profitloss": 616000000,
        "othercomprehensiveincomelossforeigncurrencytransactionandtranslationadjustmentnetoftax": 66000000,
        "othercomprehensiveincomelosspensionandotherpostretirementbenefitplansadjustmentnetoftax": -14000000,
        "othercomprehensiveincomeavailableforsalesecuritiesadjustmentnetoftaxportionattributabletoparent": -7000000,
        "othercomprehensiveincomelossderivativesqualifyingashedgesnetoftax": -3000000,
        "othercomprehensiveincomelossnetoftax": 70000000,
        "comprehensiveincomenetoftaxincludingportionattributabletononcontrollinginterest": 686000000,
        "netincomelossattributabletononcontrollinginterest": 42000000,
        "othercomprehensiveincomeforeigncurrencytransactionandtranslationadjustmentnetoftaxportionattributabletononcontrollinginterest": -1000000,
        "comprehensiveincomenetoftaxattributabletononcontrollinginterest": 41000000,
        "comprehensiveincomenetoftax": 645000000,
        "salesrevenuenet": 4066000000,
        "costofrevenue": 1699000000,
        "grossprofit": 2367000000,
        "sellinggeneralandadministrativeexpense": 1381000000,
        "otheroperatingincomeexpensenet": -54000000,
        "operatingincomeloss": 146000000,
        "interestexpensenet": 6000000,
        "incomelossfromcontinuingoperationsbeforeincometaxesextraordinaryitemsnoncontrollinginterest": 926000000,
        "incometaxexpensebenefit": 310000000,
        "netincomeloss": 574000000,
        "earningspersharebasic": 0.63,
        "earningspersharediluted": 0.63,
        "commonstockdividendspersharedeclared": 0.38
    },
    {
        "date": "2015-03-30",
        "symbol": "CL",
        "period": "Q1",
        "profitloss": 542000000,
        "othercomprehensiveincomelossforeigncurrencytransactionandtranslationadjustmentnetoftax": -351000000,
        "othercomprehensiveincomelosspensionandotherpostretirementbenefitplansadjustmentnetoftax": -13000000,
        "othercomprehensiveincomeavailableforsalesecuritiesadjustmentnetoftaxportionattributabletoparent": -1000000,
        "othercomprehensiveincomelossnetoftax": 1000000,
        "comprehensiveincomenetoftaxincludingportionattributabletononcontrollinginterest": 244000000,
        "netincomelossattributabletononcontrollinginterest": 41000000,
        "othercomprehensiveincomeforeigncurrencytransactionandtranslationadjustmentnetoftaxportionattributabletononcontrollinginterest": 1000000,
        "comprehensiveincomenetoftaxattributabletononcontrollinginterest": 42000000,
        "comprehensiveincomenetoftax": 202000000,
        "salesrevenuenet": 4070000000,
        "costofrevenue": 1678000000,
        "grossprofit": 2392000000,
        "sellinggeneralandadministrativeexpense": 1450000000,
        "otheroperatingincomeexpensenet": -82000000,
        "operatingincomeloss": 147000000,
        "interestexpensenet": 8000000,
        "incomelossfromcontinuingoperationsbeforeincometaxesextraordinaryitemsnoncontrollinginterest": 852000000,
        "incometaxexpensebenefit": 269000000,
        "netincomeloss": 542000000,
        "earningspersharebasic": 0.6,
        "earningspersharediluted": 0.59,
        "commonstockdividendspersharedeclared": 0.74,
        "numberofdividendsdeclaredperquarter": 2
    },
    {
        "date": "2014-09-29",
        "symbol": "CL",
        "period": "Q3",
        "profitloss": 580000000,
        "othercomprehensiveincomelossforeigncurrencytransactionandtranslationadjustmentnetoftax": -367000000,
        "othercomprehensiveincomelosspensionandotherpostretirementbenefitplansadjustmentnetoftax": 17000000,
        "othercomprehensiveincomeavailableforsalesecuritiesadjustmentnetoftaxportionattributabletoparent": -4000000,
        "othercomprehensiveincomelossderivativesqualifyingashedgesnetoftax": 3000000,
        "othercomprehensiveincomelossnetoftax": -385000000,
        "comprehensiveincomenetoftaxincludingportionattributabletononcontrollinginterest": 195000000,
        "netincomelossattributabletononcontrollinginterest": 38000000,
        "othercomprehensiveincomeforeigncurrencytransactionandtranslationadjustmentnetoftaxportionattributabletononcontrollinginterest": -2000000,
        "comprehensiveincomenetoftaxattributabletononcontrollinginterest": 36000000,
        "comprehensiveincomenetoftax": 159000000,
        "salesrevenuenet": 4379000000,
        "costofrevenue": 1821000000,
        "grossprofit": 2558000000,
        "sellinggeneralandadministrativeexpense": 1497000000,
        "otheroperatingincomeexpensenet": -113000000,
        "operatingincomeloss": 1054000000,
        "interestexpensenet": 4000000,
        "incomelossfromcontinuingoperationsbeforeincometaxesextraordinaryitemsnoncontrollinginterest": 944000000,
        "incometaxexpensebenefit": 364000000,
        "netincomeloss": 542000000,
        "earningspersharebasic": 0.59,
        "earningspersharediluted": 0.59,
        "commonstockdividendspersharedeclared": 0.36
    },
    {
        "date": "2014-06-29",
        "symbol": "CL",
        "period": "Q2",
        "profitloss": 622000000,
        "othercomprehensiveincomelossforeigncurrencytransactionandtranslationadjustmentnetoftax": 25000000,
        "othercomprehensiveincomelosspensionandotherpostretirementbenefitplansadjustmentnetoftax": -8000000,
        "othercomprehensiveincomeavailableforsalesecuritiesadjustmentnetoftaxportionattributabletoparent": 4000000,
        "othercomprehensiveincomelossnetoftax": 33000000,
        "comprehensiveincomenetoftaxincludingportionattributabletononcontrollinginterest": 694000000,
        "netincomelossattributabletononcontrollinginterest": 39000000,
        "othercomprehensiveincomeforeigncurrencytransactionandtranslationadjustmentnetoftaxportionattributabletononcontrollinginterest": 0,
        "comprehensiveincomenetoftaxattributabletononcontrollinginterest": 39000000,
        "comprehensiveincomenetoftax": 655000000,
        "salesrevenuenet": 4352000000,
        "costofrevenue": 1800000000,
        "grossprofit": 2552000000,
        "sellinggeneralandadministrativeexpense": 1507000000,
        "otherincomeexpensenet": 65000000,
        "operatingincomeloss": 1921000000,
        "interestexpensenet": 9000000,
        "incomelossfromcontinuingoperationsbeforeincometaxesextraordinaryitemsnoncontrollinginterest": 971000000,
        "incometaxexpensebenefit": 310000000,
        "netincomeloss": 622000000,
        "earningspersharebasic": 0.6800000000000002,
        "earningspersharediluted": 0.6700000000000002,
        "commonstockdividendspersharedeclared": 0.3600000000000001
    },
    {
        "date": "2014-03-30",
        "symbol": "CL",
        "period": "Q1",
        "profitloss": 388000000,
        "othercomprehensiveincomelossforeigncurrencytransactionandtranslationadjustmentnetoftax": -44000000,
        "othercomprehensiveincomelosspensionandotherpostretirementbenefitplansadjustmentnetoftax": -13000000,
        "othercomprehensiveincomeavailableforsalesecuritiesadjustmentnetoftaxportionattributabletoparent": -56000000,
        "othercomprehensiveincomelossnetoftax": -86000000,
        "comprehensiveincomenetoftaxincludingportionattributabletononcontrollinginterest": 345000000,
        "netincomelossattributabletononcontrollinginterest": 44000000,
        "othercomprehensiveincomeforeigncurrencytransactionandtranslationadjustmentnetoftaxportionattributabletononcontrollinginterest": -1000000,
        "comprehensiveincomenetoftaxattributabletononcontrollinginterest": 43000000,
        "comprehensiveincomenetoftax": 302000000,
        "salesrevenuenet": 4325000000,
        "costofrevenue": 1801000000,
        "grossprofit": 2524000000,
        "sellinggeneralandadministrativeexpense": 1544000000,
        "otherincomeexpensenet": 346000000,
        "operatingincomeloss": 59000000,
        "interestexpensenet": 7000000,
        "incomelossfromcontinuingoperationsbeforeincometaxesextraordinaryitemsnoncontrollinginterest": 627000000,
        "incometaxexpensebenefit": 195000000,
        "netincomeloss": 388000000,
        "earningspersharebasic": 0.42,
        "earningspersharediluted": 0.42,
        "commonstockdividendspersharedeclared": 0.7
    },
    {
        "date": "2013-12-30",
        "symbol": "CL",
        "period": "Q4",
        "profitloss": 892000000,
        "othercomprehensiveincomelossforeigncurrencytransactionandtranslationadjustmentnetoftax": -1000000,
        "othercomprehensiveincomelosspensionandotherpostretirementbenefitplansadjustmentnetoftax": -262000000,
        "othercomprehensiveincomelossderivativesqualifyingashedgesnetoftax": 2000000,
        "othercomprehensiveincomelossnetoftax": 272000000,
        "comprehensiveincomenetoftaxincludingportionattributabletononcontrollinginterest": 870000000,
        "netincomelossattributabletononcontrollinginterest": 37000000,
        "comprehensiveincomenetoftaxattributabletononcontrollinginterest": 41000000,
        "comprehensiveincomenetoftax": 829000000,
        "salesrevenuenet": 4361000000,
        "costofrevenue": 1794000000,
        "grossprofit": 2567000000,
        "sellinggeneralandadministrativeexpense": 1612000000,
        "otherincomeexpensenet": 63000000,
        "operatingincomeloss": -244000000,
        "incomelossfromcontinuingoperationsbeforeincometaxesextraordinaryitemsnoncontrollinginterest": 893000000,
        "incometaxexpensebenefit": 292000000,
        "netincomeloss": 564000000,
        "earningspersharebasic": 0.1200000000000001,
        "earningspersharediluted": 0.1100000000000001
    },
    {
        "date": "2013-09-29",
        "symbol": "CL",
        "period": "Q3",
        "profitloss": 699000000,
        "othercomprehensiveincomelossforeigncurrencytransactionandtranslationadjustmentnetoftax": 90000000,
        "othercomprehensiveincomelosspensionandotherpostretirementbenefitplansadjustmentnetoftax": -18000000,
        "othercomprehensiveincomeunrealizedholdinggainlossonsecuritiesarisingduringperiodnetoftax": 3000000,
        "othercomprehensiveincomelossderivativesqualifyingashedgesnetoftax": -5000000,
        "othercomprehensiveincomelossnetoftax": 106000000,
        "comprehensiveincomenetoftaxincludingportionattributabletononcontrollinginterest": 805000000,
        "netincomelossattributabletononcontrollinginterest": 43000000,
        "othercomprehensiveincomeforeigncurrencytransactionandtranslationadjustmentnetoftaxportionattributabletononcontrollinginterest": -3000000,
        "comprehensiveincomenetoftaxattributabletononcontrollinginterest": 40000000,
        "comprehensiveincomenetoftax": 765000000,
        "salesrevenuenet": 4398000000,
        "costofrevenue": 1813000000,
        "grossprofit": 2585000000,
        "sellinggeneralandadministrativeexpense": 1549000000,
        "otherincomeexpensenet": 20000000,
        "operatingincomeloss": 138000000,
        "incomelossfromcontinuingoperationsbeforeincometaxesextraordinaryitemsnoncontrollinginterest": 1016000000,
        "incometaxexpensebenefit": 317000000,
        "netincomeloss": 656000000,
        "earningspersharebasic": 0.71,
        "earningspersharediluted": 0.7,
        "commonstockdividendspersharedeclared": 0.34
    },
    {
        "date": "2013-06-29",
        "symbol": "CL",
        "period": "Q2",
        "profitloss": 604000000,
        "othercomprehensiveincomelossforeigncurrencytransactionandtranslationadjustmentnetoftax": -200000000,
        "othercomprehensiveincomelosspensionandotherpostretirementbenefitplansadjustmentnetoftax": -18000000,
        "othercomprehensiveincomeunrealizedholdinggainlossonsecuritiesarisingduringperiodnetoftax": 8000000,
        "othercomprehensiveincomelossderivativesqualifyingashedgesnetoftax": 3000000,
        "othercomprehensiveincomelossnetoftax": -171000000,
        "comprehensiveincomenetoftaxincludingportionattributabletononcontrollinginterest": 433000000,
        "netincomelossattributabletononcontrollinginterest": 43000000,
        "othercomprehensiveincomeforeigncurrencytransactionandtranslationadjustmentnetoftaxportionattributabletononcontrollinginterest": -4000000,
        "comprehensiveincomenetoftaxattributabletononcontrollinginterest": 39000000,
        "comprehensiveincomenetoftax": 394000000,
        "salesrevenuenet": 4346000000,
        "costofrevenue": 1812000000,
        "grossprofit": 2534000000,
        "sellinggeneralandadministrativeexpense": 1526000000,
        "otherincomeexpensenet": 102000000,
        "operatingincomeloss": 238000000,
        "interestexpensenet": -5000000,
        "incomelossfromcontinuingoperationsbeforeincometaxesextraordinaryitemsnoncontrollinginterest": 911000000,
        "incometaxexpensebenefit": 307000000,
        "netincomeloss": 561000000,
        "earningspersharebasic": 0.6,
        "earningspersharediluted": 0.6,
        "commonstockdividendspersharedeclared": 0.34
    },
    {
        "date": "2013-03-30",
        "symbol": "CL",
        "period": "Q1",
        "profitloss": 46000000,
        "othercomprehensiveincomelossforeigncurrencytransactionandtranslationadjustmentnetoftax": -55000000,
        "othercomprehensiveincomelosspensionandotherpostretirementbenefitplansadjustmentnetoftax": -20000000,
        "othercomprehensiveincomeunrealizedholdinggainlossonsecuritiesarisingduringperiodnetoftax": -4000000,
        "othercomprehensiveincomelossderivativesqualifyingashedgesnetoftax": 2000000,
        "othercomprehensiveincomelossnetoftax": -37000000,
        "comprehensiveincomenetoftaxincludingportionattributabletononcontrollinginterest": 469000000,
        "netincomelossattributabletononcontrollinginterest": 46000000,
        "comprehensiveincomenetoftaxattributabletononcontrollinginterest": 46000000,
        "comprehensiveincomenetoftax": 423000000,
        "salesrevenuenet": 4315000000,
        "costofrevenue": 1800000000,
        "grossprofit": 2515000000,
        "sellinggeneralandadministrativeexpense": 1536000000,
        "otherincomeexpensenet": 237000000,
        "operatingincomeloss": 136000000,
        "interestexpensenet": -3000000,
        "incomelossfromcontinuingoperationsbeforeincometaxesextraordinaryitemsnoncontrollinginterest": 745000000,
        "incometaxexpensebenefit": 239000000,
        "netincomeloss": 460000000,
        "earningspersharebasic": 0.98,
        "earningspersharediluted": 0.97,
        "commonstockdividendspersharedeclared": 1.3
    },
    {
        "date": "2012-09-29",
        "symbol": "CL",
        "period": "Q3",
        "profitloss": 697000000,
        "othercomprehensiveincomelossforeigncurrencytransactionandtranslationadjustmentnetoftax": 89000000,
        "othercomprehensiveincomelosspensionandotherpostretirementbenefitplansadjustmentnetoftax": -25000000,
        "othercomprehensiveincomeunrealizedholdinggainlossonsecuritiesarisingduringperiodnetoftax": -5000000,
        "othercomprehensiveincomelossderivativesqualifyingashedgesnetoftax": -2000000,
        "othercomprehensiveincomelossnetoftax": 107000000,
        "comprehensiveincomenetoftaxincludingportionattributabletononcontrollinginterest": 804000000,
        "netincomelossattributabletononcontrollinginterest": 43000000,
        "othercomprehensiveincomeforeigncurrencytransactionandtranslationadjustmentnetoftaxportionattributabletononcontrollinginterest": 8000000,
        "comprehensiveincomenetoftaxattributabletononcontrollinginterest": 51000000,
        "comprehensiveincomenetoftax": 753000000,
        "salesrevenuenet": 4332000000,
        "costofrevenue": 1803000000,
        "grossprofit": 2529000000,
        "sellinggeneralandadministrativeexpense": 1501000000,
        "otherincomeexpensenet": 1000000,
        "operatingincomeloss": -139000000,
        "interestexpensenet": 4000000,
        "incomelossfromcontinuingoperationsbeforeincometaxesextraordinaryitemsnoncontrollinginterest": 1023000000,
        "incometaxexpensebenefit": 326000000,
        "netincomeloss": 654000000,
        "earningspersharebasic": 1.38,
        "earningspersharediluted": 1.36,
        "commonstockdividendspersharedeclared": 0.62
    },
    {
        "date": "2012-06-29",
        "symbol": "CL",
        "period": "Q2",
        "profitloss": -515000000,
        "othercomprehensiveincomeunrealizedholdinggainlossonsecuritiesarisingduringperiodnetoftax": 4000000,
        "comprehensiveincomenetoftaxincludingportionattributabletononcontrollinginterest": 374000000,
        "netincomelossattributabletononcontrollinginterest": 38000000,
        "othercomprehensiveincomeforeigncurrencytransactionandtranslationadjustmentnetoftaxportionattributabletononcontrollinginterest": -6000000,
        "comprehensiveincomenetoftaxattributabletononcontrollinginterest": 32000000,
        "comprehensiveincomenetoftax": 342000000,
        "salesrevenuenet": 4267000000,
        "costofrevenue": 1806000000,
        "grossprofit": 2461000000,
        "sellinggeneralandadministrativeexpense": 1464000000,
        "otherincomeexpensenet": 15000000,
        "operatingincomeloss": 1672000000,
        "interestexpensenet": 6000000,
        "incomelossfromcontinuingoperationsbeforeincometaxesextraordinaryitemsnoncontrollinginterest": 976000000,
        "incometaxexpensebenefit": 311000000,
        "netincomeloss": 627000000,
        "earningspersharebasic": 1.3099999999999998,
        "earningspersharediluted": 1.2999999999999998,
        "commonstockdividendspersharedeclared": 0
    },
    {
        "date": "2012-03-30",
        "symbol": "CL",
        "period": "Q1",
        "profitloss": 593000000,
        "othercomprehensiveincomeforeigncurrencytransactionandtranslationadjustmentnetoftaxperiodincreasedecrease": 179000000,
        "othercomprehensiveincomedefinedbenefitplansadjustmentnetoftaxperiodincreasedecrease": 14000000,
        "othercomprehensiveincomeunrealizedholdinggainlossonsecuritiesarisingduringperiodnetoftax": 10000000,
        "othercomprehensiveincomederivativesqualifyingashedgesnetoftaxperiodincreasedecrease": 5000000,
        "othercomprehensiveincomelossnetoftaxperiodincreasedecrease": 206000000,
        "comprehensiveincomenetoftaxincludingportionattributabletononcontrollinginterest": 841000000,
        "netincomelossattributabletononcontrollinginterest": 40000000,
        "othercomprehensiveincomeforeigncurrencytransactionandtranslationadjustmentnetoftaxportionattributabletononcontrollinginterest": 2000000,
        "comprehensiveincomenetoftaxattributabletononcontrollinginterest": 42000000,
        "comprehensiveincomenetoftax": 799000000,
        "salesrevenuenet": 4200000000,
        "costofrevenue": 1763000000,
        "grossprofit": 2437000000,
        "sellinggeneralandadministrativeexpense": 1478000000,
        "otherincomeexpensenet": 21000000,
        "operatingincomeloss": 220000000,
        "interestexpensenet": 10000000,
        "incomelossfromcontinuingoperationsbeforeincometaxesextraordinaryitemsnoncontrollinginterest": 928000000,
        "incometaxexpensebenefit": 295000000,
        "netincomeloss": 593000000,
        "earningspersharebasic": 1.24,
        "earningspersharediluted": 1.23,
        "commonstockdividendspersharedeclared": 1.2
    },
    {
        "date": "2011-09-29",
        "symbol": "CL",
        "period": "Q3",
        "salesrevenuenet": 4383000000,
        "costofrevenue": 1921000000,
        "grossprofit": 2462000000,
        "sellinggeneralandadministrativeexpense": 1489000000,
        "otherincomeexpensenet": -62000000,
        "operatingincomeloss": 1035000000,
        "interestexpensenet": 10000000,
        "incomebeforeincometaxes": 1025000000,
        "incometaxexpensebenefit": 349000000,
        "profitloss": 676000000,
        "netincomelossattributabletononcontrollinginterest": 33000000,
        "netincomeloss": 643000000,
        "earningspersharebasic": 1.32,
        "earningspersharediluted": 1.31,
        "commonstockdividendspersharedeclared": 0.58
    },
    {
        "date": "2011-06-29",
        "symbol": "CL",
        "period": "Q2",
        "salesrevenuenet": 4185000000,
        "costofrevenue": 1781000000,
        "grossprofit": 2404000000,
        "sellinggeneralandadministrativeexpense": 1421000000,
        "otherincomeexpensenet": 15000000,
        "operatingincomeloss": 968000000,
        "interestexpensenet": 11000000,
        "incomebeforeincometaxes": 957000000,
        "incometaxexpensebenefit": 311000000,
        "profitloss": 622000000,
        "netincomelossattributabletononcontrollinginterest": 24000000,
        "netincomeloss": 622000000,
        "earningspersharebasic": 1.27,
        "earningspersharediluted": 1.26,
        "commonstockdividendspersharedeclared": 0
    },
    {
        "date": "2011-03-30",
        "symbol": "CL",
        "period": "Q1",
        "salesrevenuenet": 3994000000,
        "costofrevenue": 1663000000,
        "grossprofit": 2331000000,
        "sellinggeneralandadministrativeexpense": 1404000000,
        "otherincomeexpensenet": 12000000,
        "operatingincomeloss": 915000000,
        "interestexpensenet": 16000000,
        "incomebeforeincometaxes": 899000000,
        "incometaxexpensebenefit": 292000000,
        "profitloss": 576000000,
        "netincomelossattributabletononcontrollinginterest": 31000000,
        "netincomeloss": 576000000,
        "earningspersharebasic": 1.17,
        "earningspersharediluted": 1.16,
        "commonstockdividendspersharedeclared": 1.11
    },
    {
        "date": "2010-09-29",
        "symbol": "CL",
        "period": "Q3",
        "salesrevenuenet": 3422000000,
        "costofrevenue": 1599000000,
        "grossprofit": 2344000000,
        "sellinggeneralandadministrativeexpense": 1391000000,
        "otherincomeexpensenet": -5000000,
        "operatingincomeloss": 948000000,
        "interestexpensenet": 13000000,
        "incomebeforeincometaxes": 945000000,
        "incometaxexpensebenefit": 300000000,
        "profitloss": 619000000,
        "netincomelossattributabletononcontrollinginterest": 26000000,
        "netincomeloss": 619000000,
        "earningspersharebasic": 1.26,
        "earningspersharediluted": 1.21,
        "commonstockdividendspersharedeclared": 0.53
    },
    {
        "date": "2010-06-29",
        "symbol": "CL",
        "period": "Q2",
        "salesrevenuenet": 2807000000,
        "costofrevenue": 1572000000,
        "grossprofit": 2242000000,
        "sellinggeneralandadministrativeexpense": 1292000000,
        "otherincomeexpensenet": 2000000,
        "operatingincomeloss": 1162000000,
        "interestexpensenet": 14000000,
        "incomebeforeincometaxes": 934000000,
        "incometaxexpensebenefit": 304000000,
        "profitloss": -330000000,
        "netincomelossattributabletononcontrollinginterest": 27000000,
        "netincomeloss": 603000000,
        "earningspersharebasic": 1.21,
        "earningspersharediluted": 1.1700000000000002,
        "commonstockdividendspersharedeclared": 0
    },
    {
        "date": "2010-03-30",
        "symbol": "CL",
        "period": "Q1",
        "salesrevenuenet": 3829000000,
        "costofrevenue": 1561000000,
        "grossprofit": 2268000000,
        "sellinggeneralandadministrativeexpense": 1355000000,
        "otherincomeexpensenet": 235000000,
        "operatingincomeloss": 678000000,
        "interestexpensenet": 16000000,
        "incomebeforeincometaxes": 662000000,
        "incometaxexpensebenefit": 275000000,
        "profitloss": 387000000,
        "netincomelossattributabletononcontrollinginterest": 30000000,
        "netincomeloss": 357000000,
        "earningspersharebasic": 0.71,
        "earningspersharediluted": 0.69,
        "commonstockdividendspersharedeclared": 0.97
    },
    {
        "date": "2009-09-29",
        "symbol": "CL",
        "period": "Q3",
        "salesrevenuenet": 3998000000,
        "costofrevenue": 1631000000,
        "grossprofit": 2367000000,
        "sellinggeneralandadministrativeexpense": 1403000000,
        "otherincomeexpensenet": 38000000,
        "operatingincomeloss": 926000000,
        "interestexpensenet": 17000000,
        "incomelossfromcontinuingoperationsbeforeincometaxesminorityinterestandincomelossfromequitymethodinvestments": 909000000,
        "incometaxexpensebenefit": 292000000,
        "profitloss": 617000000,
        "netincomelossattributabletononcontrollinginterest": 27000000,
        "netincomeloss": 590000000,
        "earningspersharebasic": 1.17,
        "earningspersharediluted": 1.12,
        "commonstockdividendspersharedeclared": 0.44
    }
]