[
    {
        "date": "2024-09-29",
        "symbol": "ARES",
        "period": "Q3",
        "revenuefromcontractwithcustomerexcludingassessedtax": 41817000,
        "laborandrelatedexpense": 435876000,
        "noninterestexpenserelatedtoperformancefeesnet": 219697000,
        "sellinggeneralandadministrativeexpense": 197019000,
        "noninterestexpenseinvestmentadvisoryfees": 2295000,
        "operatingexpenses": 854887000,
        "gainlossoninvestments": 64831000,
        "investmentincomeinterestanddividend": 7553000,
        "interestexpensenonoperating": 201199000,
        "othernonoperatingincomeexpense": -18805000,
        "investmentincomenet": 234681000,
        "nonoperatingincomeexpense": 52254000,
        "incomelossfromcontinuingoperationsbeforeincometaxesextraordinaryitemsnoncontrollinginterest": 327106000,
        "incometaxexpensebenefit": 46453000,
        "netincomelossincludingportionattributabletononcontrollinginterestandconsolidatedentities": 280653000,
        "netincomelossattributabletononcontrollinginterestconsolidatedentities": 64241000,
        "profitloss": 216412000,
        "netincomelossattributabletoredeemablenoncontrollinginterest": 1319000,
        "netincomelossattributabletononcontrollinginterestparentonly": 96633000,
        "netincomelossavailabletocommonstockholdersbasic": 118460000,
        "netincomelossperoutstandinglimitedpartnershipunitbasicnetoftax": 0.55,
        "netincomelossnetoftaxperoutstandinglimitedpartnershipunitdiluted": 0.55,
        "weightedaveragelimitedpartnershipunitsoutstanding": 200724068,
        "weightedaveragelimitedpartnershipunitsoutstandingdiluted": 200724068,
        "othercomprehensiveincomelossforeigncurrencytransactionandtranslationadjustmentnetoftax": 37167000,
        "comprehensiveincomenetoftaxincludingportionattributabletononcontrollinginterest": 317820000,
        "othercomprehensiveincomelossnetoftaxportionattributabletononcontrollinginterest": 70798000,
        "comprehensiveincomelossnetoftaxattributabletoredeemablenoncontrollinginterest": 1933000,
        "comprehensiveincomelossnetoftaxattributabletononredeemablenoncontrollinginterest": 107698000,
        "comprehensiveincomenetoftax": 137391000
    },
    {
        "date": "2024-03-30",
        "symbol": "ARES",
        "period": "Q1",
        "revenuefromcontractwithcustomerexcludingassessedtax": 687692000,
        "laborandrelatedexpense": 412951000,
        "noninterestexpenserelatedtoperformancefeesnet": -50532000,
        "sellinggeneralandadministrativeexpense": 170928000,
        "noninterestexpenseinvestmentadvisoryfees": 5146000,
        "operatingexpenses": 538493000,
        "gainlossoninvestments": 10516000,
        "investmentincomeinterestanddividend": 5382000,
        "interestexpense": 37824000,
        "othernonoperatingincomeexpense": 270000,
        "investmentincomenet": 257276000,
        "nonoperatingincomeexpense": 62178000,
        "incomelossfromcontinuingoperationsbeforeincometaxesextraordinaryitemsnoncontrollinginterest": 231048000,
        "incometaxexpensebenefit": 27233000,
        "netincomelossincludingportionattributabletononcontrollinginterestandconsolidatedentities": 203815000,
        "netincomelossattributabletononcontrollinginterestconsolidatedentities": 66716000,
        "profitloss": 137099000,
        "netincomelossattributabletoredeemablenoncontrollinginterest": 73000,
        "netincomelossattributabletononcontrollinginterestparentonly": 63999000,
        "netincomelossavailabletocommonstockholdersbasic": 73027000,
        "netincomelossperoutstandinglimitedpartnershipunitbasicnetoftax": 0.33,
        "netincomelossnetoftaxperoutstandinglimitedpartnershipunitdiluted": 0.33,
        "weightedaveragelimitedpartnershipunitsoutstanding": 192622609,
        "weightedaveragelimitedpartnershipunitsoutstandingdiluted": 192622609,
        "othercomprehensiveincomelossforeigncurrencytransactionandtranslationadjustmentnetoftax": -11647000,
        "comprehensiveincomenetoftaxincludingportionattributabletononcontrollinginterest": 192168000,
        "othercomprehensiveincomelossnetoftaxportionattributabletononcontrollinginterest": 63108000,
        "comprehensiveincomelossnetoftaxattributabletoredeemablenoncontrollinginterest": -184000,
        "comprehensiveincomelossnetoftaxattributabletononredeemablenoncontrollinginterest": 61067000,
        "comprehensiveincomenetoftax": 68177000
    },
    {
        "date": "2023-12-30",
        "symbol": "ARES",
        "period": "Q4",
        "revenuefromcontractwithcustomerexcludingassessedtax": 2022761000,
        "laborandrelatedexpense": 390865000,
        "sellinggeneralandadministrativeexpense": 448678000,
        "noninterestexpenseinvestmentadvisoryfees": 60357000,
        "operatingexpenses": 2261201000,
        "gainlossoninvestments": 64436000,
        "investmentincomeinterestanddividend": 20658000,
        "interestexpense": 82772000,
        "othernonoperatingincomeexpense": -1225000,
        "investmentincomenet": 740247000,
        "nonoperatingincomeexpense": 367517000,
        "incomelossfromcontinuingoperationsbeforeincometaxesextraordinaryitemsnoncontrollinginterest": 1176073000,
        "incometaxexpensebenefit": 142514000,
        "profitloss": 243625000,
        "netincomelossattributabletoredeemablenoncontrollinginterest": 558000,
        "netincomelossavailabletocommonstockholdersbasic": 173950000,
        "netincomelossperoutstandinglimitedpartnershipunitbasicnetoftax": 0.9000000000000001,
        "netincomelossnetoftaxperoutstandinglimitedpartnershipunitdiluted": 0.8900000000000001,
        "weightedaveragelimitedpartnershipunitsoutstanding": 184523524,
        "weightedaveragelimitedpartnershipunitsoutstandingdiluted": 195773426,
        "othercomprehensiveincomelossforeigncurrencytransactionandtranslationadjustmentnetoftax": 41635000,
        "comprehensiveincomenetoftaxincludingportionattributabletononcontrollinginterest": 465182000,
        "comprehensiveincomelossnetoftaxattributabletoredeemablenoncontrollinginterest": 923000,
        "comprehensiveincomenetoftax": 185585000
    },
    {
        "date": "2023-09-29",
        "symbol": "ARES",
        "period": "Q3",
        "revenuefromcontractwithcustomerexcludingassessedtax": 637517000,
        "laborandrelatedexpense": 367502000,
        "noninterestexpenserelatedtoperformancefeesnet": -25448000,
        "sellinggeneralandadministrativeexpense": 211842000,
        "noninterestexpenseinvestmentadvisoryfees": 7064000,
        "operatingexpenses": 560960000,
        "gainlossoninvestments": -1770000,
        "investmentincomeinterestanddividend": 4752000,
        "interestexpense": 25975000,
        "othernonoperatingincomeexpense": 5742000,
        "investmentincomenet": 255600000,
        "nonoperatingincomeexpense": 116577000,
        "incomelossfromcontinuingoperationsbeforeincometaxesextraordinaryitemsnoncontrollinginterest": 226872000,
        "incometaxexpensebenefit": 29898000,
        "profitloss": 196974000,
        "netincomelossattributabletononcontrollinginterest": 80289000,
        "netincomelossattributabletoredeemablenoncontrollinginterest": 758000,
        "netincomelossavailabletocommonstockholdersbasic": 61823000,
        "netincomelossperoutstandinglimitedpartnershipunitbasicnetoftax": 0.3,
        "netincomelossnetoftaxperoutstandinglimitedpartnershipunitdiluted": 0.3,
        "weightedaveragelimitedpartnershipunitsoutstanding": 186218638,
        "weightedaveragelimitedpartnershipunitsoutstandingdiluted": 186218638,
        "othercomprehensiveincomelossforeigncurrencytransactionandtranslationadjustmentnetoftax": -23984000,
        "comprehensiveincomenetoftaxincludingportionattributabletononcontrollinginterest": 172990000,
        "comprehensiveincomenetoftaxattributabletononcontrollinginterest": 68976000,
        "comprehensiveincomelossnetoftaxattributabletoredeemablenoncontrollinginterest": 659000,
        "comprehensiveincomenetoftax": 54245000
    },
    {
        "date": "2023-06-29",
        "symbol": "ARES",
        "period": "Q2",
        "revenuefromcontractwithcustomerexcludingassessedtax": -76440000,
        "laborandrelatedexpense": 367550000,
        "noninterestexpenserelatedtoperformancefees": 315780000,
        "sellinggeneralandadministrativeexpense": -31000,
        "noninterestexpenseinvestmentadvisoryfees": -12140000,
        "operatingexpenses": -12171000,
        "gainlossoninvestments": 2138000,
        "investmentincomeinterestanddividend": -2797000,
        "interestexpense": -1115000,
        "othernonoperatingincomeexpense": 211000,
        "investmentincomenet": -211000,
        "nonoperatingincomeexpense": 10492000,
        "incomelossfromcontinuingoperationsbeforeincometaxesextraordinaryitemsnoncontrollinginterest": -53777000,
        "incometaxexpensebenefit": 81000,
        "profitloss": 264574000,
        "netincomelossattributabletononcontrollinginterest": 119326000,
        "netincomelossattributabletoredeemablenoncontrollinginterest": 734000,
        "netincomelossavailabletocommonstockholdersbasic": 144514000,
        "netincomelossperoutstandinglimitedpartnershipunitbasicnetoftax": 0.75,
        "netincomelossnetoftaxperoutstandinglimitedpartnershipunitdiluted": 0.74,
        "weightedaveragelimitedpartnershipunitsoutstanding": 182999515,
        "weightedaveragelimitedpartnershipunitsoutstandingdiluted": 194058041,
        "othercomprehensiveincomelossforeigncurrencytransactionandtranslationadjustmentnetoftax": -4435000,
        "comprehensiveincomenetoftaxincludingportionattributabletononcontrollinginterest": 327820000,
        "comprehensiveincomenetoftaxattributabletononcontrollinginterest": 121077000,
        "comprehensiveincomelossnetoftaxattributabletoredeemablenoncontrollinginterest": 575000,
        "comprehensiveincomenetoftax": 147172000
    },
    {
        "date": "2023-03-30",
        "symbol": "ARES",
        "period": "Q1",
        "revenuefromcontractwithcustomerexcludingassessedtax": -32688000,
        "laborandrelatedexpense": 360781000,
        "noninterestexpenserelatedtoperformancefees": 111658000,
        "sellinggeneralandadministrativeexpense": -343000,
        "noninterestexpenseinvestmentadvisoryfees": -11789000,
        "operatingexpenses": -12132000,
        "gainlossoninvestments": 12769000,
        "investmentincomeinterestanddividend": -3337000,
        "interestexpense": -1356000,
        "othernonoperatingincomeexpense": 91000,
        "investmentincomenet": -91000,
        "nonoperatingincomeexpense": 4451000,
        "incomelossfromcontinuingoperationsbeforeincometaxesextraordinaryitemsnoncontrollinginterest": -16105000,
        "incometaxexpensebenefit": 478000,
        "profitloss": 180623000,
        "netincomelossattributabletononcontrollinginterest": 88408000,
        "netincomelossattributabletoredeemablenoncontrollinginterest": -1824000,
        "netincomelossavailabletocommonstockholdersbasic": 94039000,
        "netincomelossperoutstandinglimitedpartnershipunitbasicnetoftax": 0.49,
        "netincomelossnetoftaxperoutstandinglimitedpartnershipunitdiluted": 0.49,
        "weightedaveragelimitedpartnershipunitsoutstanding": 178976022,
        "weightedaveragelimitedpartnershipunitsoutstandingdiluted": 178976022,
        "othercomprehensiveincomelossforeigncurrencytransactionandtranslationadjustmentnetoftax": 6639000,
        "comprehensiveincomenetoftaxincludingportionattributabletononcontrollinginterest": 213955000,
        "comprehensiveincomenetoftaxattributabletononcontrollinginterest": 90164000,
        "comprehensiveincomelossnetoftaxattributabletoredeemablenoncontrollinginterest": -1972000,
        "comprehensiveincomenetoftax": 96680000
    },
    {
        "date": "2022-12-30",
        "symbol": "ARES",
        "period": "Q4",
        "revenuefromcontractwithcustomerexcludingassessedtax": -41322000,
        "laborandrelatedexpense": 340153000,
        "noninterestexpenserelatedtoperformancefees": 205417000,
        "sellinggeneralandadministrativeexpense": -243330000,
        "noninterestexpenseinvestmentadvisoryfees": -15871000,
        "operatingexpenses": -15885000,
        "gainlossoninvestments": -9487000,
        "investmentincomeinterestanddividend": -15041000,
        "interestexpense": -3607000,
        "othernonoperatingincomeexpense": -5847000,
        "investmentincomenet": -941000,
        "nonoperatingincomeexpense": 2829000,
        "incomelossfromcontinuingoperationsbeforeincometaxesextraordinaryitemsnoncontrollinginterest": -22608000,
        "incometaxexpensebenefit": 134000,
        "profitloss": 222557000,
        "netincomelossattributabletononcontrollinginterest": 105950000,
        "netincomelossattributabletoredeemablenoncontrollinginterest": -886000,
        "netincomeloss": 117493000,
        "netincomelossavailabletocommonstockholdersbasic": 117493000,
        "netincomelossperoutstandinglimitedpartnershipunitbasicnetoftax": 0.6400000000000001,
        "netincomelossnetoftaxperoutstandinglimitedpartnershipunitdiluted": 0.6400000000000001,
        "weightedaveragelimitedpartnershipunitsoutstanding": -349493155,
        "weightedaveragelimitedpartnershipunitsoutstandingdiluted": -349493155,
        "othercomprehensiveincomelossforeigncurrencytransactionandtranslationadjustmentnetoftax": 37737000,
        "comprehensiveincomenetoftaxincludingportionattributabletononcontrollinginterest": 330927000,
        "comprehensiveincomenetoftaxattributabletononcontrollinginterest": 204268000,
        "comprehensiveincomelossnetoftaxattributabletoredeemablenoncontrollinginterest": 1084000,
        "comprehensiveincomenetoftax": 131326000
    },
    {
        "date": "2022-09-29",
        "symbol": "ARES",
        "period": "Q3",
        "revenuefromcontractwithcustomerexcludingassessedtax": 548458000,
        "laborandrelatedexpense": 425419000,
        "noninterestexpenserelatedtoperformancefees": 142934000,
        "sellinggeneralandadministrativeexpense": 319352000,
        "noninterestexpenseinvestmentadvisoryfees": 10397000,
        "operatingexpenses": 898102000,
        "gainlossoninvestments": 4431000,
        "investmentincomeinterestanddividend": 2086000,
        "interestexpense": 18307000,
        "othernonoperatingincomeexpense": 2601000,
        "investmentincomenet": 158415000,
        "nonoperatingincomeexpense": 36434000,
        "incomelossfromcontinuingoperationsbeforeincometaxesextraordinaryitemsnoncontrollinginterest": -60378000,
        "incometaxexpensebenefit": -11599000,
        "profitloss": -48779000,
        "netincomelossattributabletononcontrollinginterest": 16340000,
        "netincomelossattributabletoredeemablenoncontrollinginterest": 93000,
        "netincomeloss": -35546000,
        "netincomelossavailabletocommonstockholdersbasic": -35546000,
        "netincomelossperoutstandinglimitedpartnershipunitbasicnetoftax": -0.22,
        "netincomelossnetoftaxperoutstandinglimitedpartnershipunitdiluted": -0.22,
        "weightedaveragelimitedpartnershipunitsoutstanding": 175631144,
        "weightedaveragelimitedpartnershipunitsoutstandingdiluted": 175631144,
        "othercomprehensiveincomelossforeigncurrencytransactionandtranslationadjustmentnetoftax": -29611000,
        "comprehensiveincomenetoftaxincludingportionattributabletononcontrollinginterest": -78390000,
        "comprehensiveincomenetoftaxattributabletononcontrollinginterest": 7141000,
        "comprehensiveincomelossnetoftaxattributabletoredeemablenoncontrollinginterest": -840000,
        "comprehensiveincomenetoftax": -47173000
    },
    {
        "date": "2022-06-29",
        "symbol": "ARES",
        "period": "Q2",
        "revenuefromcontractwithcustomerexcludingassessedtax": 520560000,
        "laborandrelatedexpense": 375775000,
        "noninterestexpenserelatedtoperformancefees": 41073000,
        "sellinggeneralandadministrativeexpense": 122566000,
        "noninterestexpenseinvestmentadvisoryfees": 13454000,
        "operatingexpenses": 552868000,
        "gainlossoninvestments": -1775000,
        "investmentincomeinterestanddividend": 1476000,
        "interestexpense": 17221000,
        "othernonoperatingincomeexpense": 5809000,
        "investmentincomenet": 117375000,
        "nonoperatingincomeexpense": 18504000,
        "incomelossfromcontinuingoperationsbeforeincometaxesextraordinaryitemsnoncontrollinginterest": 67066000,
        "incometaxexpensebenefit": 13460000,
        "profitloss": 53606000,
        "netincomelossattributabletononcontrollinginterest": -15022000,
        "netincomelossattributabletoredeemablenoncontrollinginterest": -457000,
        "netincomeloss": 39731000,
        "netincomelossavailabletocommonstockholdersbasic": 39731000,
        "netincomelossperoutstandinglimitedpartnershipunitbasicnetoftax": 0.21,
        "netincomelossnetoftaxperoutstandinglimitedpartnershipunitdiluted": 0.21,
        "weightedaveragelimitedpartnershipunitsoutstanding": 175157558,
        "weightedaveragelimitedpartnershipunitsoutstandingdiluted": 175157558,
        "othercomprehensiveincomelossforeigncurrencytransactionandtranslationadjustmentnetoftax": -29644000,
        "comprehensiveincomenetoftaxincludingportionattributabletononcontrollinginterest": 23962000,
        "comprehensiveincomenetoftaxattributabletononcontrollinginterest": -24922000,
        "comprehensiveincomelossnetoftaxattributabletoredeemablenoncontrollinginterest": -1453000,
        "comprehensiveincomenetoftax": 28558000
    },
    {
        "date": "2022-03-30",
        "symbol": "ARES",
        "period": "Q1",
        "revenuefromcontractwithcustomerexcludingassessedtax": -22446000,
        "laborandrelatedexpense": 357243000,
        "noninterestexpenserelatedtoperformancefees": 129405000,
        "sellinggeneralandadministrativeexpense": 120523000,
        "noninterestexpenseinvestmentadvisoryfees": -11564000,
        "operatingexpenses": -11564000,
        "gainlossoninvestments": -7043000,
        "investmentincomeinterestanddividend": 1502000,
        "interestexpense": -3434000,
        "othernonoperatingincomeexpense": 1784000,
        "investmentincomenet": -994000,
        "nonoperatingincomeexpense": 7518000,
        "incomelossfromcontinuingoperationsbeforeincometaxesextraordinaryitemsnoncontrollinginterest": -3364000,
        "incometaxexpensebenefit": 25000,
        "profitloss": 93516000,
        "netincomelossattributabletononcontrollinginterest": 47254000,
        "netincomelossattributabletoredeemablenoncontrollinginterest": 399000,
        "netincomeloss": 45863000,
        "netincomelossavailabletocommonstockholdersbasic": 45863000,
        "netincomelossperoutstandinglimitedpartnershipunitbasicnetoftax": 0.24,
        "netincomelossnetoftaxperoutstandinglimitedpartnershipunitdiluted": 0.24,
        "weightedaveragelimitedpartnershipunitsoutstanding": 174215251,
        "weightedaveragelimitedpartnershipunitsoutstandingdiluted": 174215251,
        "othercomprehensiveincomelossforeigncurrencytransactionandtranslationadjustmentnetoftax": -12393000,
        "comprehensiveincomenetoftaxincludingportionattributabletononcontrollinginterest": 128505000,
        "comprehensiveincomenetoftaxattributabletononcontrollinginterest": -44451000,
        "comprehensiveincomelossnetoftaxattributabletoredeemablenoncontrollinginterest": -68000,
        "comprehensiveincomenetoftax": 41699000
    },
    {
        "date": "2021-03-30",
        "symbol": "ARES",
        "period": "Q1",
        "revenuefromcontractwithcustomerexcludingassessedtax": 320273000,
        "laborandrelatedexpense": 231850000,
        "noninterestexpenserelatedtoperformancefees": 221432000,
        "sellinggeneralandadministrativeexpense": 67656000,
        "noninterestexpenseinvestmentadvisoryfees": 4171000,
        "operatingexpenses": 525109000,
        "gainlossoninvestments": 5433000,
        "investmentincomeinterestanddividend": 960000,
        "interestexpense": 6695000,
        "othernonoperatingincomeexpense": -4149000,
        "investmentincomenet": 115839000,
        "nonoperatingincomeexpense": 56785000,
        "incomelossfromcontinuingoperationsbeforeincometaxesminorityinterestandincomelossfromequitymethodinvestments": 190064000,
        "incometaxexpensebenefit": 25754000,
        "profitloss": 164310000,
        "netincomelossattributabletoredeemablenoncontrollinginterest": 32000,
        "netincomelossattributabletononcontrollinginterest": 49858000,
        "netincomeloss": 58378000,
        "preferredstockdividendsincomestatementimpact": 5425000,
        "netincomelossavailabletocommonstockholdersbasic": 52953000,
        "netincomelossperoutstandinglimitedpartnershipunitbasicnetoftax": 0.33,
        "netincomelossnetoftaxperoutstandinglimitedpartnershipunitdiluted": 0.32,
        "weightedaveragelimitedpartnershipunitsoutstanding": 149271822,
        "weightedaveragelimitedpartnershipunitsoutstandingdiluted": 163664384,
        "othercomprehensiveincomelossforeigncurrencytransactionandtranslationadjustmentnetoftax": -10573000,
        "comprehensiveincomenetoftaxincludingportionattributabletononcontrollinginterest": 153737000,
        "comprehensiveincomelossnetoftaxattributabletoredeemablenoncontrollinginterest": 558000,
        "comprehensiveincomenetoftaxattributabletononcontrollinginterest": -40786000,
        "comprehensiveincomenetoftax": 57833000
    },
    {
        "date": "2020-12-30",
        "symbol": "ARES",
        "period": "Q4",
        "revenuefromcontractwithcustomerexcludingassessedtax": 327458000,
        "laborandrelatedexpense": 207770000,
        "noninterestexpenserelatedtoperformancefees": 212551000,
        "sellinggeneralandadministrativeexpense": 68646000,
        "noninterestexpenseinvestmentadvisoryfees": 3413000,
        "operatingexpenses": 492380000,
        "gainlossoninvestments": 1343000,
        "investmentincomeinterestanddividend": 2959000,
        "interestexpense": 6705000,
        "othernonoperatingincomeexpense": 1443000,
        "investmentincomenet": 117532000,
        "nonoperatingincomeexpense": 109520000,
        "incomelossfromcontinuingoperationsbeforeincometaxesminorityinterestandincomelossfromequitymethodinvestments": 275153000,
        "incometaxexpensebenefit": 32874000,
        "profitloss": 242279000,
        "netincomelossattributabletononcontrollinginterest": 66678000,
        "netincomeloss": 79262000,
        "preferredstockdividendsincomestatementimpact": 5425000,
        "netincomelossavailabletocommonstockholdersbasic": 73837000,
        "netincomelossperoutstandinglimitedpartnershipunitbasicnetoftax": 0.5900000000000001,
        "netincomelossnetoftaxperoutstandinglimitedpartnershipunitdiluted": 0.5800000000000001,
        "weightedaveragelimitedpartnershipunitsoutstanding": -260406506,
        "weightedaveragelimitedpartnershipunitsoutstandingdiluted": -273884961,
        "assetmanagementandinvestmentadvisoryfees": 57269000,
        "othercomprehensiveincomelossforeigncurrencytransactionandtranslationadjustmentnetoftax": 23356000,
        "comprehensiveincomenetoftaxincludingportionattributabletononcontrollinginterest": 265635000,
        "comprehensiveincomenetoftaxattributabletononcontrollinginterest": -75662000,
        "comprehensiveincomenetoftax": 86532000
    },
    {
        "date": "2020-09-29",
        "symbol": "ARES",
        "period": "Q3",
        "revenuefromcontractwithcustomerexcludingassessedtax": 292434000,
        "laborandrelatedexpense": 194267000,
        "noninterestexpenserelatedtoperformancefees": 122356000,
        "sellinggeneralandadministrativeexpense": 69938000,
        "noninterestexpenseinvestmentadvisoryfees": 6019000,
        "operatingexpenses": 392580000,
        "gainlossoninvestments": -2607000,
        "investmentincomeinterestanddividend": 1344000,
        "interestexpense": 6815000,
        "othernonoperatingincomeexpense": 2203000,
        "investmentincomenet": 116581000,
        "nonoperatingincomeexpense": 62355000,
        "incomelossfromcontinuingoperationsbeforeincometaxesminorityinterestandincomelossfromequitymethodinvestments": 159641000,
        "incometaxexpensebenefit": 18314000,
        "profitloss": 141327000,
        "netincomelossattributabletoredeemablenoncontrollinginterest": -1007000,
        "netincomelossattributabletononcontrollinginterest": 42627000,
        "netincomeloss": 47545000,
        "preferredstockdividendsincomestatementimpact": 5425000,
        "netincomelossavailabletocommonstockholdersbasic": 42120000,
        "netincomelossperoutstandinglimitedpartnershipunitbasicnetoftax": 0.27,
        "netincomelossnetoftaxperoutstandinglimitedpartnershipunitdiluted": 0.27,
        "weightedaveragelimitedpartnershipunitsoutstanding": 143466209,
        "weightedaveragelimitedpartnershipunitsoutstandingdiluted": 158122563,
        "assetmanagementandinvestmentadvisoryfees": 41643000,
        "othercomprehensiveincomelossforeigncurrencytransactionandtranslationadjustmentnetoftax": 16893000,
        "comprehensiveincomenetoftaxincludingportionattributabletononcontrollinginterest": 158220000,
        "comprehensiveincomelossnetoftaxattributabletoredeemablenoncontrollinginterest": 365000,
        "comprehensiveincomenetoftaxattributabletononcontrollinginterest": -50300000,
        "comprehensiveincomenetoftax": 51995000
    },
    {
        "date": "2020-06-29",
        "symbol": "ARES",
        "period": "Q2",
        "revenuefromcontractwithcustomerexcludingassessedtax": 266867000,
        "laborandrelatedexpense": 185131000,
        "noninterestexpenserelatedtoperformancefees": 237108000,
        "sellinggeneralandadministrativeexpense": 58084000,
        "noninterestexpenseinvestmentadvisoryfees": 3244000,
        "operatingexpenses": 483567000,
        "gainlossoninvestments": 290000,
        "investmentincomeinterestanddividend": 1978000,
        "interestexpense": 6082000,
        "othernonoperatingincomeexpense": 2181000,
        "investmentincomenet": 116314000,
        "nonoperatingincomeexpense": 121906000,
        "incomelossfromcontinuingoperationsbeforeincometaxesminorityinterestandincomelossfromequitymethodinvestments": 241097000,
        "incometaxexpensebenefit": 24421000,
        "profitloss": 216676000,
        "netincomelossattributabletononcontrollinginterest": 85186000,
        "netincomeloss": 56371000,
        "preferredstockdividendsincomestatementimpact": 5425000,
        "netincomelossavailabletocommonstockholdersbasic": 50946000,
        "netincomelossperoutstandinglimitedpartnershipunitbasicnetoftax": 0.36,
        "netincomelossnetoftaxperoutstandinglimitedpartnershipunitdiluted": 0.35,
        "weightedaveragelimitedpartnershipunitsoutstanding": 133639194,
        "weightedaveragelimitedpartnershipunitsoutstandingdiluted": 146904357,
        "assetmanagementandinvestmentadvisoryfees": 41306000,
        "othercomprehensiveincomelossforeigncurrencytransactionandtranslationadjustmentnetoftax": 2687000,
        "comprehensiveincomenetoftaxincludingportionattributabletononcontrollinginterest": 219363000,
        "comprehensiveincomenetoftaxattributabletononcontrollinginterest": -88315000,
        "comprehensiveincomenetoftax": 55983000
    },
    {
        "date": "2020-03-30",
        "symbol": "ARES",
        "period": "Q1",
        "revenuefromcontractwithcustomerexcludingassessedtax": 263849000,
        "laborandrelatedexpense": 180084000,
        "noninterestexpenserelatedtoperformancefees": -167899000,
        "sellinggeneralandadministrativeexpense": 62331000,
        "noninterestexpenseinvestmentadvisoryfees": 7443000,
        "operatingexpenses": 81959000,
        "gainlossoninvestments": -8034000,
        "investmentincomeinterestanddividend": 1790000,
        "interestexpense": 5306000,
        "othernonoperatingincomeexpense": 5464000,
        "investmentincomenet": 113225000,
        "nonoperatingincomeexpense": -227863000,
        "incomelossfromcontinuingoperationsbeforeincometaxesminorityinterestandincomelossfromequitymethodinvestments": -296413000,
        "incometaxexpensebenefit": -20616000,
        "profitloss": -275797000,
        "netincomelossattributabletononcontrollinginterest": -166406000,
        "netincomeloss": -31036000,
        "preferredstockdividendsincomestatementimpact": 5425000,
        "netincomelossavailabletocommonstockholdersbasic": -36461000,
        "netincomelossperoutstandinglimitedpartnershipunitbasicnetoftax": -0.33,
        "netincomelossnetoftaxperoutstandinglimitedpartnershipunitdiluted": -0.33,
        "weightedaveragelimitedpartnershipunitsoutstanding": 118366539,
        "weightedaveragelimitedpartnershipunitsoutstandingdiluted": 118366539,
        "assetmanagementandinvestmentadvisoryfees": 43923000,
        "othercomprehensiveincomelossforeigncurrencytransactionandtranslationadjustmentnetoftax": -14208000,
        "comprehensiveincomenetoftaxincludingportionattributabletononcontrollinginterest": -290005000,
        "comprehensiveincomenetoftaxattributabletononcontrollinginterest": 171093000,
        "comprehensiveincomenetoftax": -35838000
    },
    {
        "date": "2019-09-29",
        "symbol": "ARES",
        "period": "Q3",
        "profitloss": 91875000,
        "othercomprehensiveincomelossforeigncurrencytransactionandtranslationadjustmentnetoftax": -9429000,
        "comprehensiveincomenetoftaxincludingportionattributabletononcontrollinginterest": 82446000,
        "comprehensiveincomenetoftaxattributabletononcontrollinginterest": -10962000,
        "comprehensiveincomenetoftax": 31200000,
        "revenuefromcontractwithcustomerexcludingassessedtax": 251591000,
        "laborandrelatedexpense": 166216000,
        "noninterestexpenserelatedtoperformancefees": 139216000,
        "sellinggeneralandadministrativeexpense": 79385000,
        "noninterestexpenseinvestmentadvisoryfees": 10884000,
        "operatingexpenses": 395701000,
        "gainlossoninvestments": 1522000,
        "investmentincomeinterestanddividend": 2030000,
        "interestexpense": 4691000,
        "othernonoperatingincomeexpense": -1870000,
        "investmentincomenet": 107922000,
        "nonoperatingincomeexpense": 32787000,
        "incomelossfromcontinuingoperationsbeforeincometaxesminorityinterestandincomelossfromequitymethodinvestments": 103576000,
        "incometaxexpensebenefit": 11701000,
        "netincomelossattributabletononcontrollinginterest": 15908000,
        "netincomeloss": 33331000,
        "preferredstockdividendsincomestatementimpact": 5425000,
        "netincomelossavailabletocommonstockholdersbasic": 27906000,
        "netincomelossperoutstandinglimitedpartnershipunitbasicnetoftax": 0.24,
        "netincomelossnetoftaxperoutstandinglimitedpartnershipunitdiluted": 0.23,
        "weightedaveragelimitedpartnershipunitsoutstanding": 108481929,
        "weightedaveragelimitedpartnershipunitsoutstandingdiluted": 121890022,
        "assetmanagementandinvestmentadvisoryfees": 38786000
    },
    {
        "date": "2019-06-29",
        "symbol": "ARES",
        "period": "Q2",
        "profitloss": 74878000,
        "othercomprehensiveincomelossforeigncurrencytransactionandtranslationadjustmentnetoftax": -1991000,
        "comprehensiveincomenetoftaxincludingportionattributabletononcontrollinginterest": 72887000,
        "comprehensiveincomenetoftaxattributabletononcontrollinginterest": -9852000,
        "comprehensiveincomenetoftax": 30500000,
        "revenuefromcontractwithcustomerexcludingassessedtax": 237846000,
        "laborandrelatedexpense": 162170000,
        "noninterestexpenserelatedtoperformancefees": 92688000,
        "sellinggeneralandadministrativeexpense": 65416000,
        "noninterestexpenseinvestmentadvisoryfees": 15427000,
        "operatingexpenses": 335701000,
        "gainlossoninvestments": 521000,
        "investmentincomeinterestanddividend": 1652000,
        "interestexpense": 5793000,
        "othernonoperatingincomeexpense": 4797000,
        "investmentincomenet": 102206000,
        "nonoperatingincomeexpense": 35262000,
        "incomelossfromcontinuingoperationsbeforeincometaxesminorityinterestandincomelossfromequitymethodinvestments": 84383000,
        "incometaxexpensebenefit": 9505000,
        "netincomelossattributabletononcontrollinginterest": 8346000,
        "netincomeloss": 32139000,
        "preferredstockdividendsincomestatementimpact": 5425000,
        "netincomelossavailabletocommonstockholdersbasic": 26714000,
        "netincomelossperoutstandinglimitedpartnershipunitbasicnetoftax": 0.24,
        "netincomelossnetoftaxperoutstandinglimitedpartnershipunitdiluted": 0.23,
        "weightedaveragelimitedpartnershipunitsoutstanding": 105188966,
        "weightedaveragelimitedpartnershipunitsoutstandingdiluted": 116603887,
        "commonstockdividendspersharedeclared": 0.32,
        "assetmanagementandinvestmentadvisoryfees": 39157000
    },
    {
        "date": "2019-03-30",
        "symbol": "ARES",
        "period": "Q1",
        "profitloss": 121576000,
        "othercomprehensiveincomelossforeigncurrencytransactionandtranslationadjustmentnetoftax": 1084000,
        "comprehensiveincomenetoftaxincludingportionattributabletononcontrollinginterest": 122660000,
        "comprehensiveincomenetoftaxattributabletononcontrollinginterest": -15965000,
        "comprehensiveincomenetoftax": 46233000,
        "revenuefromcontractwithcustomerexcludingassessedtax": -6602000,
        "laborandrelatedexpense": 32661000,
        "noninterestexpenserelatedtoperformancefees": 156520000,
        "sellinggeneralandadministrativeexpense": 20632000,
        "noninterestexpenseinvestmentadvisoryfees": 13401000,
        "operatingexpenses": 369107000,
        "gainlossoninvestments": -948000,
        "investmentincomeinterestanddividend": -480000,
        "interestexpense": 5589000,
        "othernonoperatingincomeexpense": 371000,
        "investmentincomenet": 14385000,
        "nonoperatingincomeexpense": 27870000,
        "incomelossfromcontinuingoperationsbeforeincometaxesminorityinterestandincomelossfromequitymethodinvestments": 135960000,
        "incometaxexpensebenefit": 14384000,
        "netincomelossattributabletononcontrollinginterest": 876000,
        "netincomeloss": 44949000,
        "preferredstockdividendsincomestatementimpact": 5425000,
        "netincomelossavailabletocommonstockholdersbasic": 39524000,
        "netincomelossperoutstandinglimitedpartnershipunitbasicnetoftax": 0.36,
        "netincomelossnetoftaxperoutstandinglimitedpartnershipunitdiluted": 0.36,
        "weightedaveragelimitedpartnershipunitsoutstanding": 102906494,
        "weightedaveragelimitedpartnershipunitsoutstandingdiluted": 110699112,
        "commonstockdividendspersharedeclared": 0.32,
        "assetmanagementandinvestmentadvisoryfees": 38393000
    },
    {
        "date": "2018-09-29",
        "symbol": "ARES",
        "period": "Q3",
        "profitloss": 56953000,
        "othercomprehensiveincomelossforeigncurrencytransactionandtranslationadjustmentnetoftax": -67000,
        "comprehensiveincomenetoftaxincludingportionattributabletononcontrollinginterest": 56886000,
        "comprehensiveincomenetoftaxattributabletononcontrollinginterest": 1981000,
        "comprehensiveincomenetoftax": 58867000,
        "revenuefromcontractwithcustomerexcludingassessedtax": 7084000,
        "laborandrelatedexpense": 32202000,
        "noninterestexpenserelatedtoperformancefees": 17606000,
        "sellinggeneralandadministrativeexpense": 18292000,
        "businesscombinationacquisitionrelatedcosts": 253000,
        "noninterestexpenseinvestmentadvisoryfees": 12833000,
        "operatingexpenses": 227188000,
        "gainlossoninvestments": -998000,
        "investmentincomeinterestanddividend": -93000,
        "interestexpense": 4143000,
        "othernonoperatingincomeexpense": 86000,
        "investmentincomenet": 15614000,
        "nonoperatingincomeexpense": 5000,
        "incomelossfromcontinuingoperationsbeforeincometaxesminorityinterestandincomelossfromequitymethodinvestments": 63943000,
        "incometaxexpensebenefit": 6990000,
        "netincomelossattributabletononcontrollinginterest": 819000,
        "netincomeloss": 21651000,
        "preferredstockdividendsincomestatementimpact": 5425000,
        "netincomelossavailabletocommonstockholdersbasic": 21651000,
        "netincomelossperoutstandinglimitedpartnershipunitbasicnetoftax": 0.09,
        "netincomelossnetoftaxperoutstandinglimitedpartnershipunitdiluted": 0.09,
        "weightedaveragelimitedpartnershipunitsoutstanding": 98706419,
        "weightedaveragelimitedpartnershipunitsoutstandingdiluted": 98706419,
        "commonstockdividendspersharedeclared": 0.28,
        "assetmanagementandinvestmentadvisoryfees": 33377000
    },
    {
        "date": "2018-06-29",
        "symbol": "ARES",
        "period": "Q2",
        "profitloss": 2986000,
        "othercomprehensiveincomelossforeigncurrencytransactionandtranslationadjustmentnetoftax": -444000,
        "comprehensiveincomenetoftaxincludingportionattributabletononcontrollinginterest": 2542000,
        "comprehensiveincomenetoftaxattributabletononcontrollinginterest": -3579000,
        "comprehensiveincomenetoftax": -1037000,
        "revenuefromcontractwithcustomerexcludingassessedtax": 6770000,
        "laborandrelatedexpense": 31059000,
        "noninterestexpenserelatedtoperformancefees": -13005000,
        "sellinggeneralandadministrativeexpense": 19489000,
        "businesscombinationacquisitionrelatedcosts": 47000,
        "noninterestexpenseinvestmentadvisoryfees": 35112000,
        "operatingexpenses": 221017000,
        "gainlossoninvestments": -1171000,
        "investmentincomeinterestanddividend": 2356000,
        "interestexpense": 6076000,
        "othernonoperatingincomeexpense": 991000,
        "investmentincomenet": 10495000,
        "nonoperatingincomeexpense": 12000,
        "incomelossfromcontinuingoperationsbeforeincometaxesminorityinterestandincomelossfromequitymethodinvestments": 2936000,
        "incometaxexpensebenefit": -50000,
        "netincomelossattributabletononcontrollinginterest": 719000,
        "netincomeloss": -160000,
        "preferredstockdividendsincomestatementimpact": 5425000,
        "netincomelossavailabletocommonstockholdersbasic": -160000,
        "netincomelossperoutstandinglimitedpartnershipunitbasicnetoftax": -0.2,
        "netincomelossnetoftaxperoutstandinglimitedpartnershipunitdiluted": -0.2,
        "weightedaveragelimitedpartnershipunitsoutstanding": 98037252,
        "weightedaveragelimitedpartnershipunitsoutstandingdiluted": 98037252,
        "commonstockdividendspersharedeclared": 0.37,
        "assetmanagementandinvestmentadvisoryfees": 29866000
    },
    {
        "date": "2018-03-30",
        "symbol": "ARES",
        "period": "Q1",
        "profitloss": 5425000,
        "othercomprehensiveincomelossforeigncurrencytransactionandtranslationadjustmentnetoftax": 1409000,
        "comprehensiveincomenetoftaxincludingportionattributabletononcontrollinginterest": 79906000,
        "comprehensiveincomenetoftaxattributabletononcontrollinginterest": -3542000,
        "comprehensiveincomenetoftax": 41155000,
        "managementfeesrevenue": -7311000,
        "investmentincomeinterest": 1247000,
        "managementfeesincentiverevenue": 5071000,
        "netinvestmentincome": 2708000,
        "administrativeservicesrevenue": 6412000,
        "revenues": 266089000,
        "laborandrelatedexpense": 30606000,
        "noninterestexpenserelatedtoperformancefees": 25878000,
        "sellinggeneralandadministrativeexpense": 18616000,
        "businesscombinationacquisitionrelatedcosts": -319000,
        "noninterestexpenseinvestmentadvisoryfees": 8629000,
        "operatingexpenses": 206283000,
        "gainlossoninvestments": 339000,
        "investmentincomeinterestanddividend": 3347000,
        "interestexpense": 6869000,
        "othernonoperatingincomeexpense": -458000,
        "nonoperatingincomeexpense": 2240000,
        "incomelossfromcontinuingoperationsbeforeincometaxesminorityinterestandincomelossfromequitymethodinvestments": 62046000,
        "incometaxexpensebenefit": -12375000,
        "netincomelossattributabletononcontrollinginterest": -1377000,
        "netincomeloss": 40948000,
        "preferredstockdividendsincomestatementimpact": 5425000,
        "netincomelossavailabletocommonstockholdersbasic": 35523000,
        "netincomelossperoutstandinglimitedpartnershipunitbasicnetoftax": 0.39,
        "netincomelossnetoftaxperoutstandinglimitedpartnershipunitdiluted": 0.28,
        "weightedaveragelimitedpartnershipunitsoutstanding": 85617932,
        "weightedaveragelimitedpartnershipunitsoutstandingdiluted": 213852928,
        "commonstockdividendspersharedeclared": 0.4,
        "assetmanagementandinvestmentadvisoryfees": 28417000
    },
    {
        "date": "2017-09-29",
        "symbol": "ARES",
        "period": "Q3",
        "profitloss": -9972000,
        "othercomprehensiveincomelossforeigncurrencytransactionandtranslationadjustmentnetoftax": 6043000,
        "comprehensiveincomenetoftaxincludingportionattributabletononcontrollinginterest": 89915000,
        "comprehensiveincomenetoftaxattributabletononcontrollinginterest": -18017000,
        "comprehensiveincomenetoftax": 30755000,
        "managementfeesrevenue": -5451000,
        "performancefees": -1371000,
        "administrativeservicesrevenue": 7352000,
        "revenues": -667000,
        "laborandrelatedexpense": 27577000,
        "noninterestexpenserelatedtoperformancefees": 58637000,
        "sellinggeneralandadministrativeexpense": 18380000,
        "businesscombinationacquisitionrelatedcosts": 2878000,
        "noninterestexpenseinvestmentadvisoryfees": 25862000,
        "operatingexpenses": 104654000,
        "investmentincomenet": 8563000,
        "othernonoperatingincomeexpense": -2492000,
        "gainlossoninvestments": -10515000,
        "nonoperatingincomeexpense": 50317000,
        "incomelossfromcontinuingoperationsbeforeincometaxesminorityinterestandincomelossfromequitymethodinvestments": 88424000,
        "incometaxexpensebenefit": 343000,
        "netincomelossattributabletononcontrollinginterest": 28167000,
        "netincomeloss": 27838000,
        "preferredstockdividendsincomestatementimpact": 5425000,
        "netincomelossavailabletocommonstockholdersbasic": 22413000,
        "netincomelossperoutstandinglimitedpartnershipunitbasicnetoftax": 0.26,
        "netincomelossnetoftaxperoutstandinglimitedpartnershipunitdiluted": 0.26,
        "weightedaveragelimitedpartnershipunitsoutstanding": 82166852,
        "weightedaveragelimitedpartnershipunitsoutstandingdiluted": 82166852,
        "commonstockdividendspersharedeclared": 0.31,
        "assetmanagementandinvestmentadvisoryfees": 24036000,
        "interestincomeexpensenonoperatingnet": 5343000
    },
    {
        "date": "2017-06-29",
        "symbol": "ARES",
        "period": "Q2",
        "profitloss": 3724000,
        "othercomprehensiveincomelossforeigncurrencytransactionandtranslationadjustmentnetoftax": 2029000,
        "comprehensiveincomenetoftaxincludingportionattributabletononcontrollinginterest": 115856000,
        "comprehensiveincomenetoftaxattributabletononcontrollinginterest": 8818000,
        "comprehensiveincomenetoftax": 50213000,
        "managementfeesrevenue": -4792000,
        "performancefees": 482000,
        "administrativeservicesrevenue": 9132000,
        "revenues": 4551000,
        "laborandrelatedexpense": 30990000,
        "noninterestexpenserelatedtoperformancefees": 261705000,
        "sellinggeneralandadministrativeexpense": 18961000,
        "businesscombinationacquisitionrelatedcosts": 756000,
        "noninterestexpenseinvestmentadvisoryfees": 8825000,
        "operatingexpenses": 98251000,
        "investmentincomenet": 30237000,
        "othernonoperatingincomeexpense": 2822000,
        "gainlossoninvestments": 2598000,
        "nonoperatingincomeexpense": -850000,
        "incomelossfromcontinuingoperationsbeforeincometaxesminorityinterestandincomelossfromequitymethodinvestments": 3724000,
        "incometaxexpensebenefit": 381000,
        "netincomelossattributabletononcontrollinginterest": -12371000,
        "netincomeloss": 49878000,
        "preferredstockdividendsincomestatementimpact": 5425000,
        "netincomelossavailabletocommonstockholdersbasic": 44453000,
        "netincomelossperoutstandinglimitedpartnershipunitbasicnetoftax": 0.54,
        "netincomelossnetoftaxperoutstandinglimitedpartnershipunitdiluted": 0.53,
        "weightedaveragelimitedpartnershipunitsoutstanding": 81829086,
        "weightedaveragelimitedpartnershipunitsoutstandingdiluted": 84319882,
        "commonstockdividendspersharedeclared": 0.13,
        "assetmanagementandinvestmentadvisoryfees": 19143000,
        "interestincomeexpensenonoperatingnet": 5354000
    },
    {
        "date": "2017-03-30",
        "symbol": "ARES",
        "period": "Q1",
        "profitloss": -11613000,
        "othercomprehensiveincomelossforeigncurrencytransactionandtranslationadjustmentnetoftax": 2240000,
        "comprehensiveincomenetoftaxincludingportionattributabletononcontrollinginterest": -152882000,
        "comprehensiveincomenetoftaxattributabletononcontrollinginterest": -15856000,
        "comprehensiveincomenetoftax": -39933000,
        "managementfeesrevenue": -4736000,
        "performancefees": -2870000,
        "administrativeservicesrevenue": 9606000,
        "revenues": 1976000,
        "laborandrelatedexpense": 26314000,
        "noninterestexpenserelatedtoperformancefees": 40702000,
        "sellinggeneralandadministrativeexpense": 19388000,
        "businesscombinationacquisitionrelatedcosts": 255088000,
        "noninterestexpenseinvestmentadvisoryfees": 10509000,
        "operatingexpenses": 361574000,
        "othernonoperatingincomeexpense": 16496000,
        "investmentincomenet": 10920000,
        "gainlossoninvestments": 2655000,
        "nonoperatingincomeexpense": 48302000,
        "incomelossfromcontinuingoperationsbeforeincometaxesminorityinterestandincomelossfromequitymethodinvestments": -190588000,
        "incometaxexpensebenefit": 226000,
        "netincomelossattributabletononcontrollinginterest": 27468000,
        "netincomeloss": -41134000,
        "preferredstockdividendsincomestatementimpact": 5425000,
        "netincomelossavailabletocommonstockholdersbasic": -46559000,
        "netincomelossperoutstandinglimitedpartnershipunitbasicnetoftax": -0.58,
        "netincomelossnetoftaxperoutstandinglimitedpartnershipunitdiluted": -0.58,
        "weightedaveragelimitedpartnershipunitsoutstanding": 81106734,
        "weightedaveragelimitedpartnershipunitsoutstandingdiluted": 81106734,
        "commonstockdividendspersharedeclared": 0.28,
        "assetmanagementandinvestmentadvisoryfees": 33257000,
        "interestincomeexpensenonoperatingnet": 4879000
    },
    {
        "date": "2014-09-29",
        "symbol": "ARES",
        "period": "Q3",
        "managementfeesrevenue": 31156000,
        "performancefees": 41885000,
        "feesandcommissionsother": 5812000,
        "revenues": -26555000,
        "laborandrelatedexpense": 93408000,
        "noninterestexpenserelatedtoperformancefees": 33263000,
        "sellinggeneralandadministrativeexpense": 41737000,
        "noninterestexpenseinvestmentadvisoryfees": 27409000,
        "operatingexpenses": 41055000,
        "investmentincomeinterestanddividend": 3798000,
        "interestexpense": 215524000,
        "otheroperatingincomeexpensenet": -1609000,
        "gainlossonsaleofinvestments": -30972000,
        "unrealizedgainlossoninvestments": -2129000,
        "nonoperatingincomeexpense": -12645000,
        "incomelossfromcontinuingoperationsbeforeincometaxesminorityinterestandincomelossfromequitymethodinvestments": -76885000,
        "incometaxexpensebenefit": 399000,
        "profitloss": -12924000,
        "netincomelossattributabletononcontrollinginterest": -96675000,
        "netincomelossattributabletoredeemablenoncontrollinginterest": 191000,
        "netincomeloss": 13971000,
        "netincomelossperoutstandinglimitedpartnershipunitbasicnetoftax": 0.17,
        "netincomelossnetoftaxperoutstandinglimitedpartnershipunitdiluted": 0.17,
        "weightedaveragelimitedpartnershipunitsoutstanding": 80667664,
        "weightedaveragelimitedpartnershipunitsoutstandingdiluted": 81363978,
        "othercomprehensiveincomelossforeigncurrencytransactionandtranslationadjustmentnetoftax": -27441000,
        "comprehensiveincomenetoftaxincludingportionattributabletononcontrollinginterest": -106725000,
        "comprehensiveincomenetoftaxattributabletononcontrollinginterest": -24021000,
        "comprehensiveincomenetoftaxattributabletoredeemablenoncontrollinginterest": -171000,
        "comprehensiveincomenetoftax": 12171000
    },
    {
        "date": "2014-06-29",
        "symbol": "ARES",
        "period": "Q2",
        "managementfeesrevenue": 25666000,
        "profitloss": 31288000,
        "othercomprehensiveincomelossforeigncurrencytransactionandtranslationadjustmentnetoftax": 943000,
        "othercomprehensiveincomelossnetoftax": 1406000,
        "comprehensiveincomenetoftaxincludingportionattributabletononcontrollinginterest": 187628000,
        "comprehensiveincomenetoftaxattributabletononcontrollinginterest": -168669000,
        "comprehensiveincomenetoftaxattributabletoredeemablenoncontrollinginterest": 10000,
        "comprehensiveincomenetoftax": 18460000,
        "performancefees": -52650000,
        "feesandcommissionsother": 6017000,
        "revenues": -82186000,
        "laborandrelatedexpense": 150970000,
        "noninterestexpenserelatedtoperformancefees": 51960000,
        "sellinggeneralandadministrativeexpense": 39460000,
        "noninterestexpenseinvestmentadvisoryfees": -32980000,
        "operatingexpenses": 49692000,
        "interestandotherincome": 203338000,
        "interestexpense": 203741000,
        "gainlossonsaleofinvestments": 47840000,
        "unrealizedgainlossoninvestments": 261396000,
        "nonoperatingincomeexpense": -15965000,
        "incomelossfromcontinuingoperationsbeforeincometaxesminorityinterestandincomelossfromequitymethodinvestments": -443000,
        "incometaxexpensebenefit": 210000,
        "netincomelossattributabletononcontrollinginterest": -15150000,
        "netincomelossattributabletoredeemablenoncontrollinginterest": -23000,
        "netincomeloss": 17842000,
        "netincomelossperoutstandinglimitedpartnershipunitbasicnetoftax": 0.22,
        "netincomelossnetoftaxperoutstandinglimitedpartnershipunitdiluted": 0.22,
        "weightedaveragelimitedpartnershipunitsoutstanding": 79424077,
        "weightedaveragelimitedpartnershipunitsoutstandingdiluted": 80004833
    },
    {
        "date": "2014-03-30",
        "symbol": "ARES",
        "period": "Q1",
        "managementfeesrevenue": 139861000,
        "performancefees": -44266000,
        "feesandcommissionsother": 6865000,
        "revenues": 204764000,
        "laborandrelatedexpense": 62697000,
        "noninterestexpenserelatedtoperformancefees": 40725000,
        "sellinggeneralandadministrativeexpense": 38775000,
        "noninterestexpenseinvestmentadvisoryfees": -31700000,
        "operatingexpenses": 115299000,
        "interestandotherincome": -3359000,
        "interestexpense": -695000,
        "gainlossonsaleofinvestments": -19347000,
        "unrealizedgainlossoninvestments": -1419000,
        "nonoperatingincomeexpense": -22630000,
        "incomelossfromcontinuingoperationsbeforeincometaxesminorityinterestandincomelossfromequitymethodinvestments": 58703000,
        "incometaxexpensebenefit": 2514000,
        "profitloss": 56189000,
        "netincomelossattributabletononcontrollinginterest": 13342000,
        "netincomeloss": 42847000,
        "othercomprehensiveincomelossforeigncurrencytransactionandtranslationadjustmentnetoftax": 79000,
        "othercomprehensiveincomelossnetoftax": 180000,
        "comprehensiveincomenetoftaxincludingportionattributabletononcontrollinginterest": 281550000,
        "comprehensiveincomenetoftaxattributabletononcontrollinginterest": 13424000,
        "comprehensiveincomenetoftax": 43124000
    }
]