[
    {
        "date": "2022-06-29",
        "symbol": "WM",
        "period": "Q2",
        "revenuefromcontractwithcustomerexcludingassessedtax": 5027000000,
        "costofgoodsandservicessold": 3142000000,
        "sellinggeneralandadministrativeexpense": 487000000,
        "depreciationdepletionandamortization": 508000000,
        "gainlossfromdivestituresassetimpairmentsandunusualitems": 0,
        "costsandexpenses": 4137000000,
        "operatingincomeloss": 890000000,
        "interestincomeexpensenonoperatingnet": -93000000,
        "incomelossfromequitymethodinvestments": -17000000,
        "othernonoperatingincomeexpense": -4000000,
        "interestandotherincomeexpense": -114000000,
        "incomelossfromcontinuingoperationsbeforeincometaxesextraordinaryitemsnoncontrollinginterest": 776000000,
        "incometaxexpensebenefit": 189000000,
        "profitloss": 587000000,
        "netincomelossattributabletononcontrollinginterest": 0,
        "netincomeloss": 587000000,
        "earningspersharebasic": 1.41,
        "earningspersharediluted": 1.4100000000000001,
        "othercomprehensiveincomelosscashflowhedgegainlossafterreclassificationandtax": 2000000,
        "othercomprehensiveincomelossavailableforsalesecuritiesadjustmentnetoftax": -7000000,
        "othercomprehensiveincomelossforeigncurrencytransactionandtranslationadjustmentnetoftax": -27000000,
        "othercomprehensiveincomelossnetoftax": -32000000,
        "comprehensiveincomenetoftaxincludingportionattributabletononcontrollinginterest": 555000000,
        "comprehensiveincomenetoftaxattributabletononcontrollinginterest": 0,
        "comprehensiveincomenetoftax": 555000000
    },
    {
        "date": "2022-03-30",
        "symbol": "WM",
        "period": "Q1",
        "revenuefromcontractwithcustomerexcludingassessedtax": 4661000000,
        "costofgoodsandservicessold": 2903000000,
        "sellinggeneralandadministrativeexpense": 491000000,
        "depreciationdepletionandamortization": 482000000,
        "gainlossfromdivestituresassetimpairmentsandunusualitems": 17000000,
        "costsandexpenses": 3893000000,
        "operatingincomeloss": 768000000,
        "interestincomeexpensenonoperatingnet": -85000000,
        "incomelossfromequitymethodinvestments": -15000000,
        "othernonoperatingincomeexpense": 3000000,
        "interestandotherincomeexpense": -97000000,
        "incomelossfromcontinuingoperationsbeforeincometaxesextraordinaryitemsnoncontrollinginterest": 671000000,
        "incometaxexpensebenefit": 157000000,
        "profitloss": 514000000,
        "netincomelossattributabletononcontrollinginterest": 1000000,
        "netincomeloss": 513000000,
        "earningspersharebasic": 1.24,
        "earningspersharediluted": 1.23,
        "othercomprehensiveincomelosscashflowhedgegainlossafterreclassificationandtax": 1000000,
        "othercomprehensiveincomelossavailableforsalesecuritiesadjustmentnetoftax": -13000000,
        "othercomprehensiveincomelossforeigncurrencytransactionandtranslationadjustmentnetoftax": 10000000,
        "othercomprehensiveincomelossnetoftax": -2000000,
        "comprehensiveincomenetoftaxincludingportionattributabletononcontrollinginterest": 512000000,
        "comprehensiveincomenetoftaxattributabletononcontrollinginterest": 1000000,
        "comprehensiveincomenetoftax": 511000000
    },
    {
        "date": "2021-12-30",
        "symbol": "WM",
        "period": "Q4",
        "revenuefromcontractwithcustomerexcludingassessedtax": 4678000000,
        "costofgoodsandservicessold": 2955000000,
        "sellinggeneralandadministrativeexpense": 492000000,
        "depreciationdepletionandamortization": 510000000,
        "restructuringcharges": 2000000,
        "costsandexpenses": 3960000000,
        "operatingincomeloss": 718000000,
        "interestincomeexpensenonoperatingnet": -83000000,
        "incomelossfromequitymethodinvestments": -2000000,
        "othernonoperatingincomeexpense": 9000000,
        "interestandotherincomeexpense": -76000000,
        "incomelossfromcontinuingoperationsbeforeincometaxesextraordinaryitemsnoncontrollinginterest": 642000000,
        "incometaxexpensebenefit": 136000000,
        "profitloss": 506000000,
        "netincomeloss": 506000000,
        "earningspersharebasic": 1.2100000000000004,
        "earningspersharediluted": 1.2000000000000004,
        "othercomprehensiveincomelosscashflowhedgegainlossafterreclassificationandtax": 1000000,
        "othercomprehensiveincomelossavailableforsalesecuritiesadjustmentnetoftax": -3000000,
        "othercomprehensiveincomelossforeigncurrencytransactionandtranslationadjustmentnetoftax": 3000000,
        "othercomprehensiveincomelossnetoftax": 5000000,
        "comprehensiveincomenetoftaxincludingportionattributabletononcontrollinginterest": 511000000,
        "comprehensiveincomenetoftax": 511000000
    },
    {
        "date": "2021-09-29",
        "symbol": "WM",
        "period": "Q3",
        "revenuefromcontractwithcustomerexcludingassessedtax": 4665000000,
        "costofgoodsandservicessold": 2906000000,
        "sellinggeneralandadministrativeexpense": 469000000,
        "depreciationdepletionandamortization": 517000000,
        "restructuringcharges": 1000000,
        "costsandexpenses": 3859000000,
        "operatingincomeloss": 806000000,
        "interestincomeexpensenonoperatingnet": -87000000,
        "incomelossfromequitymethodinvestments": -14000000,
        "othernonoperatingincomeexpense": 1000000,
        "interestandotherincomeexpense": -100000000,
        "incomelossfromcontinuingoperationsbeforeincometaxesextraordinaryitemsnoncontrollinginterest": 706000000,
        "incometaxexpensebenefit": 167000000,
        "profitloss": 539000000,
        "netincomeloss": 538000000,
        "earningspersharebasic": 1.2799999999999998,
        "earningspersharediluted": 1.2699999999999998,
        "othercomprehensiveincomelosscashflowhedgegainlossafterreclassificationandtax": 1000000,
        "othercomprehensiveincomelossavailableforsalesecuritiesadjustmentnetoftax": -1000000,
        "othercomprehensiveincomelossforeigncurrencytransactionandtranslationadjustmentnetoftax": -57000000,
        "othercomprehensiveincomelossnetoftax": -58000000,
        "comprehensiveincomenetoftaxincludingportionattributabletononcontrollinginterest": 481000000,
        "comprehensiveincomenetoftax": 480000000
    },
    {
        "date": "2021-06-29",
        "symbol": "WM",
        "period": "Q2",
        "revenuefromcontractwithcustomerexcludingassessedtax": 4476000000,
        "costofgoodsandservicessold": 2736000000,
        "sellinggeneralandadministrativeexpense": 445000000,
        "depreciationdepletionandamortization": 500000000,
        "restructuringcharges": 4000000,
        "gainlossfromdivestituresassetimpairmentsandunusualitems": 0,
        "costsandexpenses": 3685000000,
        "operatingincomeloss": 791000000,
        "interestincomeexpensenonoperatingnet": -98000000,
        "incomelossfromequitymethodinvestments": -11000000,
        "othernonoperatingincomeexpense": -6000000,
        "interestandotherincomeexpense": -335000000,
        "incomelossfromcontinuingoperationsbeforeincometaxesextraordinaryitemsnoncontrollinginterest": 456000000,
        "incometaxexpensebenefit": 105000000,
        "profitloss": 351000000,
        "netincomeloss": 351000000,
        "earningspersharebasic": 0.8300000000000001,
        "earningspersharediluted": 0.8300000000000001,
        "othercomprehensiveincomelosscashflowhedgegainlossafterreclassificationandtax": 6000000,
        "othercomprehensiveincomelossavailableforsalesecuritiesadjustmentnetoftax": 3000000,
        "othercomprehensiveincomelossforeigncurrencytransactionandtranslationadjustmentnetoftax": 13000000,
        "othercomprehensiveincomelossnetoftax": 22000000,
        "comprehensiveincomenetoftaxincludingportionattributabletononcontrollinginterest": 373000000,
        "comprehensiveincomenetoftax": 373000000
    },
    {
        "date": "2021-03-30",
        "symbol": "WM",
        "period": "Q1",
        "revenuefromcontractwithcustomerexcludingassessedtax": 4112000000,
        "costofgoodsandservicessold": 2514000000,
        "sellinggeneralandadministrativeexpense": 458000000,
        "depreciationdepletionandamortization": 472000000,
        "restructuringcharges": 1000000,
        "gainlossfromdivestituresassetimpairmentsandunusualitems": 17000000,
        "costsandexpenses": 3462000000,
        "operatingincomeloss": 650000000,
        "interestincomeexpensenonoperatingnet": -97000000,
        "incomelossfromequitymethodinvestments": -9000000,
        "othernonoperatingincomeexpense": 1000000,
        "interestandotherincomeexpense": -105000000,
        "incomelossfromcontinuingoperationsbeforeincometaxesextraordinaryitemsnoncontrollinginterest": 545000000,
        "incometaxexpensebenefit": 124000000,
        "profitloss": 421000000,
        "netincomeloss": 421000000,
        "earningspersharebasic": 1,
        "earningspersharediluted": 0.99,
        "othercomprehensiveincomelosscashflowhedgegainlossafterreclassificationandtax": 1000000,
        "othercomprehensiveincomelossavailableforsalesecuritiesadjustmentnetoftax": -5000000,
        "othercomprehensiveincomelossforeigncurrencytransactionandtranslationadjustmentnetoftax": 13000000,
        "othercomprehensiveincomelossnetoftax": 9000000,
        "comprehensiveincomenetoftaxincludingportionattributabletononcontrollinginterest": 430000000,
        "comprehensiveincomenetoftax": 430000000
    },
    {
        "date": "2020-12-30",
        "symbol": "WM",
        "period": "Q4",
        "revenuefromcontractwithcustomerexcludingassessedtax": 4067000000,
        "costofgoodsandservicessold": 2500000000,
        "sellinggeneralandadministrativeexpense": 510000000,
        "depreciationdepletionandamortization": 436000000,
        "costsandexpenses": 3413000000,
        "operatingincomeloss": 654000000,
        "interestincomeexpensenonoperatingnet": -97000000,
        "incomelossfromequitymethodinvestments": -12000000,
        "interestandotherincomeexpense": -107000000,
        "incomelossfromcontinuingoperationsbeforeincometaxesextraordinaryitemsnoncontrollinginterest": 547000000,
        "incometaxexpensebenefit": 109000000,
        "profitloss": 438000000,
        "netincomeloss": 438000000,
        "earningspersharebasic": 1.04,
        "earningspersharediluted": 1.0299999999999998,
        "othercomprehensiveincomelosscashflowhedgegainlossafterreclassificationandtax": 6000000,
        "othercomprehensiveincomelossavailableforsalesecuritiesadjustmentnetoftax": 4000000,
        "othercomprehensiveincomelossforeigncurrencytransactionandtranslationadjustmentnetoftax": 43000000,
        "othercomprehensiveincomelossnetoftax": 55000000,
        "comprehensiveincomenetoftaxincludingportionattributabletononcontrollinginterest": 493000000,
        "comprehensiveincomenetoftax": 493000000
    },
    {
        "date": "2020-09-29",
        "symbol": "WM",
        "period": "Q3",
        "revenuefromcontractwithcustomerexcludingassessedtax": 3861000000,
        "costofgoodsandservicessold": 2332000000,
        "sellinggeneralandadministrativeexpense": 416000000,
        "depreciationdepletionandamortization": 419000000,
        "costsandexpenses": 3181000000,
        "operatingincomeloss": 680000000,
        "interestincomeexpensenonoperatingnet": -97000000,
        "incomelossfromequitymethodinvestments": -16000000,
        "interestandotherincomeexpense": -164000000,
        "incomelossfromcontinuingoperationsbeforeincometaxesextraordinaryitemsnoncontrollinginterest": 516000000,
        "incometaxexpensebenefit": 126000000,
        "profitloss": 390000000,
        "netincomeloss": 390000000,
        "earningspersharebasic": 0.92,
        "earningspersharediluted": 0.9200000000000003,
        "othercomprehensiveincomelosscashflowhedgegainlossafterreclassificationandtax": 4000000,
        "othercomprehensiveincomelossavailableforsalesecuritiesadjustmentnetoftax": 2000000,
        "othercomprehensiveincomelossforeigncurrencytransactionandtranslationadjustmentnetoftax": 19000000,
        "othercomprehensiveincomelossnetoftax": 25000000,
        "comprehensiveincomenetoftaxincludingportionattributabletononcontrollinginterest": 415000000,
        "comprehensiveincomenetoftax": 415000000
    },
    {
        "date": "2020-06-29",
        "symbol": "WM",
        "period": "Q2",
        "revenuefromcontractwithcustomerexcludingassessedtax": 3561000000,
        "costofgoodsandservicessold": 2180000000,
        "sellinggeneralandadministrativeexpense": 377000000,
        "depreciationdepletionandamortization": 414000000,
        "restructuringcharges": 2000000,
        "gainlossfromdivestituresassetimpairmentsandunusualitems": 61000000,
        "costsandexpenses": 3034000000,
        "operatingincomeloss": 527000000,
        "interestincomeexpensenonoperatingnet": -119000000,
        "incomelossfromequitymethodinvestments": -14000000,
        "othernonoperatingincomeexpense": 1000000,
        "interestandotherincomeexpense": -132000000,
        "incomelossfromcontinuingoperationsbeforeincometaxesextraordinaryitemsnoncontrollinginterest": 395000000,
        "incometaxexpensebenefit": 88000000,
        "profitloss": 307000000,
        "netincomeloss": 307000000,
        "earningspersharebasic": 0.73,
        "earningspersharediluted": 0.72,
        "othercomprehensiveincomelosscashflowhedgegainlossafterreclassificationandtax": 3000000,
        "othercomprehensiveincomelossavailableforsalesecuritiesadjustmentnetoftax": 14000000,
        "othercomprehensiveincomelossforeigncurrencytransactionandtranslationadjustmentnetoftax": 34000000,
        "othercomprehensiveincomelosspensionandotherpostretirementbenefitplansadjustmentnetoftax": 1000000,
        "othercomprehensiveincomelossnetoftax": 50000000,
        "comprehensiveincomenetoftaxincludingportionattributabletononcontrollinginterest": 357000000,
        "comprehensiveincomenetoftax": 357000000
    },
    {
        "date": "2020-03-30",
        "symbol": "WM",
        "period": "Q1",
        "revenuefromcontractwithcustomerexcludingassessedtax": 3729000000,
        "costofgoodsandservicessold": 2329000000,
        "sellinggeneralandadministrativeexpense": 425000000,
        "depreciationdepletionandamortization": 402000000,
        "costsandexpenses": 3156000000,
        "operatingincomeloss": 573000000,
        "interestincomeexpensenonoperatingnet": -112000000,
        "incomelossfromequitymethodinvestments": -26000000,
        "interestandotherincomeexpense": -138000000,
        "incomelossfromcontinuingoperationsbeforeincometaxesextraordinaryitemsnoncontrollinginterest": 435000000,
        "incometaxexpensebenefit": 74000000,
        "profitloss": 361000000,
        "netincomeloss": 361000000,
        "earningspersharebasic": 0.85,
        "earningspersharediluted": 0.85,
        "othercomprehensiveincomelosscashflowhedgegainlossafterreclassificationandtax": 2000000,
        "othercomprehensiveincomelossavailableforsalesecuritiesadjustmentnetoftax": -9000000,
        "othercomprehensiveincomelossforeigncurrencytransactionandtranslationadjustmentnetoftax": -76000000,
        "othercomprehensiveincomelossnetoftax": -83000000,
        "comprehensiveincomenetoftaxincludingportionattributabletononcontrollinginterest": 278000000,
        "comprehensiveincomenetoftax": 278000000
    },
    {
        "date": "2019-12-30",
        "symbol": "WM",
        "period": "Q4",
        "revenuefromcontractwithcustomerexcludingassessedtax": 3846000000,
        "costofgoodsandservicessold": 2314000000,
        "sellinggeneralandadministrativeexpense": 445000000,
        "depreciationdepletionandamortization": 395000000,
        "costsandexpenses": 3191000000,
        "operatingincomeloss": 655000000,
        "interestincomeexpensenonoperatingnet": -110000000,
        "incomelossfromequitymethodinvestments": -16000000,
        "othernonoperatingincomeexpense": 2000000,
        "interestandotherincomeexpense": -124000000,
        "incomelossfromcontinuingoperationsbeforeincometaxesextraordinaryitemsnoncontrollinginterest": 531000000,
        "incometaxexpensebenefit": 84000000,
        "profitloss": 447000000,
        "netincomeloss": 447000000,
        "earningspersharebasic": 1.0500000000000003,
        "earningspersharediluted": 1.05,
        "othercomprehensiveincomelossavailableforsalesecuritiesadjustmentnetoftax": 2000000,
        "othercomprehensiveincomelossforeigncurrencytransactionandtranslationadjustmentnetoftax": 19000000,
        "othercomprehensiveincomelossnetoftax": 25000000,
        "comprehensiveincomenetoftaxincludingportionattributabletononcontrollinginterest": 472000000,
        "comprehensiveincomenetoftax": 472000000
    },
    {
        "date": "2019-09-29",
        "symbol": "WM",
        "period": "Q3",
        "revenuefromcontractwithcustomerexcludingassessedtax": 3967000000,
        "costofgoodsandservicessold": 2441000000,
        "sellinggeneralandadministrativeexpense": 386000000,
        "depreciationdepletionandamortization": 404000000,
        "costsandexpenses": 3233000000,
        "operatingincomeloss": 734000000,
        "interestincomeexpensenonoperatingnet": -105000000,
        "incomelossfromequitymethodinvestments": -14000000,
        "othernonoperatingincomeexpense": 1000000,
        "interestandotherincomeexpense": -119000000,
        "incomelossfromcontinuingoperationsbeforeincometaxesextraordinaryitemsnoncontrollinginterest": 615000000,
        "incometaxexpensebenefit": 120000000,
        "profitloss": 495000000,
        "netincomeloss": 495000000,
        "earningspersharebasic": 1.17,
        "earningspersharediluted": 1.16,
        "othercomprehensiveincomelossavailableforsalesecuritiesadjustmentnetoftax": 4000000,
        "othercomprehensiveincomelossforeigncurrencytransactionandtranslationadjustmentnetoftax": -17000000,
        "othercomprehensiveincomelossnetoftax": -11000000,
        "comprehensiveincomenetoftaxincludingportionattributabletononcontrollinginterest": 484000000,
        "comprehensiveincomenetoftax": 484000000
    },
    {
        "date": "2019-06-29",
        "symbol": "WM",
        "period": "Q2",
        "revenuefromcontractwithcustomerexcludingassessedtax": 7230000000,
        "costofgoodsandservicessold": 2443000000,
        "sellinggeneralandadministrativeexpense": 391000000,
        "depreciationdepletionandamortization": 409000000,
        "restructuringcharges": 0,
        "costsandexpenses": 6279000000,
        "operatingincomeloss": 1363000000,
        "interestincomeexpensenonoperatingnet": -116000000,
        "incomelossfromequitymethodinvestments": -16000000,
        "othernonoperatingincomeexpense": 1000000,
        "interestandotherincomeexpense": -718000000,
        "incomelossfromcontinuingoperationsbeforeincometaxesextraordinaryitemsnoncontrollinginterest": 645000000,
        "incometaxexpensebenefit": 263000000,
        "profitloss": 382000000,
        "netincomeloss": 381000000,
        "earningspersharebasic": 0.89,
        "earningspersharediluted": 0.8899999999999999,
        "othercomprehensiveincomelossavailableforsalesecuritiesadjustmentnetoftax": 4000000,
        "othercomprehensiveincomelossforeigncurrencytransactionandtranslationadjustmentnetoftax": 25000000,
        "othercomprehensiveincomelosspensionandotherpostretirementbenefitplansadjustmentnetoftax": 0,
        "othercomprehensiveincomelossnetoftax": 37000000,
        "comprehensiveincomenetoftaxincludingportionattributabletononcontrollinginterest": 445000000,
        "comprehensiveincomenetoftax": 444000000
    },
    {
        "date": "2019-03-30",
        "symbol": "WM",
        "period": "Q1",
        "revenuefromcontractwithcustomerexcludingassessedtax": 412000000,
        "costofgoodsandservicessold": 2298000000,
        "sellinggeneralandadministrativeexpense": 409000000,
        "depreciationdepletionandamortization": 366000000,
        "restructuringcharges": 2000000,
        "costsandexpenses": 46000000,
        "operatingincomeloss": -46000000,
        "interestincomeexpensenonoperatingnet": -80000000,
        "incomelossfromequitymethodinvestments": -9000000,
        "othernonoperatingincomeexpense": -54000000,
        "interestandotherincomeexpense": 360000000,
        "incomelossfromcontinuingoperationsbeforeincometaxesextraordinaryitemsnoncontrollinginterest": 314000000,
        "incometaxexpensebenefit": -33000000,
        "profitloss": 347000000,
        "netincomeloss": 347000000,
        "earningspersharebasic": 0.82,
        "earningspersharediluted": 0.81,
        "othercomprehensiveincomelossderivativesqualifyingashedgesnetoftax": 2000000,
        "othercomprehensiveincomelossavailableforsalesecuritiesadjustmentnetoftax": 5000000,
        "othercomprehensiveincomelossforeigncurrencytransactionandtranslationadjustmentnetoftax": 28000000,
        "othercomprehensiveincomelosspensionandotherpostretirementbenefitplansadjustmentnetoftax": 1000000,
        "othercomprehensiveincomelossnetoftax": 28000000,
        "comprehensiveincomenetoftaxincludingportionattributabletononcontrollinginterest": 349000000,
        "comprehensiveincomenetoftax": 349000000
    },
    {
        "date": "2018-09-29",
        "symbol": "WM",
        "period": "Q3",
        "costofgoodsandservicessold": 2373000000,
        "sellinggeneralandadministrativeexpense": 345000000,
        "depreciationdepletionandamortization": 376000000,
        "restructuringcharges": 1000000,
        "costsandexpenses": 44000000,
        "operatingincomeloss": -44000000,
        "interestincomeexpensenonoperatingnet": -78000000,
        "incomelossfromequitymethodinvestments": -5000000,
        "interestandotherincomeexpense": 511000000,
        "incomelossfromcontinuingoperationsbeforeincometaxesextraordinaryitemsnoncontrollinginterest": 467000000,
        "incometaxexpensebenefit": -32000000,
        "profitloss": 499000000,
        "netincomeloss": 499000000,
        "earningspersharebasic": 1.1700000000000004,
        "earningspersharediluted": 1.1600000000000001,
        "commonstockdividendspersharedeclared": 0.4649999999999999,
        "othercomprehensiveincomelossderivativesqualifyingashedgesnetoftax": 2000000,
        "othercomprehensiveincomelossforeigncurrencytransactionandtranslationadjustmentnetoftax": 22000000,
        "othercomprehensiveincomelossnetoftax": 22000000,
        "comprehensiveincomenetoftaxincludingportionattributabletononcontrollinginterest": 501000000,
        "comprehensiveincomenetoftax": 501000000
    },
    {
        "date": "2018-06-29",
        "symbol": "WM",
        "period": "Q2",
        "costofgoodsandservicessold": 2313000000,
        "sellinggeneralandadministrativeexpense": 365000000,
        "depreciationdepletionandamortization": 384000000,
        "restructuringcharges": 1000000,
        "costsandexpenses": 44000000,
        "operatingincomeloss": -44000000,
        "interestincomeexpensenonoperatingnet": -78000000,
        "incomelossfromequitymethodinvestments": -6000000,
        "othernonoperatingincomeexpense": 0,
        "interestandotherincomeexpense": 510000000,
        "incomelossfromcontinuingoperationsbeforeincometaxesextraordinaryitemsnoncontrollinginterest": 466000000,
        "incometaxexpensebenefit": -33000000,
        "profitloss": 499000000,
        "netincomelossattributabletononcontrollinginterest": 0,
        "netincomeloss": 499000000,
        "earningspersharebasic": 1.1599999999999997,
        "earningspersharediluted": 1.15,
        "commonstockdividendspersharedeclared": 0.465,
        "othercomprehensiveincomelossderivativesqualifyingashedgesnetoftax": 2000000,
        "othercomprehensiveincomelossavailableforsalesecuritiesadjustmentnetoftax": 0,
        "othercomprehensiveincomelossforeigncurrencytransactionandtranslationadjustmentnetoftax": -23000000,
        "othercomprehensiveincomelossnetoftax": -23000000,
        "comprehensiveincomenetoftaxincludingportionattributabletononcontrollinginterest": 501000000,
        "comprehensiveincomenetoftaxattributabletononcontrollinginterest": 0,
        "comprehensiveincomenetoftax": 501000000
    },
    {
        "date": "2018-03-30",
        "symbol": "WM",
        "period": "Q1",
        "revenues": 375000000,
        "costofgoodsandservicessold": 2184000000,
        "sellinggeneralandadministrativeexpense": 373000000,
        "depreciationdepletionandamortization": 347000000,
        "restructuringcharges": 2000000,
        "incomeexpensefromdivestituresassetimpairmentsandunusualitems": -3000000,
        "costsandexpenses": 44000000,
        "operatingincomeloss": -44000000,
        "interestincomeexpensenonoperatingnet": -76000000,
        "incomelossfromequitymethodinvestments": -6000000,
        "othernonoperatingincomeexpense": 1000000,
        "interestandotherincomeexpense": 409000000,
        "incomelossfromcontinuingoperationsbeforeincometaxesextraordinaryitemsnoncontrollinginterest": 365000000,
        "incometaxexpensebenefit": -31000000,
        "profitloss": 396000000,
        "netincomelossattributabletononcontrollinginterest": -1000000,
        "netincomeloss": 396000000,
        "earningspersharebasic": 0.91,
        "earningspersharediluted": 0.91,
        "commonstockdividendspersharedeclared": 0.465,
        "othercomprehensiveincomelossderivativesqualifyingashedgesnetoftax": 2000000,
        "othercomprehensiveincomelossavailableforsalesecuritiesadjustmentnetoftax": -1000000,
        "othercomprehensiveincomelossforeigncurrencytransactionandtranslationadjustmentnetoftax": -32000000,
        "othercomprehensiveincomelossnetoftax": -32000000,
        "comprehensiveincomenetoftaxincludingportionattributabletononcontrollinginterest": 398000000,
        "comprehensiveincomenetoftaxattributabletononcontrollinginterest": -1000000,
        "comprehensiveincomenetoftax": 398000000
    },
    {
        "date": "2017-09-29",
        "symbol": "WM",
        "period": "Q3",
        "revenues": 924000000,
        "costofgoodsandservicessold": 2302000000,
        "sellinggeneralandadministrativeexpense": 356000000,
        "depreciationdepletionandamortization": 350000000,
        "restructuringcharges": -2000000,
        "incomeexpensefromdivestituresassetimpairmentsandunusualitems": 9000000,
        "costsandexpenses": 3015000000,
        "operatingincomeloss": 701000000,
        "interestincomeexpensenonoperatingnet": -75000000,
        "incomelossfromequitymethodinvestments": -6000000,
        "interestandotherincomeexpense": 357000000,
        "incomelossfromcontinuingoperationsbeforeincometaxesextraordinaryitemsnoncontrollinginterest": -3000000,
        "incometaxexpensebenefit": -1000000,
        "profitloss": -2000000,
        "netincomelossattributabletononcontrollinginterest": 2000000,
        "netincomeloss": 386000000,
        "earningspersharebasic": 0.88,
        "earningspersharediluted": 0.87,
        "commonstockdividendspersharedeclared": 0.425,
        "othercomprehensiveincomelossderivativesqualifyingashedgesnetoftax": 2000000,
        "othercomprehensiveincomelossforeigncurrencytransactionandtranslationadjustmentnetoftax": 46000000,
        "othercomprehensiveincomelosspensionandotherpostretirementbenefitplansadjustmentnetoftax": 1000000,
        "othercomprehensiveincomelossnetoftax": 47000000,
        "comprehensiveincomenetoftaxincludingportionattributabletononcontrollinginterest": 388000000,
        "comprehensiveincomenetoftaxattributabletononcontrollinginterest": 2000000,
        "comprehensiveincomenetoftax": 388000000
    },
    {
        "date": "2017-06-29",
        "symbol": "WM",
        "period": "Q2",
        "revenues": -624000000,
        "costofgoodsandservicessold": 2290000000,
        "sellinggeneralandadministrativeexpense": 353000000,
        "depreciationdepletionandamortization": 356000000,
        "restructuringcharges": 1000000,
        "costsandexpenses": 3004000000,
        "operatingincomeloss": 11000000,
        "interestincomeexpensenonoperatingnet": -147000000,
        "incomelossfromequitymethodinvestments": -9000000,
        "interestandotherincomeexpense": 332000000,
        "incomelossfromcontinuingoperationsbeforeincometaxesextraordinaryitemsnoncontrollinginterest": -275000000,
        "incometaxexpensebenefit": 27000000,
        "profitloss": 661000000,
        "netincomelossattributabletononcontrollinginterest": -1000000,
        "netincomeloss": 362000000,
        "earningspersharebasic": 0.8099999999999999,
        "earningspersharediluted": 0.82,
        "commonstockdividendspersharedeclared": 0.425,
        "othercomprehensiveincomelossderivativesqualifyingashedgesnetoftax": 2000000,
        "othercomprehensiveincomelossavailableforsalesecuritiesadjustmentnetoftax": 1000000,
        "othercomprehensiveincomelossforeigncurrencytransactionandtranslationadjustmentnetoftax": 30000000,
        "othercomprehensiveincomelosspensionandotherpostretirementbenefitplansadjustmentnetoftax": 0,
        "othercomprehensiveincomelossnetoftax": 33000000,
        "comprehensiveincomenetoftaxincludingportionattributabletononcontrollinginterest": 364000000,
        "comprehensiveincomenetoftaxattributabletononcontrollinginterest": -1000000,
        "comprehensiveincomenetoftax": 364000000
    },
    {
        "date": "2017-03-30",
        "symbol": "WM",
        "period": "Q1",
        "revenues": 2885000000,
        "costofgoodsandservicessold": 2166000000,
        "sellinggeneralandadministrativeexpense": 390000000,
        "depreciationdepletionandamortization": 328000000,
        "restructuringcharges": 1000000,
        "incomeexpensefromdivestitures": -3000000,
        "costsandexpenses": 2882000000,
        "operatingincomeloss": 750000000,
        "interestincomeexpensenonoperatingnet": -1000000,
        "incomelossfromequitymethodinvestments": -6000000,
        "interestandotherincomeexpense": 269000000,
        "incomelossfromcontinuingoperationsbeforeincometaxesextraordinaryitemsnoncontrollinginterest": 269000000,
        "incometaxexpensebenefit": -29000000,
        "profitloss": -1000000,
        "netincomelossattributabletononcontrollinginterest": -1000000,
        "netincomeloss": 298000000,
        "earningspersharebasic": 0.68,
        "earningspersharediluted": 0.67,
        "commonstockdividendspersharedeclared": 0.425,
        "othercomprehensiveincomelossderivativesqualifyingashedgesnetoftax": 2000000,
        "othercomprehensiveincomelossavailableforsalesecuritiesadjustmentnetoftax": 1000000,
        "othercomprehensiveincomelossforeigncurrencytransactionandtranslationadjustmentnetoftax": 10000000,
        "othercomprehensiveincomelosspensionandotherpostretirementbenefitplansadjustmentnetoftax": -1000000,
        "othercomprehensiveincomelossnetoftax": 14000000,
        "comprehensiveincomenetoftaxincludingportionattributabletononcontrollinginterest": 300000000,
        "comprehensiveincomenetoftaxattributabletononcontrollinginterest": -1000000,
        "comprehensiveincomenetoftax": 300000000
    },
    {
        "date": "2016-09-29",
        "symbol": "WM",
        "period": "Q3",
        "revenues": 36000000,
        "costofgoodsandservicessold": 2216000000,
        "sellinggeneralandadministrativeexpense": 330000000,
        "depreciationdepletionandamortization": 336000000,
        "restructuringcharges": 0,
        "incomeexpensefromdivestituresassetimpairmentsandunusualitems": 106000000,
        "costsandexpenses": 2988000000,
        "operatingincomeloss": -138000000,
        "gainslossesonextinguishmentofdebt": 1000000,
        "incomelossfromequitymethodinvestments": -8000000,
        "othernonoperatingincomeexpense": 40000000,
        "interestandotherincomeexpense": -701000000,
        "incomelossfromcontinuingoperationsbeforeincometaxesextraordinaryitemsnoncontrollinginterest": -701000000,
        "incometaxexpensebenefit": -1000000,
        "profitloss": 1515000000,
        "netincomelossattributabletononcontrollinginterest": 2000000,
        "earningspersharebasic": 0.6799999999999998,
        "earningspersharediluted": 0.67,
        "commonstockdividendspersharedeclared": 0.4100000000000001,
        "othercomprehensiveincomelossderivativesqualifyingashedgesnetoftax": 2000000,
        "othercomprehensiveincomelossavailableforsalesecuritiesadjustmentnetoftax": 0,
        "othercomprehensiveincomelossforeigncurrencytransactionandtranslationadjustmentnetoftax": -16000000,
        "othercomprehensiveincomelossnetoftax": -14000000,
        "comprehensiveincomenetoftaxincludingportionattributabletononcontrollinginterest": -701000000,
        "comprehensiveincomenetoftaxattributabletononcontrollinginterest": 2000000,
        "comprehensiveincomenetoftax": -701000000
    },
    {
        "date": "2016-06-29",
        "symbol": "WM",
        "period": "Q2",
        "revenues": 39000000,
        "costofgoodsandservicessold": 2130000000,
        "sellinggeneralandadministrativeexpense": 340000000,
        "depreciationdepletionandamortization": 340000000,
        "restructuringcharges": 2000000,
        "incomeexpensefromdivestituresassetimpairmentsandunusualitems": 2000000,
        "costsandexpenses": 2814000000,
        "operatingincomeloss": -123000000,
        "interestincomeexpensenonoperatingnet": -3000000,
        "gainslossesonextinguishmentofdebt": -3000000,
        "incomelossfromequitymethodinvestments": -9000000,
        "othernonoperatingincomeexpense": -40000000,
        "interestandotherincomeexpense": -669000000,
        "incomelossfromcontinuingoperationsbeforeincometaxesextraordinaryitemsnoncontrollinginterest": -669000000,
        "incometaxexpensebenefit": -1000000,
        "profitloss": -669000000,
        "netincomelossattributabletononcontrollinginterest": -1000000,
        "netincomeloss": -669000000,
        "earningspersharebasic": 0.65,
        "earningspersharediluted": 0.64,
        "commonstockdividendspersharedeclared": 0.41,
        "othercomprehensiveincomelossderivativesqualifyingashedgesnetoftax": 2000000,
        "othercomprehensiveincomelossavailableforsalesecuritiesadjustmentnetoftax": 1000000,
        "othercomprehensiveincomelossforeigncurrencytransactionandtranslationadjustmentnetoftax": 6000000,
        "othercomprehensiveincomelossnetoftax": 9000000,
        "comprehensiveincomenetoftaxincludingportionattributabletononcontrollinginterest": -669000000,
        "comprehensiveincomenetoftaxattributabletononcontrollinginterest": -1000000,
        "comprehensiveincomenetoftax": -669000000
    },
    {
        "date": "2016-03-30",
        "symbol": "WM",
        "period": "Q1",
        "revenues": 37000000,
        "costofgoodsandservicessold": 1993000000,
        "sellinggeneralandadministrativeexpense": 362000000,
        "depreciationdepletionandamortization": 312000000,
        "restructuringcharges": 2000000,
        "incomeexpensefromdivestituresassetimpairmentsandunusualitems": -1000000,
        "costsandexpenses": 2668000000,
        "operatingincomeloss": -143000000,
        "interestincomeexpensenet": -3000000,
        "gainslossesonextinguishmentofdebt": -1000000,
        "incomelossfromequitymethodinvestments": -5000000,
        "othernonoperatingincomeexpense": -20000000,
        "interestandotherincomeexpense": -611000000,
        "incomelossfromcontinuingoperationsbeforeincometaxesextraordinaryitemsnoncontrollinginterest": -611000000,
        "incometaxexpensebenefit": -9000000,
        "profitloss": 1000000,
        "netincomelossattributabletononcontrollinginterest": -2000000,
        "netincomelossavailabletocommonstockholdersbasic": -611000000,
        "earningspersharebasic": 0.58,
        "earningspersharediluted": 0.58,
        "commonstockdividendspersharedeclared": 0.41,
        "othercomprehensiveincomelossderivativesqualifyingashedgesnetoftax": 7000000,
        "othercomprehensiveincomelossavailableforsalesecuritiesadjustmentnetoftax": 1000000,
        "othercomprehensiveincomelossforeigncurrencytransactionandtranslationadjustmentnetoftax": 61000000,
        "othercomprehensiveincomelossnetoftax": 69000000,
        "comprehensiveincomenetoftaxincludingportionattributabletononcontrollinginterest": -611000000,
        "comprehensiveincomenetoftaxattributabletononcontrollinginterest": -2000000,
        "comprehensiveincomenetoftax": -611000000
    },
    {
        "date": "2015-09-29",
        "symbol": "WM",
        "period": "Q3",
        "revenues": 3981000000,
        "costofgoodsandservicessold": 4203000000,
        "sellinggeneralandadministrativeexpense": 330000000,
        "depreciationdepletionandamortization": 330000000,
        "restructuringcharges": 2000000,
        "incomeexpensefromdivestituresassetimpairmentsandunusualitems": 2000000,
        "costsandexpenses": 2759000000,
        "operatingincomeloss": -574000000,
        "interestincomeexpensenet": 24000000,
        "gainslossesonextinguishmentofdebt": 2000000,
        "incomelossfromequitymethodinvestments": 3000000,
        "othernonoperatingincomeexpense": 19000000,
        "interestandotherincomeexpense": -759000000,
        "incomelossfromcontinuingoperationsbeforeincometaxesextraordinaryitemsnoncontrollinginterest": -759000000,
        "incometaxexpensebenefit": 6000000,
        "profitloss": 1621000000,
        "netincomelossattributabletononcontrollinginterest": 2000000,
        "netincomelossavailabletocommonstockholdersbasic": -759000000,
        "earningspersharebasic": 0.7400000000000001,
        "earningspersharediluted": 0.7300000000000001,
        "commonstockdividendspersharedeclared": 0.385,
        "othercomprehensiveincomelossderivativesqualifyingashedgesnetoftax": 5000000,
        "othercomprehensiveincomelossforeigncurrencytransactionandtranslationadjustmentnetoftax": -60000000,
        "othercomprehensiveincomelossnetoftax": -133000000,
        "comprehensiveincomenetoftaxincludingportionattributabletononcontrollinginterest": -759000000,
        "comprehensiveincomenetoftaxattributabletononcontrollinginterest": 2000000,
        "comprehensiveincomenetoftax": -759000000
    },
    {
        "date": "2015-06-29",
        "symbol": "WM",
        "period": "Q2",
        "revenues": 3934000000,
        "costofgoodsandservicessold": 55000000,
        "sellinggeneralandadministrativeexpense": 322000000,
        "depreciationdepletionandamortization": 322000000,
        "restructuringcharges": 4000000,
        "incomeexpensefromdivestituresassetimpairmentsandunusualitems": 2000000,
        "costsandexpenses": 2819000000,
        "operatingincomeloss": -17000000,
        "interestincomeexpensenet": -15000000,
        "gainslossesonextinguishmentofdebt": -2000000,
        "incomelossfromequitymethodinvestments": -1000000,
        "othernonoperatingincomeexpense": -5000000,
        "interestandotherincomeexpense": -637000000,
        "incomelossfromcontinuingoperationsbeforeincometaxesextraordinaryitemsnoncontrollinginterest": -637000000,
        "incometaxexpensebenefit": -3000000,
        "profitloss": -637000000,
        "netincomelossattributabletononcontrollinginterest": -1000000,
        "netincomelossavailabletocommonstockholdersbasic": -637000000,
        "earningspersharebasic": 0.6,
        "earningspersharediluted": 0.6,
        "commonstockdividendspersharedeclared": 0.385,
        "othercomprehensiveincomelossderivativesqualifyingashedgesnetoftax": 2000000,
        "othercomprehensiveincomelossavailableforsalesecuritiesadjustmentnetoftax": 1000000,
        "othercomprehensiveincomelossforeigncurrencytransactionandtranslationadjustmentnetoftax": 13000000,
        "othercomprehensiveincomelossnetoftax": 16000000,
        "comprehensiveincomenetoftaxincludingportionattributabletononcontrollinginterest": -637000000,
        "comprehensiveincomenetoftaxattributabletononcontrollinginterest": -1000000,
        "comprehensiveincomenetoftax": -637000000
    },
    {
        "date": "2015-03-30",
        "symbol": "WM",
        "period": "Q1",
        "revenues": 3575000000,
        "costofgoodsandservicessold": 1946000000,
        "sellinggeneralandadministrativeexpense": 348000000,
        "depreciationdepletionandamortization": 292000000,
        "restructuringcharges": 1000000,
        "incomeexpensefromdivestituresassetimpairmentsandunusualitems": 13000000,
        "costsandexpenses": 2594000000,
        "operatingincomeloss": 211000000,
        "interestincomeexpensenet": -18000000,
        "gainslossesonextinguishmentofdebt": -52000000,
        "incomelossfromequitymethodinvestments": -6000000,
        "othernonoperatingincomeexpense": 26000000,
        "interestandotherincomeexpense": -504000000,
        "incomelossfromcontinuingoperationsbeforeincometaxesextraordinaryitemsnoncontrollinginterest": -504000000,
        "incometaxexpensebenefit": 8000000,
        "profitloss": -504000000,
        "netincomelossattributabletononcontrollinginterest": -2000000,
        "netincomelossavailabletocommonstockholdersbasic": -504000000,
        "earningspersharebasic": -0.28,
        "earningspersharediluted": -0.28,
        "commonstockdividendspersharedeclared": 0.385,
        "othercomprehensiveincomelossderivativesqualifyingashedgesnetoftax": 3000000,
        "othercomprehensiveincomelossforeigncurrencytransactionandtranslationadjustmentnetoftax": -76000000,
        "othercomprehensiveincomelossnetoftax": 3000000,
        "comprehensiveincomenetoftaxincludingportionattributabletononcontrollinginterest": -504000000,
        "comprehensiveincomenetoftaxattributabletononcontrollinginterest": -2000000,
        "comprehensiveincomenetoftax": -504000000
    },
    {
        "date": "2014-09-29",
        "symbol": "WM",
        "period": "Q3",
        "revenues": 4238000000,
        "costofgoodsandservicessold": 2299000000,
        "sellinggeneralandadministrativeexpense": 377000000,
        "depreciationdepletionandamortization": -646000000,
        "restructuringcharges": 67000000,
        "incomeexpensefromdivestituresassetimpairmentsandunusualitems": -16000000,
        "costsandexpenses": 3056000000,
        "operatingincomeloss": 230000000,
        "incomelossfromequitymethodinvestments": -6000000,
        "othernonoperatingincomeexpense": 16000000,
        "interestandotherincomeexpense": -653000000,
        "incomelossfromcontinuingoperationsbeforeincometaxesextraordinaryitemsnoncontrollinginterest": -653000000,
        "incometaxexpensebenefit": 5000000,
        "profitloss": -653000000,
        "netincomelossattributabletononcontrollinginterest": 10000000,
        "earningspersharebasic": 0.5900000000000001,
        "earningspersharediluted": 0.5800000000000001,
        "commonstockdividendspersharedeclared": 0.375,
        "othercomprehensiveincomelossderivativesqualifyingashedgesnetoftax": 0,
        "othercomprehensiveincomelossforeigncurrencytransactionandtranslationadjustmentnetoftax": -61000000,
        "othercomprehensiveincomelossnetoftax": -42000000,
        "comprehensiveincomenetoftaxincludingportionattributabletononcontrollinginterest": -653000000,
        "comprehensiveincomenetoftaxattributabletononcontrollinginterest": 11000000,
        "comprehensiveincomenetoftax": -653000000
    },
    {
        "date": "2014-06-29",
        "symbol": "WM",
        "period": "Q2",
        "revenues": 4203000000,
        "costofgoodsandservicessold": 2301000000,
        "sellinggeneralandadministrativeexpense": 353000000,
        "depreciationdepletionandamortization": 339000000,
        "restructuringcharges": 1000000,
        "incomeexpensefromdivestituresassetimpairmentsandunusualitems": 35000000,
        "costsandexpenses": 3063000000,
        "operatingincomeloss": 223000000,
        "interestincomeexpensenet": -20000000,
        "incomelossfromequitymethodinvestments": -6000000,
        "othernonoperatingincomeexpense": -13000000,
        "interestandotherincomeexpense": -495000000,
        "incomelossfromcontinuingoperationsbeforeincometaxesextraordinaryitemsnoncontrollinginterest": -495000000,
        "incometaxexpensebenefit": -7000000,
        "profitloss": -495000000,
        "netincomelossattributabletononcontrollinginterest": 10000000,
        "netincomelossavailabletocommonstockholdersbasic": 210000000,
        "earningspersharebasic": 0.45,
        "earningspersharediluted": 0.45,
        "commonstockdividendspersharedeclared": 0.375,
        "othercomprehensiveincomelossderivativesqualifyingashedgesnetoftax": 4000000,
        "othercomprehensiveincomelossavailableforsalesecuritiesadjustmentnetoftax": 2000000,
        "othercomprehensiveincomelossforeigncurrencytransactionandtranslationadjustmentnetoftax": 40000000,
        "othercomprehensiveincomelossnetoftax": 46000000,
        "comprehensiveincomenetoftaxincludingportionattributabletononcontrollinginterest": -495000000,
        "comprehensiveincomenetoftaxattributabletononcontrollinginterest": 12000000,
        "comprehensiveincomenetoftax": -495000000
    },
    {
        "date": "2014-03-30",
        "symbol": "WM",
        "period": "Q1",
        "revenues": 3976000000,
        "costofgoodsandservicessold": 2232000000,
        "sellinggeneralandadministrativeexpense": 375000000,
        "depreciationdepletionandamortization": 317000000,
        "restructuringcharges": 1000000,
        "incomeexpensefromdivestituresassetimpairmentsandunusualitems": 2000000,
        "costsandexpenses": 2927000000,
        "operatingincomeloss": 218000000,
        "interestanddebtexpense": 1000000,
        "incomelossfromequitymethodinvestments": -6000000,
        "othernonoperatingincomeexpense": 13000000,
        "interestandotherincomeexpense": -567000000,
        "incomelossfromcontinuingoperationsbeforeincometaxesextraordinaryitemsnoncontrollinginterest": -567000000,
        "incometaxexpensebenefit": 1000000,
        "profitloss": -567000000,
        "netincomelossattributabletononcontrollinginterest": 9000000,
        "netincomeloss": -567000000,
        "earningspersharebasic": 0.49,
        "earningspersharediluted": 0.49,
        "commonstockdividendspersharedeclared": 0.375,
        "othercomprehensiveincomelossderivativesqualifyingashedgesnetoftax": -6000000,
        "othercomprehensiveincomelossforeigncurrencytransactionandtranslationadjustmentnetoftax": -59000000,
        "othercomprehensiveincomelossnetoftax": -6000000,
        "comprehensiveincomenetoftaxincludingportionattributabletononcontrollinginterest": -567000000,
        "comprehensiveincomenetoftaxattributabletononcontrollinginterest": 9000000,
        "comprehensiveincomenetoftax": -567000000
    },
    {
        "date": "2013-09-29",
        "symbol": "WM",
        "period": "Q3",
        "revenues": 11641000000,
        "costofgoodsandservicessold": 2325000000,
        "sellinggeneralandadministrativeexpense": 349000000,
        "depreciationdepletionandamortization": 344000000,
        "restructuringcharges": 3000000,
        "incomeexpensefromdivestituresassetimpairmentsandunusualitems": 23000000,
        "costsandexpenses": 6058000000,
        "operatingincomeloss": 412000000,
        "interestanddebtexpense": 2000000,
        "investmentincomeinterest": 0,
        "incomelossfromequitymethodinvestments": -6000000,
        "othernonoperatingincomeexpense": 9000000,
        "interestandotherincomeexpense": -441000000,
        "incomelossfromcontinuingoperationsbeforeincometaxesextraordinaryitemsnoncontrollinginterest": 1398000000,
        "incometaxexpensebenefit": 18000000,
        "profitloss": 451000000,
        "netincomelossattributabletononcontrollinginterest": 6000000,
        "netincomeloss": 709000000,
        "earningspersharebasic": 0.62,
        "earningspersharediluted": 0.62,
        "commonstockdividendspersharedeclared": 0.365,
        "othercomprehensiveincomeunrealizedgainlossonderivativesarisingduringperiodnetoftax": -5000000,
        "othercomprehensiveincomelossderivativesqualifyingashedgesnetoftax": 2000000,
        "othercomprehensiveincomelossavailableforsalesecuritiesadjustmentnetoftax": 1000000,
        "othercomprehensiveincomelossforeigncurrencytransactionandtranslationadjustmentnetoftax": 32000000,
        "othercomprehensiveincomelossnetoftax": 71000000,
        "comprehensiveincomenetoftaxincludingportionattributabletononcontrollinginterest": 450000000,
        "comprehensiveincomenetoftaxattributabletononcontrollinginterest": 6000000,
        "comprehensiveincomenetoftax": 424000000
    },
    {
        "date": "2013-06-29",
        "symbol": "WM",
        "period": "Q2",
        "revenues": 40000000,
        "costofgoodsandservicessold": 2311000000,
        "sellinggeneralandadministrativeexpense": 353000000,
        "depreciationdepletionandamortization": 339000000,
        "restructuringcharges": 2000000,
        "incomeexpensefromdivestituresassetimpairmentsandunusualitems": 11000000,
        "costsandexpenses": 1000000,
        "operatingincomeloss": 131000000,
        "interestanddebtexpense": 2000000,
        "investmentincomeinterest": 1000000,
        "incomelossfromequitymethodinvestments": -6000000,
        "othernonoperatingincomeexpense": -11000000,
        "interestandotherincomeexpense": 208000000,
        "incomelossfromcontinuingoperationsbeforeincometaxesextraordinaryitemsnoncontrollinginterest": -7000000,
        "incometaxexpensebenefit": -10000000,
        "profitloss": 244000000,
        "netincomelossattributabletononcontrollinginterest": 12000000,
        "netincomeloss": 4000000,
        "earningspersharebasic": 0.52,
        "earningspersharediluted": 0.52,
        "commonstockdividendspersharedeclared": 0.365,
        "othercomprehensiveincomeunrealizedgainlossonderivativesarisingduringperiodnetoftax": 16000000,
        "othercomprehensiveincomelossreclassificationadjustmentonderivativesincludedinnetincomenetoftax": -4000000,
        "othercomprehensiveincomelossderivativesqualifyingashedgesnetoftax": 12000000,
        "othercomprehensiveincomelossavailableforsalesecuritiesadjustmentnetoftax": -1000000,
        "othercomprehensiveincomelossforeigncurrencytransactionandtranslationadjustmentnetoftax": -37000000,
        "othercomprehensiveincomelossnetoftax": -26000000,
        "comprehensiveincomenetoftaxincludingportionattributabletononcontrollinginterest": 252000000,
        "comprehensiveincomenetoftaxattributabletononcontrollinginterest": 12000000,
        "comprehensiveincomenetoftax": 252000000,
        "othercomprehensiveincomeunrealizedgainlossonderivativesarisingduringperiodtax": 10000000,
        "othercomprehensiveincomelossreclassificationadjustmentonderivativesincludedinnetincometax": -3000000
    },
    {
        "date": "2013-03-30",
        "symbol": "WM",
        "period": "Q1",
        "revenues": 698000000,
        "costofgoodsandservicessold": 2209000000,
        "sellinggeneralandadministrativeexpense": 390000000,
        "depreciationdepletionandamortization": 323000000,
        "restructuringcharges": 8000000,
        "incomeexpensefromdivestituresassetimpairmentsandunusualitems": 4000000,
        "costsandexpenses": 2934000000,
        "operatingincomeloss": 109000000,
        "interestanddebtexpense": 1000000,
        "investmentincomeinterest": 1000000,
        "incomelossfromequitymethodinvestments": -6000000,
        "othernonoperatingincomeexpense": -8000000,
        "interestandotherincomeexpense": 133000000,
        "incomelossfromcontinuingoperationsbeforeincometaxesextraordinaryitemsnoncontrollinginterest": -1000000,
        "incometaxexpensebenefit": -7000000,
        "profitloss": 8000000,
        "netincomelossattributabletononcontrollinginterest": 8000000,
        "netincomeloss": 168000000,
        "earningspersharebasic": 0.36,
        "earningspersharediluted": 0.36,
        "commonstockdividendspersharedeclared": 0.365,
        "othercomprehensiveincomeunrealizedgainlossonderivativesarisingduringperiodnetoftax": -1000000,
        "othercomprehensiveincomelossreclassificationadjustmentonderivativesincludedinnetincomenetoftax": -1000000,
        "othercomprehensiveincomelossderivativesqualifyingashedgesnetoftax": -2000000,
        "othercomprehensiveincomelossavailableforsalesecuritiesadjustmentnetoftax": 1000000,
        "othercomprehensiveincomelossforeigncurrencytransactionandtranslationadjustmentnetoftax": -32000000,
        "othercomprehensiveincomelossnetoftax": -33000000,
        "comprehensiveincomenetoftaxincludingportionattributabletononcontrollinginterest": 170000000,
        "comprehensiveincomenetoftaxattributabletononcontrollinginterest": 8000000,
        "comprehensiveincomenetoftax": 170000000,
        "othercomprehensiveincomeunrealizedholdinggainlossonsecuritiesarisingduringperiodtax": 1000000
    },
    {
        "date": "2012-09-29",
        "symbol": "WM",
        "period": "Q3",
        "revenues": -3380000000,
        "sellinggeneralandadministrativeexpense": 335000000,
        "depreciationdepletionandamortization": 331000000,
        "restructuringcharges": 44000000,
        "costsandexpenses": 2961000000,
        "operatingincomeloss": -285000000,
        "interestanddebtexpense": 2000000,
        "investmentincomeinterest": 2000000,
        "incomelossfromequitymethodinvestments": -18000000,
        "othernonoperatingincomeexpense": -14000000,
        "interestandotherincomeexpense": 178000000,
        "incometaxexpensebenefit": -36000000,
        "profitloss": -347000000,
        "netincomelossattributabletononcontrollinginterest": 9000000,
        "netincomeloss": -387000000,
        "earningspersharebasic": 0.4600000000000001,
        "earningspersharediluted": 0.4600000000000001,
        "commonstockdividendspersharedeclared": 0.355,
        "othercomprehensiveincomeunrealizedgainlossonderivativesarisingduringperiodnetoftax": -39000000,
        "comprehensiveincomenetoftaxincludingportionattributabletononcontrollinginterest": 215000000,
        "comprehensiveincomenetoftaxattributabletononcontrollinginterest": 31000000,
        "comprehensiveincomenetoftax": 215000000,
        "othercomprehensiveincomeunrealizedgainlossonderivativesarisingduringperiodtax": -4000000
    },
    {
        "date": "2012-06-29",
        "symbol": "WM",
        "period": "Q2",
        "revenues": 523000000,
        "costofgoodsandservicessold": 2260000000,
        "sellinggeneralandadministrativeexpense": 374000000,
        "depreciationdepletionandamortization": 323000000,
        "restructuringcharges": 3000000,
        "incomeexpensefromdivestituresassetimpairmentsandunusualitems": 33000000,
        "costsandexpenses": 2993000000,
        "operatingincomeloss": -54000000,
        "interestanddebtexpense": 2000000,
        "investmentincomeinterest": 1000000,
        "incomelossfromequitymethodinvestments": -6000000,
        "othernonoperatingincomeexpense": -1000000,
        "interestandotherincomeexpense": 174000000,
        "incomelossfromcontinuingoperationsbeforeincometaxesextraordinaryitemsnoncontrollinginterest": 174000000,
        "incometaxexpensebenefit": -34000000,
        "profitloss": 208000000,
        "netincomelossattributabletononcontrollinginterest": 11000000,
        "netincomeloss": 208000000,
        "earningspersharebasic": 0.45,
        "earningspersharediluted": 0.45,
        "commonstockdividendspersharedeclared": 0.355,
        "othercomprehensiveincomeunrealizedgainlossonderivativesarisingduringperiodnetoftax": 18000000,
        "othercomprehensiveincomelossreclassificationadjustmentonderivativesincludedinnetincomenetoftax": 1000000,
        "othercomprehensiveincomelossderivativesqualifyingashedgesnetoftax": -20000000,
        "othercomprehensiveincomelossavailableforsalesecuritiesadjustmentnetoftax": -1000000,
        "othercomprehensiveincomelossforeigncurrencytransactionandtranslationadjustmentnetoftax": -22000000,
        "othercomprehensiveincomelossnetoftax": -43000000,
        "comprehensiveincomenetoftaxincludingportionattributabletononcontrollinginterest": 190000000,
        "comprehensiveincomenetoftaxattributabletononcontrollinginterest": -11000000,
        "comprehensiveincomenetoftax": 190000000,
        "othercomprehensiveincomeunrealizedgainlossonderivativesarisingduringperiodtax": -10000000,
        "othercomprehensiveincomelossreclassificationadjustmentonderivativesincludedinnetincometax": -2000000
    },
    {
        "date": "2012-03-30",
        "symbol": "WM",
        "period": "Q1",
        "revenues": 3295000000,
        "operating": 2166000000,
        "sellinggeneralandadministrativeexpense": 407000000,
        "depreciationdepletionandamortization": 317000000,
        "restructuringcharges": 4000000,
        "costsandexpenses": 2894000000,
        "operatingincomeloss": 401000000,
        "interestanddebtexpense": 1000000,
        "investmentincomeinterest": 1000000,
        "incomelossfromequitymethodinvestments": 6000000,
        "othernonoperatingincomeexpense": -1000000,
        "interestandotherincomeexpense": 136000000,
        "incomelossfromcontinuingoperationsbeforeincometaxesextraordinaryitemscumulativeeffectsofchangesinaccountingprinciplesandnoncontrollinginterest": 136000000,
        "incometaxexpensebenefit": -35000000,
        "profitloss": 171000000,
        "netincomelossattributabletononcontrollinginterest": 12000000,
        "netincomeloss": 171000000,
        "earningspersharebasic": 0.37,
        "earningspersharediluted": 0.37,
        "commonstockdividendspersharedeclared": 0.355,
        "othercomprehensiveincomeunrealizedgainlossonderivativesarisingduringperiodnetoftax": 4000000,
        "othercomprehensiveincomereclassificationadjustmentonderivativesincludedinnetincomenetoftax": 4000000,
        "othercomprehensiveincomederivativesqualifyingashedgesnetoftaxperiodincreasedecrease": 8000000,
        "othercomprehensiveincomeavailableforsalesecuritiesadjustmentnetoftaxperiodincreasedecrease": 2000000,
        "othercomprehensiveincomeforeigncurrencytransactionandtranslationadjustmentnetoftaxperiodincreasedecrease": 24000000,
        "othercomprehensiveincomelossnetoftaxperiodincreasedecrease": 34000000,
        "comprehensiveincomenetoftaxincludingportionattributabletononcontrollinginterest": 176000000,
        "comprehensiveincomenetoftaxattributabletononcontrollinginterest": 12000000,
        "comprehensiveincomenetoftax": 176000000,
        "othercomprehensiveincomeunrealizedgainlossonderivativesarisingduringperiodtax": -2000000,
        "othercomprehensiveincomereclassificationadjustmentonderivativesincludedinnetincometax": 2000000,
        "othercomprehensiveincomeunrealizedholdinggainlossonsecuritiesarisingduringperiodtax": -1000000
    },
    {
        "date": "2011-12-30",
        "symbol": "WM",
        "period": "Q4",
        "revenues": -9095000000,
        "operating": 2145000000,
        "sellinggeneralandadministrativeexpense": 407000000,
        "depreciationdepletionandamortization": 243000000,
        "costsandexpenses": 2854000000,
        "operatingincomeloss": 552000000,
        "interestanddebtexpense": 2000000,
        "incomelossfromequitymethodinvestments": 22000000,
        "othernonoperatingincomeexpense": -8000000,
        "incomelossfromcontinuingoperationsbeforeincometaxesextraordinaryitemscumulativeeffectsofchangesinaccountingprinciplesandnoncontrollinginterest": -99000000,
        "incometaxexpensebenefit": -64000000,
        "profitloss": 256000000,
        "netincomelossattributabletononcontrollinginterest": 12000000,
        "netincomeloss": 1753000000,
        "earningspersharebasic": 0.5799999999999997,
        "earningspersharediluted": 0.57,
        "commonstockdividendspersharedeclared": 0.3399999999999999
    },
    {
        "date": "2011-09-29",
        "symbol": "WM",
        "period": "Q3",
        "revenues": 3522000000,
        "operating": 2261000000,
        "sellinggeneralandadministrativeexpense": 380000000,
        "depreciationdepletionandamortization": 317000000,
        "restructuringcharges": 1000000,
        "incomeexpensefromdivestituresassetimpairmentsandunusualitems": 6000000,
        "costsandexpenses": 2979000000,
        "operatingincomeloss": 543000000,
        "interestanddebtexpense": 2000000,
        "investmentincomeinterest": 1000000,
        "incomelossfromequitymethodinvestments": 5000000,
        "othernonoperatingincomeexpense": 2000000,
        "interestandotherincomeexpense": 238000000,
        "incomelossfromcontinuingoperationsbeforeincometaxesextraordinaryitemscumulativeeffectsofchangesinaccountingprinciplesandnoncontrollinginterest": 238000000,
        "incometaxexpensebenefit": -34000000,
        "profitloss": 272000000,
        "netincomelossattributabletononcontrollinginterest": 13000000,
        "netincomeloss": 272000000,
        "earningspersharebasic": 0.58,
        "earningspersharediluted": 0.58,
        "commonstockdividendspersharedeclared": 0.34
    },
    {
        "date": "2011-06-29",
        "symbol": "WM",
        "period": "Q2",
        "revenues": 3347000000,
        "operating": 2140000000,
        "sellinggeneralandadministrativeexpense": 382000000,
        "depreciationdepletionandamortization": 319000000,
        "costsandexpenses": 2841000000,
        "operatingincomeloss": 506000000,
        "interestanddebtexpense": 2000000,
        "interestincome": 2000000,
        "incomelossfromequitymethodinvestments": 2000000,
        "othernonoperatingincomeexpense": 1000000,
        "interestandotherincomeexpense": 287000000,
        "incomelossfromcontinuingoperationsbeforeincometaxesextraordinaryitemscumulativeeffectsofchangesinaccountingprinciplesandnoncontrollinginterest": 287000000,
        "incometaxexpensebenefit": -3000000,
        "profitloss": 237000000,
        "netincomelossattributabletononcontrollinginterest": 13000000,
        "netincomeloss": -585000000,
        "earningspersharebasic": 0.5,
        "earningspersharediluted": 0.5,
        "commonstockdividendspersharedeclared": 0.34
    },
    {
        "date": "2011-03-30",
        "symbol": "WM",
        "period": "Q1",
        "revenues": 3103000000,
        "operating": 1995000000,
        "sellinggeneralandadministrativeexpense": 382000000,
        "depreciationdepletionandamortization": 299000000,
        "costsandexpenses": 2676000000,
        "operatingincomeloss": 427000000,
        "interestanddebtexpense": 2000000,
        "interestincome": 3000000,
        "incomelossfromequitymethodinvestments": -6000000,
        "othernonoperatingincomeexpense": 1000000,
        "interestandotherincomeexpensetotal": -27000000,
        "incomelossfromcontinuingoperationsbeforeincometaxesextraordinaryitemscumulativeeffectsofchangesinaccountingprinciplesandnoncontrollinginterest": 400000000,
        "incometaxexpensebenefit": -34000000,
        "profitloss": 196000000,
        "netincomelossattributabletononcontrollinginterest": 10000000,
        "netincomeloss": -479000000,
        "earningspersharebasic": 0.39,
        "earningspersharediluted": 0.39,
        "commonstockdividendspersharedeclared": 0.34
    },
    {
        "date": "2010-09-29",
        "symbol": "WM",
        "period": "Q3",
        "revenues": 3235000000,
        "operating": 2006000000,
        "sellinggeneralandadministrativeexpense": 369000000,
        "depreciationdepletionandamortizationassociatedwithpropertyplantandequipmentandintangibleassets": 317000000,
        "costsandexpenses": 2691000000,
        "operatingincomeloss": 544000000,
        "interestanddebtexpense": 126000000,
        "othernonoperatingincomeexpense": -8000000,
        "interestandotherincomeexpensetotal": 473000000,
        "incometaxexpensebenefit": -90000000,
        "profitloss": 215000000,
        "netincomelossattributabletononcontrollinginterest": -58000000,
        "netincomeloss": 244000000,
        "earningspersharebasic": 0.5199999999999999,
        "earningspersharediluted": 0.5099999999999999,
        "commonstockdividendspersharedeclared": 0.3149999999999999
    },
    {
        "date": "2010-06-29",
        "symbol": "WM",
        "period": "Q2",
        "revenues": 3158000000,
        "operating": 1996000000,
        "sellinggeneralandadministrativeexpense": 345000000,
        "depreciationdepletionandamortizationassociatedwithpropertyplantandequipmentandintangibleassets": 309000000,
        "restructuringcharges": -1000000,
        "incomeexpensefromdivestituresassetimpairmentsandunusualitems": -77000000,
        "costsandexpenses": 2572000000,
        "operatingincomeloss": 586000000,
        "interestanddebtexpense": 116000000,
        "interestincome": 2000000,
        "othernonoperatingincomeexpense": -8000000,
        "interestandotherincomeexpensetotal": 215000000,
        "incomelossfromcontinuingoperationsbeforeincometaxesextraordinaryitemscumulativeeffectsofchangesinaccountingprinciplesandnoncontlinginterest": -592000000,
        "incometaxexpensebenefit": -31000000,
        "profitloss": 311000000,
        "netincomelossattributabletononcontrollinginterest": 12000000,
        "netincomeloss": 246000000,
        "earningspersharebasic": 0.51,
        "earningspersharediluted": 0.51,
        "commonstockdividendspersharedeclared": 0.315
    },
    {
        "date": "2010-03-30",
        "symbol": "WM",
        "period": "Q1",
        "revenues": 2935000000,
        "operating": 1881000000,
        "sellinggeneralandadministrativeexpense": 351000000,
        "depreciationdepletionandamortizationassociatedwithpropertyplantandequipmentandintangibleassets": 291000000,
        "costsandexpenses": 2523000000,
        "operatingincomeloss": 412000000,
        "interestanddebtexpense": 112000000,
        "othernonoperatingincomeexpense": 2000000,
        "interestandotherincomeexpensetotal": -110000000,
        "incomelossfromcontinuingoperationsbeforeincometaxesextraordinaryitemscumulativeeffectsofchangesinaccountingprinciplesandnoncontlinginterest": 302000000,
        "incometaxexpensebenefit": 110000000,
        "profitloss": 182000000,
        "netincomelossattributabletononcontrollinginterest": 10000000,
        "netincomeloss": 182000000,
        "earningspersharebasic": 0.37,
        "earningspersharediluted": 0.37,
        "commonstockdividendspersharedeclared": 0.315
    },
    {
        "date": "2009-09-29",
        "symbol": "WM",
        "period": "Q3",
        "revenues": 3023000000,
        "operating": 1856000000,
        "sellinggeneralandadministrativeexpense": 339000000,
        "depreciationdepletionandamortizationassociatedwithpropertyplantandequipmentandintangibleassets": 301000000,
        "restructuringcharges": 3000000,
        "incomeexpensefromdivestituresassetimpairmentsandunusualitems": -1000000,
        "costsandexpenses": 2498000000,
        "operatingincomeloss": 525000000,
        "interestanddebtexpense": 104000000,
        "interestincome": 3000000,
        "othernonoperatingincomeexpense": 1000000,
        "interestandotherincomeexpensetotal": -100000000,
        "incomelossfromcontinuingoperationsbeforeincometaxesextraordinaryitemscumulativeeffectsofchangesinaccountingprinciplesandnoncontlinginterest": 425000000,
        "incometaxexpensebenefit": 133000000,
        "profitloss": 292000000,
        "netincomelossattributabletononcontrollinginterest": 15000000,
        "netincomeloss": 277000000,
        "earningspersharebasic": 0.56,
        "earningspersharediluted": 0.56,
        "commonstockdividendspersharedeclared": 0.29
    }
]