[
    {
        "date": "2024-10-30",
        "symbol": "CRWD",
        "period": "Q3",
        "revenuefromcontractwithcustomerincludingassessedtax": 1010178000,
        "costofgoodsandservicessold": 255087000,
        "grossprofit": 755091000,
        "sellingandmarketingexpense": 408267000,
        "researchanddevelopmentexpense": 275602000,
        "generalandadministrativeexpense": 126945000,
        "operatingexpenses": 810814000,
        "operatingincomeloss": -55723000,
        "interestexpensenonoperating": 6587000,
        "investmentincomeinterest": 52201000,
        "otheroperatingincomeexpensenet": -429000,
        "incomelossfromcontinuingoperationsbeforeincometaxesextraordinaryitemsnoncontrollinginterest": -10538000,
        "incometaxexpensebenefit": 6300000,
        "profitloss": -16819000,
        "netincomelossattributabletononcontrollinginterest": 3000,
        "netincomeloss": -16822000,
        "earningspersharebasic": -0.07,
        "earningspersharediluted": -0.07,
        "weightedaveragenumberofsharesoutstandingbasic": 245536000,
        "weightedaveragenumberofdilutedsharesoutstanding": 245536000,
        "othercomprehensiveincomelossforeigncurrencytransactionandtranslationadjustmentnetoftax": 700000,
        "othercomprehensiveincomelossunrealizedgainlossoncashequivalentsandshortterminvestmentsnetoftax": 376000,
        "othercomprehensiveincomelossnetoftax": 1076000,
        "comprehensiveincomenetoftaxattributabletononcontrollinginterest": 3000,
        "comprehensiveincomenetoftax": -15746000
    },
    {
        "date": "2024-07-30",
        "symbol": "CRWD",
        "period": "Q2",
        "revenuefromcontractwithcustomerincludingassessedtax": 963872000,
        "costofgoodsandservicessold": 237401000,
        "grossprofit": 726471000,
        "sellingandmarketingexpense": 355471000,
        "researchanddevelopmentexpense": 250908000,
        "generalandadministrativeexpense": 106434000,
        "operatingexpenses": 712813000,
        "operatingincomeloss": 13658000,
        "interestexpenseoperating": 6549000,
        "interestincomeoperating": 51526000,
        "otheroperatingincomeexpensenet": -1031000,
        "incomelossfromcontinuingoperationsbeforeincometaxesextraordinaryitemsnoncontrollinginterest": 57604000,
        "incometaxexpensebenefit": 10900000,
        "profitloss": 46690000,
        "netincomelossattributabletononcontrollinginterest": -323000,
        "netincomeloss": 47013000,
        "earningspersharebasic": 0.19,
        "earningspersharediluted": 0.19,
        "weightedaveragenumberofsharesoutstandingbasic": 244091000,
        "weightedaveragenumberofdilutedsharesoutstanding": 251265000,
        "othercomprehensiveincomelossforeigncurrencytransactionandtranslationadjustmentnetoftax": 1635000,
        "othercomprehensiveincomelossunrealizedgainlossonshortterminvestmentsnetoftax": 23000,
        "othercomprehensiveincomelossnetoftax": 1658000,
        "comprehensiveincomenetoftaxattributabletononcontrollinginterest": -323000,
        "comprehensiveincomenetoftax": 48671000
    },
    {
        "date": "2024-04-29",
        "symbol": "CRWD",
        "period": "Q1",
        "revenuefromcontractwithcustomerincludingassessedtax": 872172000,
        "costofgoodsandservicessold": 189657000,
        "grossprofit": 696033000,
        "sellingandmarketingexpense": 350114000,
        "researchanddevelopmentexpense": 235249000,
        "generalandadministrativeexpense": 103734000,
        "operatingexpenses": 689097000,
        "operatingincomeloss": 6936000,
        "interestexpense": 6511000,
        "interestincomeoperating": 45850000,
        "othernonoperatingincomeexpense": 7656000,
        "incomelossfromcontinuingoperationsbeforeincometaxesextraordinaryitemsnoncontrollinginterest": 53931000,
        "incometaxexpensebenefit": 7667000,
        "profitloss": 46264000,
        "netincomelossattributabletononcontrollinginterest": 3444000,
        "netincomeloss": 42820000,
        "earningspersharebasic": 0.18,
        "earningspersharediluted": 0.17,
        "weightedaveragenumberofsharesoutstandingbasic": 242389000,
        "weightedaveragenumberofdilutedsharesoutstanding": 250164000,
        "othercomprehensiveincomelossforeigncurrencytransactionandtranslationadjustmentnetoftax": -3089000,
        "othercomprehensiveincomelossunrealizedgainlossonshortterminvestmentsnetoftax": -8000,
        "othercomprehensiveincomelossnetoftax": -3097000,
        "comprehensiveincomenetoftaxattributabletononcontrollinginterest": 3444000,
        "comprehensiveincomenetoftax": 39723000
    },
    {
        "date": "2024-01-30",
        "symbol": "CRWD",
        "period": "Q4",
        "revenuefromcontractwithcustomerincludingassessedtax": 2052455000,
        "costofgoodsandservicessold": 118768000,
        "grossprofit": 636763000,
        "sellingandmarketingexpense": 290357000,
        "researchanddevelopmentexpense": 213998000,
        "generalandadministrativeexpense": 102737000,
        "operatingexpenses": 607092000,
        "operatingincomeloss": 29671000,
        "interestexpense": 6422000,
        "interestincomeoperating": 41685000,
        "othernonoperatingincomeexpense": 3616000,
        "incomelossfromcontinuingoperationsbeforeincometaxesextraordinaryitemsnoncontrollinginterest": 68550000,
        "incometaxexpensebenefit": 13609000,
        "profitloss": 63904000,
        "netincomelossattributabletononcontrollinginterest": 1242000,
        "netincomeloss": 53699000,
        "weightedaveragenumberofsharesoutstandingbasic": 238637000,
        "weightedaveragenumberofdilutedsharesoutstanding": 243635000,
        "othercomprehensiveincomelossforeigncurrencytransactionandtranslationadjustmentnetoftax": 3667000,
        "othercomprehensiveincomelossnetoftax": 3617000,
        "comprehensiveincomenetoftaxattributabletononcontrollinginterest": 1242000,
        "comprehensiveincomenetoftax": 57316000
    },
    {
        "date": "2023-10-30",
        "symbol": "CRWD",
        "period": "Q3",
        "revenuefromcontractwithcustomerincludingassessedtax": 733463000,
        "costofgoodsandservicessold": 159830000,
        "grossprofit": 591010000,
        "sellingandmarketingexpense": 286186000,
        "researchanddevelopmentexpense": 196072000,
        "generalandadministrativeexpense": 105589000,
        "operatingexpenses": 587847000,
        "operatingincomeloss": 3163000,
        "interestexpense": 6503000,
        "interestincomeoperating": 40086000,
        "othernonoperatingincomeexpense": -474000,
        "incomelossfromcontinuingoperationsbeforeincometaxesextraordinaryitemsnoncontrollinginterest": 36272000,
        "incometaxexpensebenefit": 9603000,
        "profitloss": 26669000,
        "netincomelossattributabletononcontrollinginterest": 4000,
        "netincomeloss": 26665000,
        "earningspersharebasic": 0.11,
        "earningspersharediluted": 0.11,
        "weightedaveragenumberofsharesoutstandingbasic": 239297000,
        "weightedaveragenumberofdilutedsharesoutstanding": 243799000,
        "othercomprehensiveincomelossforeigncurrencytransactionandtranslationadjustmentnetoftax": -6193000,
        "othercomprehensiveincomelossnetoftax": -6193000,
        "comprehensiveincomenetoftaxattributabletononcontrollinginterest": 4000,
        "comprehensiveincomenetoftax": 20472000
    },
    {
        "date": "2023-07-30",
        "symbol": "CRWD",
        "period": "Q2",
        "revenuefromcontractwithcustomerincludingassessedtax": 43655000,
        "costofgoodsandservicessold": 182917000,
        "grossprofit": 548709000,
        "sellingandmarketingexpense": 282916000,
        "researchanddevelopmentexpense": 179362000,
        "generalandadministrativeexpense": 101804000,
        "operatingexpenses": 564082000,
        "operatingincomeloss": -15373000,
        "interestexpense": 6444000,
        "interestincomeoperating": 36638000,
        "othernonoperatingincomeexpense": -1734000,
        "incomelossfromcontinuingoperationsbeforeincometaxesextraordinaryitemsnoncontrollinginterest": 13087000,
        "incometaxexpensebenefit": 4611000,
        "profitloss": 4000,
        "netincomelossattributabletononcontrollinginterest": 4000,
        "netincomeloss": 8472000,
        "earningspersharebasic": 0.04,
        "earningspersharediluted": 0.03,
        "weightedaveragenumberofsharesoutstandingbasic": 237911000,
        "weightedaveragenumberofdilutedsharesoutstanding": 242144000,
        "othercomprehensiveincomelossforeigncurrencytransactionandtranslationadjustmentnetoftax": 774000,
        "othercomprehensiveincomelossnetoftax": 774000,
        "comprehensiveincomenetoftaxattributabletononcontrollinginterest": 4000,
        "comprehensiveincomenetoftax": 9246000
    },
    {
        "date": "2023-04-29",
        "symbol": "CRWD",
        "period": "Q1",
        "revenuefromcontractwithcustomerincludingassessedtax": 40984000,
        "costofgoodsandservicessold": 169230000,
        "grossprofit": 523350000,
        "sellingandmarketingexpense": 281107000,
        "researchanddevelopmentexpense": 179065000,
        "generalandadministrativeexpense": 82634000,
        "operatingexpenses": 542806000,
        "operatingincomeloss": -19456000,
        "interestexpense": 6387000,
        "interestincomeoperating": 30521000,
        "othernonoperatingincomeexpense": 230000,
        "incomelossfromcontinuingoperationsbeforeincometaxesextraordinaryitemsnoncontrollinginterest": 4908000,
        "incometaxexpensebenefit": 4409000,
        "profitloss": 8000,
        "netincomelossattributabletononcontrollinginterest": 8000,
        "netincomeloss": 491000,
        "weightedaveragenumberofsharesoutstandingbasic": 236414000,
        "weightedaveragenumberofdilutedsharesoutstanding": 240598000,
        "othercomprehensiveincomelossforeigncurrencytransactionandtranslationadjustmentnetoftax": 1158000,
        "othercomprehensiveincomelossnetoftax": 1158000,
        "comprehensiveincomenetoftaxattributabletononcontrollinginterest": 8000,
        "comprehensiveincomenetoftax": 1649000
    },
    {
        "date": "2023-01-30",
        "symbol": "CRWD",
        "period": "Q4",
        "revenuefromcontractwithcustomerincludingassessedtax": 36999000,
        "costofgoodsandservicessold": 175604000,
        "grossprofit": 461763000,
        "sellingandmarketingexpense": 246439000,
        "researchanddevelopmentexpense": 191845000,
        "generalandadministrativeexpense": 84979000,
        "operatingexpenses": 523263000,
        "operatingincomeloss": -61500000,
        "interestexpense": 5033000,
        "othernonoperatingincomeexpense": -12016000,
        "incomelossfromcontinuingoperationsbeforeincometaxesextraordinaryitemsnoncontrollinginterest": -43618000,
        "incometaxexpensebenefit": -12388000,
        "profitloss": -1451000,
        "netincomelossattributabletononcontrollinginterest": -1451000,
        "netincomeloss": -47481000,
        "earningspersharebasic": -0.20000000000000007,
        "earningspersharediluted": -0.20000000000000007,
        "weightedaveragenumberofsharesoutstandingbasic": -464379000,
        "weightedaveragenumberofdilutedsharesoutstanding": -464379000,
        "othercomprehensiveincomelossforeigncurrencytransactionandtranslationadjustmentnetoftax": 8165000,
        "othercomprehensiveincomelossnetoftax": 8165000,
        "comprehensiveincomenetoftaxattributabletononcontrollinginterest": -1451000,
        "comprehensiveincomenetoftax": -39316000
    },
    {
        "date": "2022-10-30",
        "symbol": "CRWD",
        "period": "Q3",
        "revenuefromcontractwithcustomerincludingassessedtax": 31904000,
        "costofgoodsandservicessold": 158228000,
        "grossprofit": 422654000,
        "sellingandmarketingexpense": 239672000,
        "researchanddevelopmentexpense": 155256000,
        "generalandadministrativeexpense": 84148000,
        "operatingexpenses": 479076000,
        "operatingincomeloss": -56422000,
        "interestexpense": 6334000,
        "interestincomeoperating": 16245000,
        "othernonoperatingincomeexpense": 750000,
        "incomelossfromcontinuingoperationsbeforeincometaxesextraordinaryitemsnoncontrollinginterest": -45761000,
        "incometaxexpensebenefit": 8870000,
        "profitloss": 325000,
        "netincomelossattributabletononcontrollinginterest": 325000,
        "netincomeloss": -54956000,
        "earningspersharebasic": -0.24,
        "earningspersharediluted": -0.24,
        "weightedaveragenumberofsharesoutstandingbasic": 233785000,
        "weightedaveragenumberofdilutedsharesoutstanding": 233785000,
        "othercomprehensiveincomelossforeigncurrencytransactionandtranslationadjustmentnetoftax": -3509000,
        "othercomprehensiveincomelossnetoftax": -3509000,
        "comprehensiveincomenetoftaxattributabletononcontrollinginterest": 325000,
        "comprehensiveincomenetoftax": -58465000
    },
    {
        "date": "2022-07-30",
        "symbol": "CRWD",
        "period": "Q2",
        "revenuefromcontractwithcustomerincludingassessedtax": 29176000,
        "costofgoodsandservicessold": 140567000,
        "grossprofit": 394586000,
        "sellingandmarketingexpense": 224766000,
        "researchanddevelopmentexpense": 137864000,
        "generalandadministrativeexpense": 80263000,
        "operatingexpenses": 442893000,
        "operatingincomeloss": -48307000,
        "interestexpense": 6335000,
        "othernonoperatingincomeexpense": 11107000,
        "incomelossfromcontinuingoperationsbeforeincometaxesextraordinaryitemsnoncontrollinginterest": -43535000,
        "incometaxexpensebenefit": 4778000,
        "profitloss": 972000,
        "netincomelossattributabletononcontrollinginterest": 972000,
        "netincomeloss": -49285000,
        "earningspersharebasic": -0.21,
        "earningspersharediluted": -0.21,
        "weightedaveragenumberofsharesoutstandingbasic": 232554000,
        "weightedaveragenumberofdilutedsharesoutstanding": 232554000,
        "othercomprehensiveincomelossforeigncurrencytransactionandtranslationadjustmentnetoftax": -1487000,
        "othercomprehensiveincomelossnetoftax": -1487000,
        "comprehensiveincomenetoftaxattributabletononcontrollinginterest": 972000,
        "comprehensiveincomenetoftax": -50772000
    },
    {
        "date": "2022-04-29",
        "symbol": "CRWD",
        "period": "Q1",
        "revenuefromcontractwithcustomerincludingassessedtax": 23537000,
        "costofgoodsandservicessold": 126832000,
        "grossprofit": 361002000,
        "sellingandmarketingexpense": 193532000,
        "researchanddevelopmentexpense": 123399000,
        "generalandadministrativeexpense": 67954000,
        "operatingexpenses": 384885000,
        "operatingincomeloss": -23883000,
        "interestexpense": 6298000,
        "othernonoperatingincomeexpense": 3212000,
        "incomelossfromcontinuingoperationsbeforeincometaxesextraordinaryitemsnoncontrollinginterest": -26969000,
        "incometaxexpensebenefit": 3440000,
        "profitloss": 1114000,
        "netincomelossattributabletononcontrollinginterest": 1114000,
        "netincomeloss": -31523000,
        "earningspersharebasic": -0.14,
        "earningspersharediluted": -0.14,
        "weightedaveragenumberofsharesoutstandingbasic": 231179000,
        "weightedaveragenumberofdilutedsharesoutstanding": 231179000,
        "othercomprehensiveincomelossforeigncurrencytransactionandtranslationadjustmentnetoftax": -2948000,
        "othercomprehensiveincomelossnetoftax": -2948000,
        "comprehensiveincomenetoftaxattributabletononcontrollinginterest": 1114000,
        "comprehensiveincomenetoftax": -34471000
    },
    {
        "date": "2022-01-30",
        "symbol": "CRWD",
        "period": "Q4",
        "revenuefromcontractwithcustomerincludingassessedtax": 21003000,
        "costofgoodsandservicessold": 112620000,
        "grossprofit": 318390000,
        "sellingandmarketingexpense": 162594000,
        "researchanddevelopmentexpense": 105018000,
        "generalandadministrativeexpense": 74312000,
        "operatingexpenses": 341924000,
        "operatingincomeloss": -23534000,
        "interestexpense": 5071000,
        "othernonoperatingincomeexpense": 1679000,
        "incomelossfromcontinuingoperationsbeforeincometaxesextraordinaryitemsnoncontrollinginterest": -28157000,
        "incometaxexpensebenefit": 3927000,
        "netincomeloss": -167878000,
        "earningspersharebasic": -0.18000000000000005,
        "earningspersharediluted": -0.18000000000000005,
        "weightedaveragenumberofsharesoutstandingbasic": -27211000,
        "weightedaveragenumberofdilutedsharesoutstanding": -27211000,
        "othercomprehensiveincomelossnetoftax": -2125000,
        "comprehensiveincomenetoftax": -44105000
    },
    {
        "date": "2021-10-30",
        "symbol": "CRWD",
        "period": "Q3",
        "revenuefromcontractwithcustomerincludingassessedtax": 15367000,
        "costofgoodsandservicessold": 101664000,
        "grossprofit": 278387000,
        "sellingandmarketingexpense": 164960000,
        "researchanddevelopmentexpense": 97630000,
        "generalandadministrativeexpense": 56061000,
        "operatingexpenses": 318651000,
        "operatingincomeloss": -40264000,
        "interestexpense": 6403000,
        "othernonoperatingincomeexpense": 690000,
        "incomelossfromcontinuingoperationsbeforeincometaxesextraordinaryitemsnoncontrollinginterest": -45977000,
        "incometaxexpensebenefit": 4473000,
        "profitloss": 5000,
        "netincomelossattributabletononcontrollinginterest": 5000,
        "netincomeloss": -50455000,
        "earningspersharebasic": -0.22,
        "earningspersharediluted": -0.22,
        "weightedaveragenumberofsharesoutstandingbasic": 228293000,
        "weightedaveragenumberofdilutedsharesoutstanding": 228293000,
        "othercomprehensiveincomelossforeigncurrencytransactionandtranslationadjustmentnetoftax": -665000,
        "othercomprehensiveincomelossnetoftax": -665000,
        "comprehensiveincomenetoftaxattributabletononcontrollinginterest": 5000,
        "comprehensiveincomenetoftax": -51120000
    },
    {
        "date": "2021-07-30",
        "symbol": "CRWD",
        "period": "Q2",
        "revenuefromcontractwithcustomerincludingassessedtax": 13474000,
        "costofgoodsandservicessold": 90432000,
        "grossprofit": 247258000,
        "sellingandmarketingexpense": 153861000,
        "researchanddevelopmentexpense": 90455000,
        "generalandadministrativeexpense": 50345000,
        "operatingexpenses": 294661000,
        "operatingincomeloss": -47403000,
        "interestexpense": 6296000,
        "othernonoperatingincomeexpense": 619000,
        "incomelossfromcontinuingoperationsbeforeincometaxesextraordinaryitemsnoncontrollinginterest": -53080000,
        "incometaxexpensebenefit": -1262000,
        "profitloss": 0,
        "netincomelossattributabletononcontrollinginterest": 0,
        "netincomeloss": -5994000,
        "earningspersharebasic": -0.25,
        "earningspersharediluted": -0.25,
        "weightedaveragenumberofsharesoutstandingbasic": -1548000,
        "weightedaveragenumberofdilutedsharesoutstanding": -1548000,
        "othercomprehensiveincomelossforeigncurrencytransactionandtranslationadjustmentnetoftax": -567000,
        "othercomprehensiveincomelossnetoftax": -567000,
        "comprehensiveincomenetoftaxattributabletononcontrollinginterest": 0,
        "comprehensiveincomenetoftax": -57885000
    },
    {
        "date": "2021-04-29",
        "symbol": "CRWD",
        "period": "Q1",
        "revenuefromcontractwithcustomerincludingassessedtax": 281228000,
        "costofgoodsandservicessold": 64903000,
        "grossprofit": 224338000,
        "sellingandmarketingexpense": 135131000,
        "researchanddevelopmentexpense": 78180000,
        "generalandadministrativeexpense": 42374000,
        "operatingexpenses": 255685000,
        "operatingincomeloss": -31347000,
        "interestexpense": 6230000,
        "othernonoperatingincomeexpense": 4768000,
        "incomelossfromcontinuingoperationsbeforeincometaxesextraordinaryitemsnoncontrollinginterest": -32809000,
        "incometaxexpensebenefit": 50062000,
        "profitloss": -82871000,
        "netincomelossattributabletononcontrollinginterest": 2178000,
        "netincomeloss": -85049000,
        "earningspersharebasic": -0.38,
        "earningspersharediluted": -0.38,
        "weightedaveragenumberofsharesoutstandingbasic": 224153000,
        "weightedaveragenumberofdilutedsharesoutstanding": 224153000,
        "othercomprehensiveincomelossforeigncurrencytransactionandtranslationadjustmentnetoftax": -202000,
        "othercomprehensiveincomelossnetoftax": -202000,
        "comprehensiveincomenetoftaxattributabletononcontrollinginterest": 2178000,
        "comprehensiveincomenetoftax": -85251000
    },
    {
        "date": "2021-01-30",
        "symbol": "CRWD",
        "period": "Q4",
        "revenuefromcontractwithcustomerincludingassessedtax": 244662000,
        "costofgoodsandservicessold": 54348000,
        "grossprofit": 198197000,
        "sellingandmarketingexpense": 112449000,
        "researchanddevelopmentexpense": 66070000,
        "generalandadministrativeexpense": 35481000,
        "operatingexpenses": 214000000,
        "operatingincomeloss": -15803000,
        "interestexpense": 1049000,
        "othernonoperatingincomeexpense": 682000,
        "incomelossfromcontinuingoperationsbeforeincometaxesextraordinaryitemsnoncontrollinginterest": -16170000,
        "incometaxexpensebenefit": 2832000,
        "earningspersharebasicanddiluted": -0.08999999999999994,
        "weightedaveragenumberofshareoutstandingbasicanddiluted": 1324000,
        "othercomprehensiveincomeforeigncurrencytransactionandtranslationadjustmentnetoftaxportionattributabletoparent": 1704000
    },
    {
        "date": "2020-10-30",
        "symbol": "CRWD",
        "period": "Q3",
        "revenuefromcontractwithcustomerincludingassessedtax": 213530000,
        "costofgoodsandservicessold": 49583000,
        "grossprofit": 170933000,
        "sellingandmarketingexpense": 105602000,
        "researchanddevelopmentexpense": 57539000,
        "generalandadministrativeexpense": 31951000,
        "operatingexpenses": 195092000,
        "operatingincomeloss": -24159000,
        "interestexpense": 193000,
        "othernonoperatingincomeexpense": 272000,
        "incomelossfromcontinuingoperationsbeforeincometaxesextraordinaryitemsnoncontrollinginterest": -24080000,
        "incometaxexpensebenefit": 451000,
        "netincomeloss": -24531000,
        "earningspersharebasicanddiluted": -0.11000000000000001,
        "weightedaveragenumberofshareoutstandingbasicanddiluted": 1500000,
        "othercomprehensiveincomeforeigncurrencytransactionandtranslationadjustmentnetoftaxportionattributabletoparent": -500000,
        "othercomprehensiveincomelossnetoftaxportionattributabletoparent": -500000,
        "comprehensiveincomenetoftax": -25031000
    },
    {
        "date": "2020-07-30",
        "symbol": "CRWD",
        "period": "Q2",
        "revenuefromcontractwithcustomerincludingassessedtax": 184256000,
        "costofgoodsandservicessold": 44037000,
        "grossprofit": 144580000,
        "sellingandmarketingexpense": 95127000,
        "researchanddevelopmentexpense": 50483000,
        "generalandadministrativeexpense": 28961000,
        "operatingexpenses": 174571000,
        "operatingincomeloss": -29991000,
        "interestexpense": 174000,
        "othernonoperatingincomeexpense": 732000,
        "incomelossfromcontinuingoperationsbeforeincometaxesextraordinaryitemsnoncontrollinginterest": -29433000,
        "incometaxexpensebenefit": 441000,
        "netincomeloss": -29874000,
        "earningspersharebasicanddiluted": -0.14,
        "weightedaveragenumberofshareoutstandingbasicanddiluted": 1803000,
        "othercomprehensiveincomeforeigncurrencytransactionandtranslationadjustmentnetoftaxportionattributabletoparent": 2119000,
        "othercomprehensiveincomelosssecuritiesavailableforsalereversalofunrealizedholdinggainlossarisingduringperiodaftertax": 0,
        "othercomprehensiveincomelossnetoftaxportionattributabletoparent": 2119000,
        "comprehensiveincomenetoftax": -27755000
    },
    {
        "date": "2020-04-29",
        "symbol": "CRWD",
        "period": "Q1",
        "revenuefromcontractwithcustomerincludingassessedtax": 162222000,
        "costofgoodsandservicessold": 37244000,
        "grossprofit": 131183000,
        "sellingandmarketingexpense": 88138000,
        "researchanddevelopmentexpense": 40578000,
        "generalandadministrativeexpense": 25043000,
        "operatingexpenses": 153759000,
        "operatingincomeloss": -22576000,
        "interestexpense": 143000,
        "othernonoperatingincomeexpense": 4533000,
        "incomelossfromcontinuingoperationsbeforeincometaxesextraordinaryitemsnoncontrollinginterest": -18186000,
        "incometaxexpensebenefit": 1036000,
        "netincomeloss": -19222000,
        "earningspersharebasicanddiluted": -0.09,
        "weightedaveragenumberofshareoutstandingbasicanddiluted": 213129000,
        "othercomprehensiveincomeforeigncurrencytransactionandtranslationadjustmentnetoftaxportionattributabletoparent": -693000,
        "othercomprehensiveincomelosssecuritiesavailableforsalereversalofunrealizedholdinggainlossarisingduringperiodaftertax": -1320000,
        "othercomprehensiveincomelossnetoftaxportionattributabletoparent": -2013000,
        "comprehensiveincomenetoftax": -21235000
    },
    {
        "date": "2019-10-30",
        "symbol": "CRWD",
        "period": "Q3",
        "revenuefromcontractwithcustomerincludingassessedtax": 114221000,
        "costofgoodsandservicessold": 29221000,
        "grossprofit": 87764000,
        "sellingandmarketingexpense": 68675000,
        "researchanddevelopmentexpense": 35992000,
        "generalandadministrativeexpense": 21615000,
        "operatingexpenses": 126282000,
        "operatingincomeloss": -38518000,
        "interestexpense": 132000,
        "othernonoperatingincomeexpense": 3579000,
        "incomelossfromcontinuingoperationsbeforeincometaxesextraordinaryitemsnoncontrollinginterest": -35071000,
        "incometaxexpensebenefit": 434000,
        "netincomeloss": -35505000,
        "earningspersharebasicanddiluted": -0.17,
        "weightedaveragenumberofshareoutstandingbasicanddiluted": 204096000,
        "othercomprehensiveincomeforeigncurrencytransactionandtranslationadjustmentnetoftaxportionattributabletoparent": 410000,
        "othercomprehensiveincomeunrealizedholdinggainlossonsecuritiesarisingduringperiodnetoftax": 22000,
        "othercomprehensiveincomelossnetoftaxportionattributabletoparent": 432000,
        "comprehensiveincomenetoftax": -35073000
    }
]