[
    {
        "date": "2023-12-30",
        "symbol": "V",
        "period": "Q1",
        "revenuefromcontractwithcustomerexcludingassessedtax": 8634000000,
        "laborandrelatedexpense": 1479000000,
        "marketingandadvertisingexpense": 293000000,
        "communicationsandinformationtechnology": 181000000,
        "professionalfees": 131000000,
        "depreciationandamortization": 247000000,
        "generalandadministrativeexpense": 340000000,
        "losscontingencylossinperiod": 9000000,
        "costsandexpenses": 2680000000,
        "operatingincomeloss": 5954000000,
        "interestincomeexpensenet": -187000000,
        "othernonoperatingincomeexpense": 275000000,
        "nonoperatingincomeexpense": 88000000,
        "incomelossfromcontinuingoperationsbeforeincometaxesextraordinaryitemsnoncontrollinginterest": 6042000000,
        "incometaxexpensebenefit": 1152000000,
        "profitloss": 4890000000,
        "earningspersharebasic": 2.39,
        "weightedaveragenumberofsharesoutstandingbasic": 1584000000,
        "earningspersharediluted": 2.39,
        "weightedaveragenumberofdilutedsharesoutstanding": 2045000000,
        "othercomprehensiveincomeunrealizedholdinggainlossonsecuritiesarisingduringperiodbeforetax": 58000000,
        "othercomprehensiveincomeunrealizedholdinggainlossonsecuritiesarisingduringperiodtax": 12000000,
        "othercomprehensiveincomelossamortizationadjustmentfromaocipensionandotherpostretirementbenefitplansfornetpriorservicecostcreditbeforetax": 3000000,
        "othercomprehensiveincomelossamortizationadjustmentfromaocipensionandotherpostretirementbenefitplansfornetpriorservicecostcredittax": 1000000,
        "othercomprehensiveincomelosscashflowhedgegainlossbeforereclassificationandtax": -77000000,
        "othercomprehensiveincomelosscashflowhedgegainlossbeforereclassificationtax": -16000000,
        "othercomprehensiveincomelosscashflowhedgegainlossreclassificationbeforetax": -39000000,
        "othercomprehensiveincomelosscashflowhedgegainlossreclassificationtax": -9000000,
        "othercomprehensiveincomelossforeigncurrencytransactionandtranslationadjustmentbeforetax": 588000000,
        "othercomprehensiveincomelossforeigncurrencytranslationadjustmenttax": -57000000,
        "othercomprehensiveincomelossnetoftax": 662000000,
        "comprehensiveincomenetoftaxincludingportionattributabletononcontrollinginterest": 5552000000
    },
    {
        "date": "2023-09-29",
        "symbol": "V",
        "period": "Q4",
        "revenuefromcontractwithcustomerexcludingassessedtax": 19159000000,
        "laborandrelatedexpense": 1498000000,
        "marketingandadvertisingexpense": 403000000,
        "communicationsandinformationtechnology": 197000000,
        "professionalfees": 173000000,
        "depreciationandamortization": 247000000,
        "generalandadministrativeexpense": 412000000,
        "costsandexpenses": 3059000000,
        "operatingincomeloss": 5550000000,
        "interestincomeexpensenet": -183000000,
        "othernonoperatingincomeexpense": 269000000,
        "nonoperatingincomeexpense": 86000000,
        "incomelossfromcontinuingoperationsbeforeincometaxesextraordinaryitemsnoncontrollinginterest": 5636000000,
        "incometaxexpensebenefit": 955000000,
        "profitloss": 4681000000,
        "earningspersharebasic": -15.810000000000002,
        "earningspersharediluted": -15.799999999999999,
        "othercomprehensiveincomeunrealizedholdinggainlossonsecuritiesarisingduringperiodbeforetax": 20000000,
        "othercomprehensiveincomeunrealizedholdinggainlossonsecuritiesarisingduringperiodtax": 4000000,
        "othercomprehensiveincomelosspensionandotherpostretirementbenefitplansadjustmentbeforereclassificationadjustmentsandtax": 0,
        "othercomprehensiveincomelossamortizationadjustmentfromaocipensionandotherpostretirementbenefitplansfornetpriorservicecostcreditbeforetax": 3000000,
        "othercomprehensiveincomelosscashflowhedgegainlossreclassificationbeforetax": -32000000,
        "othercomprehensiveincomelosscashflowhedgegainlossreclassificationtax": -7000000,
        "othercomprehensiveincomelossnetoftax": -339000000,
        "comprehensiveincomenetoftaxincludingportionattributabletononcontrollinginterest": 4342000000
    },
    {
        "date": "2023-06-29",
        "symbol": "V",
        "period": "Q3",
        "revenuefromcontractwithcustomerexcludingassessedtax": 4680000000,
        "laborandrelatedexpense": 1481000000,
        "marketingandadvertisingexpense": 297000000,
        "communicationsandinformationtechnology": 182000000,
        "professionalfees": 133000000,
        "depreciationandamortization": 235000000,
        "generalandadministrativeexpense": 314000000,
        "costsandexpenses": 3099000000,
        "operatingincomeloss": 5024000000,
        "interestincomeexpensenet": -182000000,
        "othernonoperatingincomeexpense": 304000000,
        "nonoperatingincomeexpense": 122000000,
        "incomelossfromcontinuingoperationsbeforeincometaxesextraordinaryitemsnoncontrollinginterest": 5146000000,
        "incometaxexpensebenefit": 990000000,
        "profitloss": 4156000000,
        "earningspersharebasic": 8,
        "earningspersharediluted": 7.9899999999999975,
        "othercomprehensiveincomeunrealizedholdinggainlossonsecuritiesarisingduringperiodbeforetax": -18000000,
        "othercomprehensiveincomeunrealizedholdinggainlossonsecuritiesarisingduringperiodtax": -4000000,
        "othercomprehensiveincomelosspensionandotherpostretirementbenefitplansadjustmentbeforereclassificationadjustmentsandtax": -1000000,
        "othercomprehensiveincomelossamortizationadjustmentfromaocipensionandotherpostretirementbenefitplansfornetpriorservicecostcreditbeforetax": 3000000,
        "othercomprehensiveincomelosscashflowhedgegainlossbeforereclassificationandtax": -4000000,
        "othercomprehensiveincomelosscashflowhedgegainlossbeforereclassificationtax": -5000000,
        "othercomprehensiveincomelosscashflowhedgegainlossreclassificationbeforetax": -18000000,
        "othercomprehensiveincomelosscashflowhedgegainlossreclassificationtax": -10000000,
        "othercomprehensiveincomelossforeigncurrencytransactionandtranslationadjustmentnetoftax": 14000000,
        "othercomprehensiveincomelossnetoftax": 12000000,
        "comprehensiveincomenetoftaxincludingportionattributabletononcontrollinginterest": 4168000000
    },
    {
        "date": "2023-03-30",
        "symbol": "V",
        "period": "Q2",
        "revenuefromcontractwithcustomerexcludingassessedtax": 4445000000,
        "laborandrelatedexpense": 1515000000,
        "marketingandadvertisingexpense": 309000000,
        "communicationsandinformationtechnology": 179000000,
        "professionalfees": 130000000,
        "depreciationandamortization": 234000000,
        "generalandadministrativeexpense": 282000000,
        "losscontingencylossinperiod": 0,
        "costsandexpenses": 2649000000,
        "operatingincomeloss": 5336000000,
        "interestincomeexpensenet": -142000000,
        "othernonoperatingincomeexpense": 84000000,
        "nonoperatingincomeexpense": -58000000,
        "incomelossfromcontinuingoperationsbeforeincometaxesextraordinaryitemsnoncontrollinginterest": 5278000000,
        "incometaxexpensebenefit": 1021000000,
        "profitloss": 4257000000,
        "earningspersharebasic": 8.14,
        "weightedaveragenumberofsharesoutstandingbasic": 0,
        "earningspersharediluted": 8.14,
        "weightedaveragenumberofdilutedsharesoutstanding": 0,
        "othercomprehensiveincomeunrealizedholdinggainlossonsecuritiesarisingduringperiodbeforetax": 36000000,
        "othercomprehensiveincomeunrealizedholdinggainlossonsecuritiesarisingduringperiodtax": 8000000,
        "othercomprehensiveincomelosspensionandotherpostretirementbenefitplansadjustmentbeforereclassificationadjustmentsandtax": -3000000,
        "othercomprehensiveincomelosspensionandotherpostretirementbenefitplansbeforereclassificationadjustmentstax": 0,
        "othercomprehensiveincomelossamortizationadjustmentfromaocipensionandotherpostretirementbenefitplansfornetpriorservicecostcreditbeforetax": 3000000,
        "othercomprehensiveincomelosscashflowhedgegainlossbeforereclassificationandtax": -75000000,
        "othercomprehensiveincomelosscashflowhedgegainlossbeforereclassificationtax": -17000000,
        "othercomprehensiveincomelosscashflowhedgegainlossreclassificationbeforetax": -6000000,
        "othercomprehensiveincomelosscashflowhedgegainlossreclassificationtax": -3000000,
        "othercomprehensiveincomelossforeigncurrencytransactionandtranslationadjustmentnetoftax": 290000000,
        "othercomprehensiveincomelossnetoftax": 269000000,
        "comprehensiveincomenetoftaxincludingportionattributabletononcontrollinginterest": 4526000000
    },
    {
        "date": "2022-12-30",
        "symbol": "V",
        "period": "Q1",
        "revenuefromcontractwithcustomerexcludingassessedtax": 4369000000,
        "laborandrelatedexpense": 1337000000,
        "marketingandadvertisingexpense": 332000000,
        "communicationsandinformationtechnology": 178000000,
        "professionalfees": 109000000,
        "depreciationandamortization": 227000000,
        "generalandadministrativeexpense": 322000000,
        "losscontingencylossinperiod": 341000000,
        "costsandexpenses": 2846000000,
        "operatingincomeloss": 5090000000,
        "interestincomeexpensenet": -137000000,
        "othernonoperatingincomeexpense": 24000000,
        "nonoperatingincomeexpense": -113000000,
        "incomelossfromcontinuingoperationsbeforeincometaxesextraordinaryitemsnoncontrollinginterest": 4977000000,
        "incometaxexpensebenefit": 798000000,
        "profitloss": 4179000000,
        "earningspersharebasic": 7.96,
        "weightedaveragenumberofsharesoutstandingbasic": 10000000,
        "earningspersharediluted": 7.95,
        "weightedaveragenumberofdilutedsharesoutstanding": 10000000,
        "othercomprehensiveincomeunrealizedholdinggainlossonsecuritiesarisingduringperiodbeforetax": 15000000,
        "othercomprehensiveincomeunrealizedholdinggainlossonsecuritiesarisingduringperiodtax": 3000000,
        "othercomprehensiveincomelosspensionandotherpostretirementbenefitplansadjustmentbeforereclassificationadjustmentsandtax": -2000000,
        "othercomprehensiveincomelosspensionandotherpostretirementbenefitplansbeforereclassificationadjustmentstax": -1000000,
        "othercomprehensiveincomelossamortizationadjustmentfromaocipensionandotherpostretirementbenefitplansfornetpriorservicecostcreditbeforetax": 1000000,
        "othercomprehensiveincomelosscashflowhedgegainlossbeforereclassificationandtax": -116000000,
        "othercomprehensiveincomelosscashflowhedgegainlossbeforereclassificationtax": -14000000,
        "othercomprehensiveincomelosscashflowhedgegainlossreclassificationbeforetax": 7000000,
        "othercomprehensiveincomelosscashflowhedgegainlossreclassificationtax": -4000000,
        "othercomprehensiveincomelossforeigncurrencytransactionandtranslationadjustmentnetoftax": 1209000000,
        "othercomprehensiveincomelossnetoftax": 1110000000,
        "comprehensiveincomenetoftaxincludingportionattributabletononcontrollinginterest": 5289000000
    },
    {
        "date": "2022-09-29",
        "symbol": "V",
        "period": "Q4",
        "revenuefromcontractwithcustomerexcludingassessedtax": 4363000000,
        "laborandrelatedexpense": 1356000000,
        "marketingandadvertisingexpense": 429000000,
        "communicationsandinformationtechnology": 185000000,
        "professionalfees": 163000000,
        "depreciationandamortization": 136000000,
        "generalandadministrativeexpense": 338000000,
        "costsandexpenses": 2700000000,
        "operatingincomeloss": 5087000000,
        "interestincomeexpensenet": -159000000,
        "othernonoperatingincomeexpense": -60000000,
        "nonoperatingincomeexpense": -219000000,
        "incomelossfromcontinuingoperationsbeforeincometaxesextraordinaryitemsnoncontrollinginterest": 4868000000,
        "incometaxexpensebenefit": 928000000,
        "profitloss": 3940000000,
        "earningspersharebasic": 7.450000000000003,
        "earningspersharediluted": 7.440000000000003,
        "othercomprehensiveincomeunrealizedholdinggainlossonsecuritiesarisingduringperiodbeforetax": -40000000,
        "othercomprehensiveincomeunrealizedholdinggainlossonsecuritiesarisingduringperiodtax": -8000000,
        "othercomprehensiveincomelosscashflowhedgegainlossreclassificationbeforetax": 19000000,
        "othercomprehensiveincomelossforeigncurrencytransactionandtranslationadjustmentnetoftax": -1232000000,
        "othercomprehensiveincomelossnetoftax": -1102000000,
        "comprehensiveincomenetoftaxincludingportionattributabletononcontrollinginterest": 2838000000
    },
    {
        "date": "2022-06-29",
        "symbol": "V",
        "period": "Q3",
        "revenuefromcontractwithcustomerexcludingassessedtax": 4105000000,
        "laborandrelatedexpense": 1283000000,
        "marketingandadvertisingexpense": 313000000,
        "communicationsandinformationtechnology": 178000000,
        "professionalfees": 117000000,
        "depreciationandamortization": 230000000,
        "generalandadministrativeexpense": 289000000,
        "costsandexpenses": 3127000000,
        "operatingincomeloss": 4148000000,
        "interestincomeexpensenet": -111000000,
        "othernonoperatingincomeexpense": -208000000,
        "nonoperatingincomeexpense": -319000000,
        "incomelossfromcontinuingoperationsbeforeincometaxesextraordinaryitemsnoncontrollinginterest": 3829000000,
        "incometaxexpensebenefit": 418000000,
        "profitloss": 3411000000,
        "earningspersharebasic": 6.419999999999998,
        "earningspersharediluted": 6.409999999999998,
        "othercomprehensiveincomeunrealizedholdinggainlossonsecuritiesarisingduringperiodbeforetax": -43000000,
        "othercomprehensiveincomeunrealizedholdinggainlossonsecuritiesarisingduringperiodtax": -10000000,
        "othercomprehensiveincomelosspensionandotherpostretirementbenefitplansadjustmentbeforereclassificationadjustmentsandtax": 0,
        "othercomprehensiveincomelossamortizationadjustmentfromaocipensionandotherpostretirementbenefitplansfornetpriorservicecostcreditbeforetax": 0,
        "othercomprehensiveincomelosscashflowhedgeandnetinvestmenthedgegainlossbeforereclassificationandtax": 348000000,
        "othercomprehensiveincomelosscashflowhedgeandnetinvestmenthedgegainlossbeforereclassificationtax": 68000000,
        "othercomprehensiveincomelosscashflowhedgegainlossreclassificationbeforetax": 9000000,
        "othercomprehensiveincomelossforeigncurrencytransactionandtranslationadjustmentnetoftax": -1100000000,
        "othercomprehensiveincomelossnetoftax": -862000000,
        "comprehensiveincomenetoftaxincludingportionattributabletononcontrollinginterest": 2549000000
    },
    {
        "date": "2022-03-30",
        "symbol": "V",
        "period": "Q2",
        "revenuefromcontractwithcustomerexcludingassessedtax": 4110000000,
        "laborandrelatedexpense": 1226000000,
        "marketingandadvertisingexpense": 314000000,
        "communicationsandinformationtechnology": 190000000,
        "professionalfees": 125000000,
        "depreciationandamortization": 207000000,
        "generalandadministrativeexpense": 325000000,
        "losscontingencylossinperiod": 0,
        "costsandexpenses": 2387000000,
        "operatingincomeloss": 4802000000,
        "interestincomeexpensenet": -134000000,
        "othernonoperatingincomeexpense": -126000000,
        "nonoperatingincomeexpense": -260000000,
        "incomelossfromcontinuingoperationsbeforeincometaxesextraordinaryitemsnoncontrollinginterest": 4542000000,
        "incometaxexpensebenefit": 895000000,
        "profitloss": 3647000000,
        "earningspersharebasic": 6.8100000000000005,
        "weightedaveragenumberofsharesoutstandingbasic": 0,
        "earningspersharediluted": 6.8100000000000005,
        "weightedaveragenumberofdilutedsharesoutstanding": 0,
        "othercomprehensiveincomeunrealizedholdinggainlossonsecuritiesarisingduringperiodbeforetax": -40000000,
        "othercomprehensiveincomeunrealizedholdinggainlossonsecuritiesarisingduringperiodtax": -8000000,
        "othercomprehensiveincomelosspensionandotherpostretirementbenefitplansadjustmentbeforereclassificationadjustmentsandtax": 2000000,
        "othercomprehensiveincomelossamortizationadjustmentfromaocipensionandotherpostretirementbenefitplansfornetpriorservicecostcreditbeforetax": 1000000,
        "othercomprehensiveincomelosscashflowhedgeandnetinvestmenthedgegainlossbeforereclassificationandtax": 77000000,
        "othercomprehensiveincomelosscashflowhedgeandnetinvestmenthedgegainlossbeforereclassificationtax": 13000000,
        "othercomprehensiveincomelosscashflowhedgegainlossreclassificationbeforetax": 33000000,
        "othercomprehensiveincomelossforeigncurrencytransactionandtranslationadjustmentnetoftax": -335000000,
        "othercomprehensiveincomelossnetoftax": -333000000,
        "comprehensiveincomenetoftaxincludingportionattributabletononcontrollinginterest": 3314000000
    },
    {
        "date": "2021-12-30",
        "symbol": "V",
        "period": "Q1",
        "revenuefromcontractwithcustomerexcludingassessedtax": 7059000000,
        "laborandrelatedexpense": 1125000000,
        "marketingandadvertisingexpense": 280000000,
        "communicationsandinformationtechnology": 190000000,
        "professionalfees": 100000000,
        "depreciationandamortization": 198000000,
        "generalandadministrativeexpense": 242000000,
        "losscontingencylossinperiod": 148000000,
        "costsandexpenses": 2283000000,
        "operatingincomeloss": 4776000000,
        "interestincomeexpensenet": -134000000,
        "othernonoperatingincomeexpense": 255000000,
        "nonoperatingincomeexpense": 121000000,
        "incomelossfromcontinuingoperationsbeforeincometaxesextraordinaryitemsnoncontrollinginterest": 4897000000,
        "incometaxexpensebenefit": 938000000,
        "profitloss": 3959000000,
        "earningspersharebasic": 1.84,
        "weightedaveragenumberofsharesoutstandingbasic": 1669000000,
        "earningspersharediluted": 1.83,
        "weightedaveragenumberofdilutedsharesoutstanding": 2159000000,
        "othercomprehensiveincomeunrealizedholdinggainlossonsecuritiesarisingduringperiodbeforetax": -10000000,
        "othercomprehensiveincomeunrealizedholdinggainlossonsecuritiesarisingduringperiodtax": -2000000,
        "othercomprehensiveincomelosspensionandotherpostretirementbenefitplansadjustmentbeforereclassificationadjustmentsandtax": -1000000,
        "othercomprehensiveincomelossamortizationadjustmentfromaocipensionandotherpostretirementbenefitplansfornetpriorservicecostcreditbeforetax": 1000000,
        "othercomprehensiveincomelosscashflowhedgeandnetinvestmenthedgegainlossbeforereclassificationandtax": 114000000,
        "othercomprehensiveincomelosscashflowhedgeandnetinvestmenthedgegainlossbeforereclassificationtax": 22000000,
        "othercomprehensiveincomelosscashflowhedgegainlossreclassificationbeforetax": 6000000,
        "othercomprehensiveincomelossforeigncurrencytransactionandtranslationadjustmentnetoftax": -588000000,
        "othercomprehensiveincomelossnetoftax": -508000000,
        "comprehensiveincomenetoftaxincludingportionattributabletononcontrollinginterest": 3451000000
    },
    {
        "date": "2021-09-29",
        "symbol": "V",
        "period": "Q4",
        "revenuefromcontractwithcustomerexcludingassessedtax": 3555000000,
        "laborandrelatedexpense": 1047000000,
        "marketingandadvertisingexpense": 457000000,
        "communicationsandinformationtechnology": 192000000,
        "professionalfees": 130000000,
        "depreciationandamortization": 119000000,
        "generalandadministrativeexpense": 215000000,
        "losscontingencylossinperiod": 1000000,
        "costsandexpenses": 2244000000,
        "operatingincomeloss": 4315000000,
        "interestincomeexpensenet": -125000000,
        "othernonoperatingincomeexpense": 108000000,
        "nonoperatingincomeexpense": -17000000,
        "incometaxexpensebenefit": 714000000,
        "profitloss": 3584000000,
        "earningspersharebasic": 6.590000000000001,
        "earningspersharediluted": 6.59,
        "othercomprehensiveincomeunrealizedholdinggainlossonsecuritiesarisingduringperiodbeforetax": 0,
        "othercomprehensiveincomelossamortizationadjustmentfromaocipensionandotherpostretirementbenefitplansfornetpriorservicecostcreditbeforetax": 0,
        "othercomprehensiveincomelosscashflowhedgeandnetinvestmenthedgegainlossbeforereclassificationandtax": 131000000,
        "othercomprehensiveincomelosscashflowhedgeandnetinvestmenthedgegainlossbeforereclassificationtax": 29000000,
        "othercomprehensiveincomelosscashflowhedgegainlossreclassificationbeforetax": -14000000,
        "othercomprehensiveincomelossforeigncurrencytransactionandtranslationadjustmentnetoftax": -417000000,
        "othercomprehensiveincomelossnetoftax": -165000000,
        "comprehensiveincomenetoftaxincludingportionattributabletononcontrollinginterest": 3419000000
    },
    {
        "date": "2021-06-29",
        "symbol": "V",
        "period": "Q3",
        "revenuefromcontractwithcustomerexcludingassessedtax": 6130000000,
        "laborandrelatedexpense": 1098000000,
        "marketingandadvertisingexpense": 268000000,
        "communicationsandinformationtechnology": 186000000,
        "professionalfees": 108000000,
        "depreciationandamortization": 204000000,
        "generalandadministrativeexpense": 204000000,
        "losscontingencylossinperiod": -2000000,
        "costsandexpenses": 2066000000,
        "operatingincomeloss": 4064000000,
        "interestincomeexpensenet": -131000000,
        "othernonoperatingincomeexpense": 456000000,
        "nonoperatingincomeexpense": 325000000,
        "incomelossfromcontinuingoperationsbeforeincometaxesminorityinterestandincomelossfromequitymethodinvestments": 4389000000,
        "incometaxexpensebenefit": 1814000000,
        "profitloss": 2575000000,
        "earningspersharebasic": 1.1900000000000004,
        "weightedaveragenumberofsharesoutstandingbasic": -2000000,
        "earningspersharediluted": 1.1800000000000002,
        "weightedaveragenumberofdilutedsharesoutstanding": -4000000,
        "othercomprehensiveincomeunrealizedholdinggainlossonsecuritiesarisingduringperiodbeforetax": -2000000,
        "othercomprehensiveincomelosspensionandotherpostretirementbenefitplansadjustmentbeforereclassificationadjustmentsandtax": 0,
        "othercomprehensiveincomelosspensionandotherpostretirementbenefitplansbeforereclassificationadjustmentstax": 0,
        "othercomprehensiveincomelossamortizationadjustmentfromaocipensionandotherpostretirementbenefitplansfornetpriorservicecostcreditbeforetax": 7000000,
        "othercomprehensiveincomelosscashflowhedgeandnetinvestmenthedgegainlossbeforereclassificationandtax": -95000000,
        "othercomprehensiveincomelosscashflowhedgeandnetinvestmenthedgegainlossbeforereclassificationtax": -22000000,
        "othercomprehensiveincomelosscashflowhedgegainlossreclassificationbeforetax": -14000000,
        "othercomprehensiveincomelossforeigncurrencytransactionandtranslationadjustmentnetoftax": 287000000,
        "othercomprehensiveincomelossnetoftax": 229000000,
        "comprehensiveincomenetoftaxincludingportionattributabletononcontrollinginterest": 2804000000
    },
    {
        "date": "2021-03-30",
        "symbol": "V",
        "period": "Q2",
        "revenuefromcontractwithcustomerexcludingassessedtax": 5729000000,
        "laborandrelatedexpense": 1114000000,
        "marketingandadvertisingexpense": 206000000,
        "communicationsandinformationtechnology": 179000000,
        "professionalfees": 82000000,
        "depreciationandamortization": 201000000,
        "generalandadministrativeexpense": 363000000,
        "losscontingencylossinperiod": 3000000,
        "costsandexpenses": 2148000000,
        "operatingincomeloss": 3581000000,
        "interestincomeexpensenet": -121000000,
        "othernonoperatingincomeexpense": 168000000,
        "nonoperatingincomeexpense": 47000000,
        "incomelossfromcontinuingoperationsbeforeincometaxesminorityinterestandincomelossfromequitymethodinvestments": 3628000000,
        "incometaxexpensebenefit": 602000000,
        "profitloss": 3026000000,
        "earningspersharebasic": 1.38,
        "weightedaveragenumberofsharesoutstandingbasic": 1000000,
        "earningspersharediluted": 1.38,
        "weightedaveragenumberofdilutedsharesoutstanding": -4000000,
        "othercomprehensiveincomeunrealizedholdinggainlossonsecuritiesarisingduringperiodbeforetax": -1000000,
        "othercomprehensiveincomelosspensionandotherpostretirementbenefitplansadjustmentbeforereclassificationadjustmentsandtax": 2000000,
        "othercomprehensiveincomelosspensionandotherpostretirementbenefitplansbeforereclassificationadjustmentstax": 1000000,
        "othercomprehensiveincomelossamortizationadjustmentfromaocipensionandotherpostretirementbenefitplansfornetpriorservicecostcreditbeforetax": 3000000,
        "othercomprehensiveincomelossamortizationadjustmentfromaocipensionandotherpostretirementbenefitplansfornetpriorservicecostcredittax": 0,
        "othercomprehensiveincomelosscashflowhedgeandnetinvestmenthedgegainlossbeforereclassificationandtax": 280000000,
        "othercomprehensiveincomelosscashflowhedgeandnetinvestmenthedgegainlossbeforereclassificationtax": 57000000,
        "othercomprehensiveincomelosscashflowhedgegainlossreclassificationbeforetax": -5000000,
        "othercomprehensiveincomelosscashflowhedgegainlossreclassificationtax": 0,
        "othercomprehensiveincomelossforeigncurrencytransactionandtranslationadjustmentnetoftax": -1011000000,
        "othercomprehensiveincomelossnetoftax": -782000000,
        "comprehensiveincomenetoftaxincludingportionattributabletononcontrollinginterest": 2244000000
    },
    {
        "date": "2020-12-30",
        "symbol": "V",
        "period": "Q1",
        "revenuefromcontractwithcustomerexcludingassessedtax": 5687000000,
        "laborandrelatedexpense": 981000000,
        "marketingandadvertisingexpense": 205000000,
        "communicationsandinformationtechnology": 173000000,
        "professionalfees": 83000000,
        "depreciationandamortization": 197000000,
        "generalandadministrativeexpense": 203000000,
        "losscontingencylossinperiod": 1000000,
        "costsandexpenses": 1843000000,
        "operatingincomeloss": 3844000000,
        "interestincomeexpensenet": -136000000,
        "othernonoperatingincomeexpense": 40000000,
        "nonoperatingincomeexpense": -96000000,
        "incomelossfromcontinuingoperationsbeforeincometaxesminorityinterestandincomelossfromequitymethodinvestments": 3748000000,
        "incometaxexpensebenefit": 622000000,
        "profitloss": 3126000000,
        "earningspersharebasic": 1.42,
        "weightedaveragenumberofsharesoutstandingbasic": 1694000000,
        "earningspersharediluted": 1.42,
        "weightedaveragenumberofdilutedsharesoutstanding": 2200000000,
        "othercomprehensiveincomeunrealizedholdinggainlossonsecuritiesarisingduringperiodbeforetax": -1000000,
        "othercomprehensiveincomelosspensionandotherpostretirementbenefitplansadjustmentbeforereclassificationadjustmentsandtax": 1000000,
        "othercomprehensiveincomelosspensionandotherpostretirementbenefitplansbeforereclassificationadjustmentstax": 1000000,
        "othercomprehensiveincomelossamortizationadjustmentfromaocipensionandotherpostretirementbenefitplansfornetpriorservicecostcreditbeforetax": 3000000,
        "othercomprehensiveincomelossamortizationadjustmentfromaocipensionandotherpostretirementbenefitplansfornetpriorservicecostcredittax": 1000000,
        "othercomprehensiveincomelosscashflowhedgeandnetinvestmenthedgegainlossbeforereclassificationandtax": -297000000,
        "othercomprehensiveincomelosscashflowhedgeandnetinvestmenthedgegainlossbeforereclassificationtax": -63000000,
        "othercomprehensiveincomelosscashflowhedgegainlossreclassificationbeforetax": 18000000,
        "othercomprehensiveincomelosscashflowhedgegainlossreclassificationtax": 5000000,
        "othercomprehensiveincomelossforeigncurrencytransactionandtranslationadjustmentnetoftax": 1046000000,
        "othercomprehensiveincomelossnetoftax": 800000000,
        "comprehensiveincomenetoftaxincludingportionattributabletononcontrollinginterest": 3926000000
    },
    {
        "date": "2019-12-30",
        "symbol": "V",
        "period": "Q1",
        "profitloss": 3272000000,
        "othercomprehensiveincomelosspensionandotherpostretirementbenefitplansadjustmentbeforereclassificationadjustmentsandtax": 1000000,
        "othercomprehensiveincomelossamortizationadjustmentfromaocipensionandotherpostretirementbenefitplansfornetpriorservicecostcreditbeforetax": 4000000,
        "othercomprehensiveincomelossamortizationadjustmentfromaocipensionandotherpostretirementbenefitplansfornetpriorservicecostcredittax": 1000000,
        "othercomprehensiveincomelosscashflowhedgegainlossbeforereclassificationandtax": -188000000,
        "othercomprehensiveincomelosscashflowhedgegainlossbeforereclassificationtax": -39000000,
        "othercomprehensiveincomelosscashflowhedgegainlossreclassificationbeforetax": 2000000,
        "othercomprehensiveincomelosscashflowhedgegainlossreclassificationtax": 1000000,
        "othercomprehensiveincomelossforeigncurrencytransactionandtranslationadjustmentnetoftax": 483000000,
        "othercomprehensiveincomelossnetoftax": 335000000,
        "comprehensiveincomenetoftaxincludingportionattributabletononcontrollinginterest": 3607000000,
        "revenuefromcontractwithcustomerexcludingassessedtax": 6054000000,
        "laborandrelatedexpense": 982000000,
        "marketingandadvertisingexpense": 274000000,
        "communicationsandinformationtechnology": 181000000,
        "professionalfees": 106000000,
        "depreciationandamortization": 182000000,
        "generalandadministrativeexpense": 313000000,
        "costsandexpenses": 2038000000,
        "operatingincomeloss": 4016000000,
        "interestincomeexpensenet": -111000000,
        "othernonoperatingincomeexpense": 69000000,
        "nonoperatingincomeexpense": -42000000,
        "incomelossfromcontinuingoperationsbeforeincometaxesminorityinterestandincomelossfromequitymethodinvestments": 3974000000,
        "incometaxexpensebenefit": 702000000,
        "earningspersharebasic": 1.46,
        "weightedaveragenumberofsharesoutstandingbasic": 1713000000,
        "earningspersharediluted": 1.46,
        "weightedaveragenumberofdilutedsharesoutstanding": 2240000000
    },
    {
        "date": "2018-12-30",
        "symbol": "V",
        "period": "Q1",
        "profitloss": 2962000000,
        "othercomprehensiveincomeunrealizedholdinggainlossonsecuritiesarisingduringperiodbeforetax": 8000000,
        "othercomprehensiveincomeunrealizedholdinggainlossonsecuritiesarisingduringperiodtax": 2000000,
        "othercomprehensiveincomelosspensionandotherpostretirementbenefitplansnetunamortizedgainlossarisingduringperiodbeforetax": -7000000,
        "othercomprehensiveincomedefinedbenefitplansnetunamortizedgainlossarisingduringperiodtax": -1000000,
        "othercomprehensiveincomeunrealizedgainlossonderivativesarisingduringperiodbeforetax": 38000000,
        "othercomprehensiveincomeunrealizedgainlossonderivativesarisingduringperiodtax": 10000000,
        "othercomprehensiveincomelossreclassificationadjustmentfromaocionderivativesbeforetax": 25000000,
        "othercomprehensiveincomelossreclassificationadjustmentfromaocionderivativestax": 5000000,
        "othercomprehensiveincomelossforeigncurrencytransactionandtranslationadjustmentnetoftax": -287000000,
        "othercomprehensiveincomelossnetoftax": -279000000,
        "comprehensiveincomenetoftaxincludingportionattributabletononcontrollinginterest": 2698000000,
        "revenues": 5454000000,
        "laborandrelatedexpense": 807000000,
        "marketingandadvertisingexpense": 246000000,
        "communicationsandinformationtechnology": 173000000,
        "professionalfees": 88000000,
        "depreciationandamortization": 159000000,
        "generalandadministrativeexpense": 273000000,
        "losscontingencylossinperiod": 7000000,
        "costsandexpenses": 1753000000,
        "operatingincomeloss": 3701000000,
        "interestincomeexpensenet": -145000000,
        "othernonoperatingincomeexpense": 58000000,
        "nonoperatingincomeexpense": -87000000,
        "incomelossfromcontinuingoperationsbeforeincometaxesminorityinterestandincomelossfromequitymethodinvestments": 3614000000,
        "incometaxexpensebenefit": 652000000,
        "earningspersharebasic": 5.2,
        "weightedaveragenumberofsharesoutstandingbasic": 12000000,
        "earningspersharediluted": 5.2,
        "weightedaveragenumberofdilutedsharesoutstanding": 12000000
    },
    {
        "date": "2017-12-30",
        "symbol": "V",
        "period": "Q1",
        "profitloss": 2522000000,
        "othercomprehensiveincomeunrealizedholdinggainlossonsecuritiesarisingduringperiodbeforetax": 9000000,
        "othercomprehensiveincomeunrealizedholdinggainlossonsecuritiesarisingduringperiodtax": 3000000,
        "othercomprehensiveincomelossreclassificationadjustmentfromaociforsaleofsecuritiesbeforetax": 28000000,
        "othercomprehensiveincomelossreclassificationadjustmentfromaociforsaleofsecuritiestax": 10000000,
        "othercomprehensiveincomeunrealizedgainlossonderivativesarisingduringperiodbeforetax": -1000000,
        "othercomprehensiveincomeunrealizedgainlossonderivativesarisingduringperiodtax": 5000000,
        "othercomprehensiveincomelossreclassificationadjustmentfromaocionderivativesbeforetax": -11000000,
        "othercomprehensiveincomelossreclassificationadjustmentfromaocionderivativestax": -2000000,
        "othercomprehensiveincomelossforeigncurrencytransactionandtranslationadjustmentnetoftax": 334000000,
        "othercomprehensiveincomelossnetoftax": 325000000,
        "comprehensiveincomenetoftaxincludingportionattributabletononcontrollinginterest": 2847000000,
        "servicefees": 2146000000,
        "dataprocessingfees": 2147000000,
        "internationaltransactionrevenues": 1666000000,
        "othersalesrevenuenet": 229000000,
        "clientincentives": 1326000000,
        "revenues": 4862000000,
        "laborandrelatedexpense": 679000000,
        "marketingandadvertisingexpense": 223000000,
        "communicationsandinformationtechnology": 160000000,
        "professionalfees": 92000000,
        "depreciationandamortization": 145000000,
        "generalandadministrativeexpense": 236000000,
        "costsandexpenses": 1535000000,
        "operatingincomeloss": 3327000000,
        "interestincomeexpensenet": -154000000,
        "othernonoperatingincomeexpense": 66000000,
        "nonoperatingincomeexpense": -88000000,
        "incomelossfromcontinuingoperationsbeforeincometaxesminorityinterestandincomelossfromequitymethodinvestments": 3239000000,
        "incometaxexpensebenefit": 717000000,
        "earningspersharebasic": 4.3,
        "weightedaveragenumberofsharesoutstandingbasic": 13000000,
        "earningspersharediluted": 4.29,
        "weightedaveragenumberofdilutedsharesoutstanding": 13000000
    },
    {
        "date": "2017-03-30",
        "symbol": "V",
        "period": "Q2",
        "profitloss": 430000000,
        "othercomprehensiveincomeunrealizedholdinggainlossonsecuritiesarisingduringperiodbeforetax": 19000000,
        "othercomprehensiveincomeunrealizedholdinggainlossonsecuritiesarisingduringperiodtax": 7000000,
        "othercomprehensiveincomelossreclassificationadjustmentfromaociforsaleofsecuritiesbeforetax": -1000000,
        "othercomprehensiveincomelosspensionandotherpostretirementbenefitplansnetunamortizedgainlossarisingduringperiodbeforetax": -5000000,
        "othercomprehensiveincomedefinedbenefitplansnetunamortizedgainlossarisingduringperiodtax": -2000000,
        "othercomprehensiveincomelossamortizationadjustmentfromaocipensionandotherpostretirementbenefitplansfornetpriorservicecostcreditbeforetax": 15000000,
        "othercomprehensiveincomelossamortizationadjustmentfromaocipensionandotherpostretirementbenefitplansfornetpriorservicecostcredittax": 7000000,
        "othercomprehensiveincomeunrealizedgainlossonderivativesarisingduringperiodbeforetax": -49000000,
        "othercomprehensiveincomeunrealizedgainlossonderivativesarisingduringperiodtax": -11000000,
        "othercomprehensiveincomelossreclassificationadjustmentfromaocionderivativesbeforetax": -8000000,
        "othercomprehensiveincomelossreclassificationadjustmentfromaocionderivativestax": -3000000,
        "othercomprehensiveincomelossforeigncurrencytransactionandtranslationadjustmentnetoftax": 404000000,
        "othercomprehensiveincomelossnetoftax": 389000000,
        "comprehensiveincomenetoftaxincludingportionattributabletononcontrollinginterest": 819000000,
        "servicefees": 1993000000,
        "dataprocessingfees": 1843000000,
        "internationaltransactionrevenues": 1469000000,
        "othersalesrevenuenet": 203000000,
        "clientincentives": 1031000000,
        "revenues": 4477000000,
        "laborandrelatedexpense": 704000000,
        "marketingandadvertisingexpense": 193000000,
        "communicationsandinformationtechnology": 150000000,
        "professionalfees": 83000000,
        "depreciationandamortization": 131000000,
        "generalandadministrativeexpense": 406000000,
        "losscontingencylossinperiod": 2000000,
        "costsandexpenses": 1669000000,
        "operatingincomeloss": 2808000000,
        "interestincomeexpensenet": -135000000,
        "othernonoperatingincomeexpense": 29000000,
        "nonoperatingincomeexpense": -106000000,
        "incomelossfromcontinuingoperationsbeforeincometaxesminorityinterestandincomelossfromequitymethodinvestments": 2702000000,
        "incometaxexpensebenefit": 1500000000,
        "earningspersharebasic": 0.72,
        "weightedaveragenumberofsharesoutstandingbasic": 15000000,
        "earningspersharediluted": 0.72,
        "weightedaveragenumberofdilutedsharesoutstanding": 15000000
    },
    {
        "date": "2016-12-30",
        "symbol": "V",
        "period": "Q1",
        "profitloss": 2070000000,
        "othercomprehensiveincomeunrealizedholdinggainlossonsecuritiesarisingduringperiodbeforetax": -3000000,
        "othercomprehensiveincomeunrealizedholdinggainlossonsecuritiesarisingduringperiodtax": 1000000,
        "othercomprehensiveincomelossamortizationadjustmentfromaocipensionandotherpostretirementbenefitplansfornetpriorservicecostcreditbeforetax": 6000000,
        "othercomprehensiveincomelossamortizationadjustmentfromaocipensionandotherpostretirementbenefitplansfornetpriorservicecostcredittax": 2000000,
        "othercomprehensiveincomeunrealizedgainlossonderivativesarisingduringperiodbeforetax": 74000000,
        "othercomprehensiveincomeunrealizedgainlossonderivativesarisingduringperiodtax": 7000000,
        "othercomprehensiveincomelossreclassificationadjustmentfromaocionderivativesbeforetax": -12000000,
        "othercomprehensiveincomelossreclassificationadjustmentfromaocionderivativestax": -2000000,
        "othercomprehensiveincomelossforeigncurrencytransactionandtranslationadjustmentnetoftax": -988000000,
        "othercomprehensiveincomelossnetoftax": -911000000,
        "comprehensiveincomenetoftaxincludingportionattributabletononcontrollinginterest": 1159000000,
        "servicefees": 1918000000,
        "dataprocessingfees": 1892000000,
        "internationaltransactionrevenues": 1489000000,
        "othersalesrevenuenet": 203000000,
        "clientincentives": 1041000000,
        "revenues": 4461000000,
        "laborandrelatedexpense": 571000000,
        "marketingandadvertisingexpense": 218000000,
        "communicationsandinformationtechnology": 145000000,
        "professionalfees": 80000000,
        "depreciationandamortization": 146000000,
        "generalandadministrativeexpense": 186000000,
        "losscontingencylossinperiod": 15000000,
        "costsandexpenses": 1361000000,
        "operatingincomeloss": 3100000000,
        "interestincomeexpensenet": -140000000,
        "othernonoperatingincomeexpense": 19000000,
        "nonoperatingincomeexpense": -121000000,
        "incomelossfromcontinuingoperationsbeforeincometaxesminorityinterestandincomelossfromequitymethodinvestments": 2979000000,
        "incometaxexpensebenefit": -26000000,
        "earningspersharebasic": 3.43,
        "weightedaveragenumberofsharesoutstandingbasic": 17000000,
        "earningspersharediluted": 3.42,
        "weightedaveragenumberofdilutedsharesoutstanding": 17000000
    },
    {
        "date": "2015-12-30",
        "symbol": "V",
        "period": "Q1",
        "profitloss": 1941000000,
        "othercomprehensiveincomeunrealizedholdinggainlossonsecuritiesarisingduringperiodbeforetax": 34000000,
        "othercomprehensiveincomeunrealizedholdinggainlossonsecuritiesarisingduringperiodtax": 16000000,
        "othercomprehensiveincomelosspensionandotherpostretirementbenefitplansnetunamortizedgainlossarisingduringperiodbeforetax": 56000000,
        "othercomprehensiveincomedefinedbenefitplansnetunamortizedgainlossarisingduringperiodtax": 21000000,
        "othercomprehensiveincomelossamortizationadjustmentfromaocipensionandotherpostretirementbenefitplansfornetpriorservicecostcreditbeforetax": -7000000,
        "othercomprehensiveincomelossamortizationadjustmentfromaocipensionandotherpostretirementbenefitplansfornetpriorservicecostcredittax": -2000000,
        "othercomprehensiveincomeunrealizedgainlossonderivativesarisingduringperiodbeforetax": 16000000,
        "othercomprehensiveincomeunrealizedgainlossonderivativesarisingduringperiodtax": 5000000,
        "othercomprehensiveincomelossreclassificationadjustmentfromaocionderivativesbeforetax": 48000000,
        "othercomprehensiveincomelossreclassificationadjustmentfromaocionderivativestax": 14000000,
        "othercomprehensiveincomelossnetoftax": 25000000,
        "comprehensiveincomenetoftaxincludingportionattributabletononcontrollinginterest": 1966000000,
        "servicefees": 1645000000,
        "dataprocessingfees": 1479000000,
        "internationaltransactionrevenues": 1031000000,
        "othersalesrevenuenet": 198000000,
        "clientincentives": 788000000,
        "revenues": 3565000000,
        "laborandrelatedexpense": 499000000,
        "marketingandadvertisingexpense": 194000000,
        "communicationsandinformationtechnology": 128000000,
        "professionalfees": 72000000,
        "depreciationandamortization": 120000000,
        "generalandadministrativeexpense": 156000000,
        "costsandexpenses": 1169000000,
        "operatingincomeloss": 2396000000,
        "interestexpense": 29000000,
        "othernonoperatingincomeexpense": 272000000,
        "nonoperatingincomeexpense": 243000000,
        "incomelossfromcontinuingoperationsbeforeincometaxesminorityinterestandincomelossfromequitymethodinvestments": 2639000000,
        "incometaxexpensebenefit": 698000000,
        "earningspersharebasic": 3.2,
        "weightedaveragenumberofsharesoutstandingbasic": 20000000,
        "earningspersharediluted": 3.2,
        "weightedaveragenumberofdilutedsharesoutstanding": 20000000
    },
    {
        "date": "2015-03-30",
        "symbol": "V",
        "period": "Q2",
        "profitloss": 1550000000,
        "othercomprehensiveincomeunrealizedholdinggainlossonsecuritiesarisingduringperiodbeforetax": -9000000,
        "othercomprehensiveincomeunrealizedholdinggainlossonsecuritiesarisingduringperiodtax": -4000000,
        "othercomprehensiveincomelosspensionandotherpostretirementbenefitplansnetunamortizedgainlossarisingduringperiodbeforetax": -6000000,
        "othercomprehensiveincomedefinedbenefitplansnetunamortizedgainlossarisingduringperiodtax": -1000000,
        "othercomprehensiveincomelossamortizationadjustmentfromaocipensionandotherpostretirementbenefitplansfornetpriorservicecostcreditbeforetax": 1000000,
        "othercomprehensiveincomeunrealizedgainlossonderivativesarisingduringperiodbeforetax": 65000000,
        "othercomprehensiveincomeunrealizedgainlossonderivativesarisingduringperiodtax": 20000000,
        "othercomprehensiveincomelossreclassificationadjustmentfromaocionderivativesbeforetax": 20000000,
        "othercomprehensiveincomelossreclassificationadjustmentfromaocionderivativestax": 5000000,
        "othercomprehensiveincomelossnetoftax": 21000000,
        "comprehensiveincomenetoftaxincludingportionattributabletononcontrollinginterest": 1571000000,
        "servicefees": 1577000000,
        "dataprocessingfees": 1340000000,
        "internationaltransactionrevenues": 964000000,
        "othersalesrevenuenet": 204000000,
        "clientincentives": 676000000,
        "revenues": 3409000000,
        "laborandrelatedexpense": 483000000,
        "marketingandadvertisingexpense": 190000000,
        "communicationsandinformationtechnology": 109000000,
        "professionalfees": 77000000,
        "depreciationandamortization": 125000000,
        "generalandadministrativeexpense": 141000000,
        "losscontingencylossinperiod": 3000000,
        "costsandexpenses": 1128000000,
        "operatingincomeloss": 2281000000,
        "nonoperatingincomeexpense": 1000000,
        "incomelossfromcontinuingoperationsbeforeincometaxesminorityinterestandincomelossfromequitymethodinvestments": 2282000000,
        "incometaxexpensebenefit": 732000000,
        "earningspersharebasic": 2.53,
        "weightedaveragenumberofsharesoutstandingbasic": 20000000,
        "earningspersharediluted": 2.52,
        "weightedaveragenumberofdilutedsharesoutstanding": 20000000
    },
    {
        "date": "2014-12-30",
        "symbol": "V",
        "period": "Q1",
        "profitloss": 1569000000,
        "othercomprehensiveincomeunrealizedholdinggainlossonsecuritiesarisingduringperiodbeforetax": -10000000,
        "othercomprehensiveincomeunrealizedholdinggainlossonsecuritiesarisingduringperiodtax": -3000000,
        "othercomprehensiveincomelossreclassificationadjustmentfromaociforsaleofsecuritiesbeforetax": 21000000,
        "othercomprehensiveincomelossreclassificationadjustmentfromaociforsaleofsecuritiestax": 8000000,
        "othercomprehensiveincomelosspensionandotherpostretirementbenefitplansnetunamortizedgainlossarisingduringperiodbeforetax": 6000000,
        "othercomprehensiveincomedefinedbenefitplansnetunamortizedgainlossarisingduringperiodtax": 1000000,
        "othercomprehensiveincomelossreclassificationadjustmentfromaocipensionandotherpostretirementbenefitplansfornetgainlossbeforetax": 1000000,
        "othercomprehensiveincomeunrealizedgainlossonderivativesarisingduringperiodbeforetax": 63000000,
        "othercomprehensiveincomeunrealizedgainlossonderivativesarisingduringperiodtax": 17000000,
        "othercomprehensiveincomelossreclassificationadjustmentfromaocionderivativesbeforetax": 6000000,
        "othercomprehensiveincomelossreclassificationadjustmentfromaocionderivativestax": 2000000,
        "othercomprehensiveincomelossforeigncurrencytransactionandtranslationadjustmentnetoftax": 1000000,
        "othercomprehensiveincomelossnetoftax": 27000000,
        "comprehensiveincomenetoftaxincludingportionattributabletononcontrollinginterest": 1596000000,
        "servicefees": 1538000000,
        "dataprocessingfees": 1383000000,
        "internationaltransactionrevenues": 970000000,
        "othersalesrevenuenet": 204000000,
        "clientincentives": 713000000,
        "revenues": 3382000000,
        "laborandrelatedexpense": 509000000,
        "marketingandadvertisingexpense": 205000000,
        "communicationsandinformationtechnology": 114000000,
        "professionalfees": 70000000,
        "depreciationandamortization": 120000000,
        "generalandadministrativeexpense": 126000000,
        "costsandexpenses": 1144000000,
        "operatingincomeloss": 2238000000,
        "nonoperatingincomeexpense": 24000000,
        "incomelossfromcontinuingoperationsbeforeincometaxesandminorityinterest": 2262000000,
        "incometaxexpensebenefit": 693000000,
        "earningspersharebasic": 2.54,
        "weightedaveragenumberofsharesoutstandingbasic": 22000000,
        "earningspersharediluted": 2.53,
        "weightedaveragenumberofdilutedsharesoutstanding": 22000000
    },
    {
        "date": "2014-03-30",
        "symbol": "V",
        "period": "Q2",
        "profitloss": 1598000000,
        "othercomprehensiveincomeunrealizedholdinggainlossonsecuritiesarisingduringperiodbeforetax": 11000000,
        "othercomprehensiveincomeunrealizedholdinggainlossonsecuritiesarisingduringperiodtax": 4000000,
        "othercomprehensiveincomelosspensionandotherpostretirementbenefitplansnetunamortizedgainlossarisingduringperiodbeforetax": -8000000,
        "othercomprehensiveincomelosspensionandotherpostretirementbenefitplanstax": 3000000,
        "othercomprehensiveincomelossamortizationadjustmentfromaocipensionandotherpostretirementbenefitplansfornetpriorservicecostcreditbeforetax": -5000000,
        "othercomprehensiveincomelossamortizationadjustmentfromaocipensionandotherpostretirementbenefitplansfornetpriorservicecostcredittax": -2000000,
        "othercomprehensiveincomeunrealizedgainlossonderivativesarisingduringperiodbeforetax": -7000000,
        "othercomprehensiveincomeunrealizedgainlossonderivativesarisingduringperiodtax": -1000000,
        "othercomprehensiveincomelossreclassificationadjustmentfromaocionderivativesbeforetax": 12000000,
        "othercomprehensiveincomelossreclassificationadjustmentfromaocionderivativestax": 2000000,
        "othercomprehensiveincomelossnetoftax": -17000000,
        "comprehensiveincomenetoftaxincludingportionattributabletononcontrollinginterest": 1581000000,
        "servicefees": 1462000000,
        "dataprocessingfees": 1234000000,
        "internationaltransactionrevenues": 871000000,
        "othersalesrevenuenet": 183000000,
        "clientincentives": 587000000,
        "revenues": 3163000000,
        "laborandrelatedexpense": 446000000,
        "marketingandadvertisingexpense": 245000000,
        "communicationsandinformationtechnology": 120000000,
        "professionalfees": 77000000,
        "depreciationandamortization": 107000000,
        "generalandadministrativeexpense": 120000000,
        "costsandexpenses": 1115000000,
        "operatingincomeloss": 2048000000,
        "nonoperatingincomeexpense": 13000000,
        "incomelossfromcontinuingoperationsbeforeincometaxesandminorityinterest": 2061000000,
        "incometaxexpensebenefit": 463000000,
        "earningspersharebasic": 1.06,
        "weightedaveragenumberofsharesoutstandingbasic": 245000000,
        "earningspersharediluted": 2.52,
        "weightedaveragenumberofdilutedsharesoutstanding": 245000000
    },
    {
        "date": "2013-12-30",
        "symbol": "V",
        "period": "Q1",
        "profitloss": 1407000000,
        "othercomprehensiveincomeunrealizedholdinggainlossonsecuritiesarisingduringperiodbeforetax": 17000000,
        "othercomprehensiveincomeunrealizedholdinggainlossonsecuritiesarisingduringperiodtax": 6000000,
        "othercomprehensiveincomelosspensionandotherpostretirementbenefitplansnetunamortizedgainlossarisingduringperiodbeforetax": 1000000,
        "othercomprehensiveincomelossamortizationadjustmentfromaocipensionandotherpostretirementbenefitplansfornetpriorservicecostcreditbeforetax": -2000000,
        "othercomprehensiveincomelosspensionandotherpostretirementbenefitplanstax": 1000000,
        "othercomprehensiveincomeunrealizedgainlossonderivativesarisingduringperiodbeforetax": 24000000,
        "othercomprehensiveincomeunrealizedgainlossonderivativesarisingduringperiodtax": 4000000,
        "othercomprehensiveincomelossreclassificationadjustmentfromaocionderivativesbeforetax": 11000000,
        "othercomprehensiveincomelossreclassificationadjustmentfromaocionderivativestax": 2000000,
        "othercomprehensiveincomelossnetoftax": 22000000,
        "comprehensiveincomenetoftaxincludingportionattributabletononcontrollinginterest": 1429000000,
        "servicefees": 1419000000,
        "dataprocessingfees": 1264000000,
        "internationaltransactionrevenues": 891000000,
        "othersalesrevenuenet": 180000000,
        "clientincentives": 599000000,
        "revenues": 3155000000,
        "laborandrelatedexpense": 470000000,
        "marketingandadvertisingexpense": 186000000,
        "communicationsandinformationtechnology": 132000000,
        "professionalfees": 75000000,
        "depreciationandamortization": 107000000,
        "generalandadministrativeexpense": 108000000,
        "costsandexpenses": 1078000000,
        "operatingincomeloss": 2077000000,
        "nonoperatingincomeexpense": 6000000,
        "incomelossfromcontinuingoperationsbeforeincometaxesandminorityinterest": 2083000000,
        "incometaxexpensebenefit": 676000000,
        "earningspersharebasic": 2.21,
        "weightedaveragenumberofsharesoutstandingbasic": 505000000,
        "earningspersharediluted": 2.2,
        "weightedaveragenumberofdilutedsharesoutstanding": 639000000
    },
    {
        "date": "2012-12-30",
        "symbol": "V",
        "period": "Q1",
        "profitloss": 1293000000,
        "othercomprehensiveincomeunrealizedholdinggainlossonsecuritiesarisingduringperiodbeforetax": 48000000,
        "othercomprehensiveincomeunrealizedholdinggainlossonsecuritiesarisingduringperiodtax": 17000000,
        "othercomprehensiveincomelosspensionandotherpostretirementbenefitplansadjustmentbeforetax": 3000000,
        "othercomprehensiveincomelosspensionandotherpostretirementbenefitplanstax": -1000000,
        "othercomprehensiveincomeunrealizedgainlossonderivativesarisingduringperiodbeforetax": 9000000,
        "othercomprehensiveincomelossreclassificationadjustmentonderivativesincludedinnetincomebeforetax": 11000000,
        "othercomprehensiveincomelossreclassificationadjustmentonderivativesincludedinnetincometax": -3000000,
        "othercomprehensiveincomelossnetoftax": 34000000,
        "comprehensiveincomenetoftaxincludingportionattributabletononcontrollinginterest": 1327000000,
        "comprehensiveincomenetoftax": 1327000000,
        "servicefees": 1300000000,
        "dataprocessingfees": 1115000000,
        "internationaltransactionrevenues": 805000000,
        "othersalesrevenuenet": 179000000,
        "clientincentives": 553000000,
        "revenues": 2846000000,
        "laborandrelatedexpense": 454000000,
        "marketingandadvertisingexpense": 193000000,
        "communicationsandinformationtechnology": 110000000,
        "professionalfees": 88000000,
        "depreciationandamortization": 92000000,
        "generalandadministrativeexpense": 106000000,
        "losscontingencylossinperiod": 3000000,
        "costsandexpenses": 1046000000,
        "operatingincomeloss": 1800000000,
        "nonoperatingincomeexpense": 1000000,
        "incomelossfromcontinuingoperationsbeforeincometaxesandminorityinterest": 1801000000,
        "incometaxexpensebenefit": 508000000,
        "netincomeloss": 1293000000,
        "earningspersharebasic": 0.82,
        "weightedaveragenumberofsharesoutstandingbasic": 30000000,
        "earningspersharediluted": 0.81,
        "weightedaveragenumberofdilutedsharesoutstanding": 245000000
    },
    {
        "date": "2012-03-30",
        "symbol": "V",
        "period": "Q2",
        "profitloss": 1292000000,
        "othercomprehensiveincomeunrealizedholdinggainlossonsecuritiesarisingduringperiodbeforetax": 6000000,
        "othercomprehensiveincomeunrealizedholdinggainlossonsecuritiesarisingduringperiodtax": 2000000,
        "othercomprehensiveincomedefinedbenefitplansadjustmentbeforetaxperiodincreasedecrease": -13000000,
        "othercomprehensiveincomedefinedbenefitplanstax": 2000000,
        "othercomprehensiveincomeunrealizedgainlossonderivativesarisingduringperiodbeforetax": -5000000,
        "othercomprehensiveincomeunrealizedgainlossonderivativesarisingduringperiodtax": -5000000,
        "othercomprehensiveincomereclassificationadjustmentonderivativesincludedinnetincomebeforetax": 2000000,
        "othercomprehensiveincomereclassificationadjustmentonderivativesincludedinnetincometax": 1000000,
        "othercomprehensiveincomeforeigncurrencytransactionandtranslationadjustmentnetoftaxperiodincreasedecrease": 4000000,
        "othercomprehensiveincomelossnetoftaxperiodincreasedecrease": -4000000,
        "comprehensiveincomenetoftaxincludingportionattributabletononcontrollinginterest": 1288000000,
        "comprehensiveincomenetoftax": 1288000000,
        "servicefees": 1241000000,
        "dataprocessingfees": 922000000,
        "internationaltransactionrevenues": 733000000,
        "othersalesrevenuenet": 179000000,
        "clientincentives": 497000000,
        "revenues": 2578000000,
        "laborandrelatedexpense": 431000000,
        "communicationsandinformationtechnology": 103000000,
        "marketingandadvertisingexpense": 170000000,
        "professionalfees": 82000000,
        "depreciationandamortization": 80000000,
        "generalandadministrativeexpense": 106000000,
        "costsandexpenses": 972000000,
        "operatingincomeloss": 1606000000,
        "interestincomeexpensenet": -7000000,
        "investmentincomenet": 9000000,
        "othernonoperatingincomeexpense": 1000000,
        "nonoperatingincomeexpense": 3000000,
        "incomelossfromcontinuingoperationsbeforeincometaxesandminorityinterest": 1609000000,
        "incometaxexpensebenefit": 317000000,
        "netincomeloss": 5000000,
        "earningspersharebasic": 1.92,
        "weightedaveragenumberofsharesoutstandingbasic": 245000000,
        "earningspersharediluted": 1.91,
        "weightedaveragenumberofdilutedsharesoutstanding": 676000000
    },
    {
        "date": "2011-12-30",
        "symbol": "V",
        "period": "Q1",
        "profitloss": 1027000000,
        "othercomprehensiveincomeunrealizedholdinggainlossonsecuritiesarisingduringperiodbeforetax": 1000000,
        "othercomprehensiveincomedefinedbenefitplansadjustmentbeforetaxperiodincreasedecrease": 5000000,
        "othercomprehensiveincomedefinedbenefitplanstax": -2000000,
        "othercomprehensiveincomeunrealizedgainlossonderivativesarisingduringperiodbeforetax": -7000000,
        "othercomprehensiveincomeunrealizedgainlossonderivativesarisingduringperiodtax": -1000000,
        "othercomprehensiveincomereclassificationadjustmentonderivativesincludedinnetincomebeforetax": -6000000,
        "othercomprehensiveincomelossnetoftaxperiodincreasedecrease": 4000000,
        "comprehensiveincomenetoftaxincludingportionattributabletononcontrollinginterest": 1031000000,
        "comprehensiveincomenetoftaxattributabletononcontrollinginterest": -2000000,
        "comprehensiveincomenetoftax": 1033000000,
        "servicefees": 1151000000,
        "dataprocessingfees": 951000000,
        "internationaltransactionrevenues": 748000000,
        "othersalesrevenuenet": 178000000,
        "clientincentives": 481000000,
        "revenues": 2547000000,
        "laborandrelatedexpense": 389000000,
        "communicationsandinformationtechnology": 98000000,
        "marketingandadvertisingexpense": 190000000,
        "professionalfees": 70000000,
        "depreciationandamortization": 80000000,
        "generalandadministrativeexpense": 102000000,
        "costsandexpenses": 929000000,
        "operatingincomeloss": 1618000000,
        "interestincomeexpensenet": -10000000,
        "investmentincomenet": 10000000,
        "othernonoperatingincomeexpense": -1000000,
        "nonoperatingincomeexpense": -1000000,
        "incomelossfromcontinuingoperationsbeforeincometaxesandminorityinterest": 1617000000,
        "incometaxexpensebenefit": 590000000,
        "netincomelossattributabletononcontrollinginterest": -2000000,
        "netincomeloss": 69000000,
        "earningspersharebasic": 0.73,
        "weightedaveragenumberofsharesoutstandingbasic": 245000000,
        "earningspersharediluted": 1.49,
        "weightedaveragenumberofdilutedsharesoutstanding": 46000000
    },
    {
        "date": "2010-12-30",
        "symbol": "V",
        "period": "Q1",
        "servicefees": 1008000000,
        "dataprocessingfees": 844000000,
        "internationaltransactionfees": 630000000,
        "othersalesrevenuenet": 161000000,
        "volumeandsupportincentives": 405000000,
        "revenues": 2238000000,
        "laborandrelatedexpense": 357000000,
        "communicationsandinformationtechnology": 80000000,
        "marketingandadvertisingexpense": 197000000,
        "professionalfees": 61000000,
        "depreciationandamortization": 67000000,
        "generalandadministrativeexpense": 110000000,
        "costsandexpenses": 872000000,
        "operatingincomeloss": 1366000000,
        "interestincomeexpensenet": 4000000,
        "investmentincomenet": 10000000,
        "othernonoperatingincomeexpense": 2000000,
        "nonoperatingincomeexpense": 16000000,
        "incomelossfromcontinuingoperationsbeforeincometaxesandminorityinterest": 1382000000,
        "incometaxexpensebenefit": 498000000,
        "netincomeloss": 3000000,
        "earningspersharebasic": 1.23,
        "weightedaveragenumberofsharesoutstandingbasic": 94000000,
        "earningspersharediluted": 1.23,
        "weightedaveragenumberofdilutedsharesoutstanding": 719000000,
        "profitloss": 884000000,
        "othercomprehensiveincomeunrealizedholdinggainlossonsecuritiesarisingduringperiodbeforetax": -2000000,
        "othercomprehensiveincomeunrealizedholdinggainlossonsecuritiesarisingduringperiodtax": -1000000,
        "othercomprehensiveincomedefinedbenefitplansadjustmentbeforetaxperiodincreasedecrease": 2000000,
        "othercomprehensiveincomedefinedbenefitplanstax": -1000000,
        "othercomprehensiveincomeunrealizedgainlossonderivativesarisingduringperiodbeforetax": -14000000,
        "othercomprehensiveincomeunrealizedgainlossonderivativesarisingduringperiodtax": -2000000,
        "othercomprehensiveincomereclassificationadjustmentonderivativesincludedinnetincomebeforetax": -12000000,
        "othercomprehensiveincomereclassificationadjustmentonderivativesincludedinnetincometax": -4000000,
        "othercomprehensiveincomeforeigncurrencytranslationgainlossarisingduringperiod": 5000000,
        "othercomprehensiveincomelossnetoftaxperiodincreasedecrease": 1000000,
        "comprehensiveincomenetoftax": 885000000
    },
    {
        "date": "2010-03-30",
        "symbol": "V",
        "period": "Q2",
        "servicefees": 885000000,
        "dataprocessingfees": 728000000,
        "internationaltransactionfees": 545000000,
        "othersalesrevenuenet": 173000000,
        "volumeandsupportincentives": -372000000,
        "revenues": 1959000000,
        "laborandrelatedexpense": 310000000,
        "communicationsandinformationtechnology": 98000000,
        "marketingandadvertisingexpense": 238000000,
        "professionalfees": 50000000,
        "depreciationandamortization": 62000000,
        "generalandadministrativeexpense": 77000000,
        "litigationprovision": 2000000,
        "costsandexpenses": 837000000,
        "operatingincomeloss": 1122000000,
        "incomelossfromequitymethodinvestments": -2000000,
        "interestexpense": 28000000,
        "investmentincomenet": 23000000,
        "othernonoperatingincomeexpense": -2000000,
        "nonoperatingincomeexpense": -9000000,
        "incomelossfromcontinuingoperationsbeforeincometaxesandminorityinterest": 1113000000,
        "incometaxexpensebenefit": 401000000,
        "profitloss": 712000000,
        "netincomelossattributabletononcontrollinginterest": -1000000,
        "netincomeloss": 713000000,
        "earningspersharebasic": 0.97,
        "weightedaveragenumberofsharesoutstandingbasic": 122000000,
        "earningspersharediluted": 0.96,
        "weightedaveragenumberofdilutedsharesoutstanding": 122000000,
        "othercomprehensiveincomeunrealizedholdinggainlossonsecuritiesarisingduringperiodbeforetax": -5000000,
        "othercomprehensiveincomeunrealizedholdinggainlossonsecuritiesarisingduringperiodtax": -2000000,
        "othercomprehensiveincomereclassificationadjustmentforsaleofsecuritiesincludedinnetincomebeforetax": -3000000,
        "othercomprehensiveincomereclassificationadjustmentforsaleofsecuritiesincludedinnetincometax": -1000000,
        "othercomprehensiveincomedefinedbenefitplansadjustmentbeforetaxperiodincreasedecrease": 102000000,
        "othercomprehensiveincomedefinedbenefitplanstax": -40000000,
        "othercomprehensiveincomeunrealizedgainlossonderivativesarisingduringperiodbeforetax": -5000000,
        "othercomprehensiveincomeunrealizedgainlossonderivativesarisingduringperiodtax": -2000000,
        "othercomprehensiveincomereclassificationadjustmentonderivativesincludedinnetincomebeforetax": -21000000,
        "othercomprehensiveincomereclassificationadjustmentonderivativesincludedinnetincometax": -7000000,
        "othercomprehensiveincomeforeigncurrencytranslationgainlossarisingduringperiod": 4000000,
        "othercomprehensiveincomelossnetoftaxperiodincreasedecrease": 76000000,
        "comprehensiveincomenetoftaxincludingportionattributabletononcontrollinginterest": 788000000,
        "comprehensiveincomenetoftaxattributabletononcontrollinginterest": -1000000,
        "comprehensiveincomenetoftax": 789000000
    },
    {
        "date": "2009-12-30",
        "symbol": "V",
        "period": "Q1",
        "servicefees": 827000000,
        "dataprocessingfees": 765000000,
        "internationaltransactionfees": 552000000,
        "othersalesrevenuenet": 190000000,
        "volumeandsupportincentives": -374000000,
        "revenues": 1960000000,
        "laborandrelatedexpense": 274000000,
        "communicationsandinformationtechnology": 105000000,
        "marketingandadvertisingexpense": 216000000,
        "professionalfees": 51000000,
        "depreciationandamortization": 62000000,
        "generalandadministrativeexpense": 78000000,
        "litigationprovision": -43000000,
        "costsandexpenses": 743000000,
        "operatingincomeloss": 1217000000,
        "interestexpense": 16000000,
        "investmentincomenet": 5000000,
        "othernonoperatingincomeexpense": 2000000,
        "nonoperatingincomeexpense": -9000000,
        "incomelossfromcontinuingoperationsbeforeincometaxesandminorityinterest": 1208000000,
        "incometaxexpensebenefit": 445000000,
        "profitloss": 763000000,
        "netincomeloss": 763000000,
        "earningspersharebasic": 1.03,
        "weightedaveragenumberofsharesoutstandingbasic": 129000000,
        "earningspersharediluted": 1.02,
        "weightedaveragenumberofdilutedsharesoutstanding": 129000000,
        "othercomprehensiveincomeunrealizedholdinggainlossonsecuritiesarisingduringperiodbeforetax": 1000000,
        "othercomprehensiveincomereclassificationadjustmentforsaleofsecuritiesincludedinnetincomebeforetax": 1000000,
        "othercomprehensiveincomedefinedbenefitplansadjustmentbeforetaxperiodincreasedecrease": 4000000,
        "othercomprehensiveincomedefinedbenefitplanstax": -1000000,
        "othercomprehensiveincomeunrealizedgainlossonderivativesarisingduringperiodbeforetax": -3000000,
        "othercomprehensiveincomeunrealizedgainlossonderivativesarisingduringperiodtax": -1000000,
        "othercomprehensiveincomereclassificationadjustmentonderivativesincludedinnetincomebeforetax": -15000000,
        "othercomprehensiveincomereclassificationadjustmentonderivativesincludedinnetincometax": -5000000,
        "othercomprehensiveincomeforeigncurrencytranslationgainlossarisingduringperiod": 2000000,
        "othercomprehensiveincomelossnetoftaxperiodincreasedecrease": 13000000,
        "comprehensiveincomenetoftaxincludingportionattributabletononcontrollinginterest": 776000000,
        "comprehensiveincomenetoftax": 776000000,
        "sharesissued": 128000000,
        "stockholdersequityincludingportionattributabletononcontrollinginterest": -1000000,
        "stockissuedduringperiodsharesrestrictedstockawardgross": 1000000,
        "conversionofclassccommonstockuponsaleintopublicmarketshares": -3000000,
        "adjustmentstoadditionalpaidincapitalsharebasedcompensationrequisiteserviceperiodrecognitionvalue": 32000000,
        "adjustmentstoadditionalpaidincapitaltaxeffectfromsharebasedcompensation": 5000000,
        "stockissuedduringperiodvaluestockoptionsexercised": 8000000,
        "restrictedstockinstrumentssettledincashfortaxes": -12000000,
        "dividendscash": 93000000,
        "commonstocktreasurystockvalueretiredcostmethod": 1000000,
        "stockrepurchasedandretiredduringperiodshares": -5000000,
        "stockrepurchasedandretiredduringperiodvalue": 198000000,
        "minorityinterestincreasefromstockissuance": 1000000,
        "commonstockdividendspersharedeclared": 0.125
    }
]