[
    {
        "date": "2024-09-28",
        "symbol": "QCOM",
        "period": "Q4",
        "equipmentandservices": 8532000000,
        "licensingrevenues": 1713000000,
        "revenues": 38832000000,
        "costofrevenue": 62000000,
        "researchanddevelopmentexpense": 611000000,
        "sellinggeneralandadministrativeexpense": 192000000,
        "costsandexpenses": 7663000000,
        "operatingincomeloss": 2582000000,
        "interestexpense": 179000000,
        "nonoperatingincomeexpense": 194000000,
        "incomelossfromcontinuingoperationsbeforeincometaxesextraordinaryitemsnoncontrollinginterest": -971000000,
        "incometaxexpensebenefit": -247000000,
        "incomelossfromcontinuingoperations": 2916000000,
        "incomelossfromdiscontinuedoperationsnetoftaxattributabletoreportingentity": 4000000,
        "netincomeloss": 2920000000,
        "incomelossfromcontinuingoperationsperbasicshare": 2.6200000000000006,
        "discontinuedoperationincomelossfromdiscontinuedoperationnetoftaxperbasicshare": -6.938893903907228e-18,
        "earningspersharebasic": 2.6199999999999997,
        "incomelossfromcontinuingoperationsperdilutedshare": 2.5599999999999987,
        "discontinuedoperationincomelossfromdiscontinuedoperationnetoftaxperdilutedshare": 0.009999999999999998,
        "earningspersharediluted": 2.570000000000001,
        "weightedaveragenumberofsharesoutstandingbasic": 1116000000,
        "weightedaveragenumberofdilutedsharesoutstanding": 1130000000,
        "othercomprehensiveincomeforeigncurrencytransactionandtranslationgainlossarisingduringperiodnetoftax": 134000000,
        "reclassificationfromaccumulatedothercomprehensiveincomecurrentperiodnetoftax": 12000000,
        "othercomprehensiveincomelossnetoftax": 190000000,
        "comprehensiveincomenetoftax": 3110000000
    },
    {
        "date": "2024-06-22",
        "symbol": "QCOM",
        "period": "Q3",
        "equipmentandservices": 7993000000,
        "licensingrevenues": 1400000000,
        "revenues": 49000000,
        "costofrevenue": 54000000,
        "researchanddevelopmentexpense": 549000000,
        "sellinggeneralandadministrativeexpense": 175000000,
        "otheroperatingincomeexpensenet": -75000000,
        "costsandexpenses": 7172000000,
        "operatingincomeloss": 2221000000,
        "interestexpense": 168000000,
        "nonoperatingincomeexpense": 226000000,
        "incomelossfromcontinuingoperationsbeforeincometaxesextraordinaryitemsnoncontrollinginterest": -810000000,
        "incometaxexpensebenefit": 171000000,
        "incomelossfromcontinuingoperations": 2108000000,
        "incomelossfromdiscontinuedoperationsnetoftaxattributabletoreportingentity": 21000000,
        "netincomeloss": 2129000000,
        "incomelossfromcontinuingoperationsperbasicshare": 1.89,
        "discontinuedoperationincomelossfromdiscontinuedoperationnetoftaxperbasicshare": 0.02,
        "earningspersharebasic": 1.91,
        "incomelossfromcontinuingoperationsperdilutedshare": 1.86,
        "discontinuedoperationincomelossfromdiscontinuedoperationnetoftaxperdilutedshare": 0.02,
        "earningspersharediluted": 1.88,
        "weightedaveragenumberofsharesoutstandingbasic": 1116000000,
        "weightedaveragenumberofdilutedsharesoutstanding": 1134000000,
        "othercomprehensiveincomeforeigncurrencytransactionandtranslationgainlossarisingduringperiodnetoftax": -34000000,
        "othercomprehensiveincomeunrealizedholdinggainlossonsecuritiesarisingduringperiodnetoftax": 2000000,
        "othercomprehensiveincomelosscashflowhedgegainlossbeforereclassificationaftertax": -4000000,
        "othergainslossesothercomprehensiveincome": -1000000,
        "reclassificationfromaccumulatedothercomprehensiveincomecurrentperiodnetoftax": 6000000,
        "othercomprehensiveincomelossnetoftax": -41000000,
        "comprehensiveincomenetoftax": 2088000000
    },
    {
        "date": "2024-03-23",
        "symbol": "QCOM",
        "period": "Q2",
        "equipmentandservices": 7950000000,
        "licensingrevenues": 1439000000,
        "revenues": 42000000,
        "costofrevenue": 57000000,
        "researchanddevelopmentexpense": 584000000,
        "sellinggeneralandadministrativeexpense": 229000000,
        "costsandexpenses": 7049000000,
        "operatingincomeloss": 2340000000,
        "interestexpense": 172000000,
        "nonoperatingincomeexpense": 330000000,
        "incomelossfromcontinuingoperationsbeforeincometaxesextraordinaryitemsnoncontrollinginterest": -819000000,
        "incometaxexpensebenefit": 223000000,
        "incomelossfromcontinuingoperations": 2275000000,
        "incomelossfromdiscontinuedoperationsnetoftaxattributabletoreportingentity": 51000000,
        "netincomeloss": 2326000000,
        "incomelossfromcontinuingoperationsperbasicshare": 2.03,
        "discontinuedoperationincomelossfromdiscontinuedoperationnetoftaxperbasicshare": 0.05,
        "earningspersharebasic": 2.08,
        "incomelossfromcontinuingoperationsperdilutedshare": 2.02,
        "discontinuedoperationincomelossfromdiscontinuedoperationnetoftaxperdilutedshare": 0.04,
        "earningspersharediluted": 2.06,
        "weightedaveragenumberofsharesoutstandingbasic": 1117000000,
        "weightedaveragenumberofdilutedsharesoutstanding": 1130000000,
        "othercomprehensiveincomeforeigncurrencytransactionandtranslationgainlossarisingduringperiodnetoftax": -62000000,
        "othercomprehensiveincomeunrealizedholdinggainlossonsecuritiesarisingduringperiodnetoftax": 6000000,
        "othercomprehensiveincomelosscashflowhedgegainlossbeforereclassificationaftertax": -13000000,
        "othergainslossesothercomprehensiveincome": 1000000,
        "reclassificationfromaccumulatedothercomprehensiveincomecurrentperiodnetoftax": -15000000,
        "othercomprehensiveincomelossnetoftax": -55000000,
        "comprehensiveincomenetoftax": 2271000000
    },
    {
        "date": "2023-12-23",
        "symbol": "QCOM",
        "period": "Q1",
        "equipmentandservices": 8316000000,
        "licensingrevenues": 1619000000,
        "revenues": 39000000,
        "costofrevenue": 56000000,
        "researchanddevelopmentexpense": 533000000,
        "sellinggeneralandadministrativeexpense": 185000000,
        "otheroperatingincomeexpensenet": 28000000,
        "costsandexpenses": 7007000000,
        "operatingincomeloss": 2928000000,
        "interestexpense": 178000000,
        "nonoperatingincomeexpense": 212000000,
        "incomelossfromcontinuingoperationsbeforeincometaxesextraordinaryitemsnoncontrollinginterest": -722000000,
        "incometaxexpensebenefit": 79000000,
        "incomelossfromcontinuingoperations": 2811000000,
        "incomelossfromdiscontinuedoperationsnetoftaxattributabletoreportingentity": -44000000,
        "netincomeloss": 2767000000,
        "incomelossfromcontinuingoperationsperbasicshare": 2.52,
        "discontinuedoperationincomelossfromdiscontinuedoperationnetoftaxperbasicshare": -0.04,
        "earningspersharebasic": 2.48,
        "incomelossfromcontinuingoperationsperdilutedshare": 2.5,
        "discontinuedoperationincomelossfromdiscontinuedoperationnetoftaxperdilutedshare": -0.04,
        "earningspersharediluted": 2.46,
        "weightedaveragenumberofsharesoutstandingbasic": 1116000000,
        "weightedaveragenumberofdilutedsharesoutstanding": 1127000000,
        "othercomprehensiveincomeforeigncurrencytransactionandtranslationgainlossarisingduringperiodnetoftax": 83000000,
        "othercomprehensiveincomeunrealizedholdinggainlossonsecuritiesarisingduringperiodnetoftax": 32000000,
        "othercomprehensiveincomelosscashflowhedgegainlossafterreclassificationandtax": 17000000,
        "othergainslossesothercomprehensiveincome": -1000000,
        "reclassificationfromaccumulatedothercomprehensiveincomecurrentperiodnetoftax": -2000000,
        "othercomprehensiveincomelossnetoftax": 135000000,
        "comprehensiveincomenetoftax": 2902000000
    },
    {
        "date": "2023-09-23",
        "symbol": "QCOM",
        "period": "Q4",
        "equipmentandservices": 7291000000,
        "licensingrevenues": 1340000000,
        "revenues": 35705000000,
        "costofrevenue": 50000000,
        "researchanddevelopmentexpense": 497000000,
        "sellinggeneralandadministrativeexpense": 124000000,
        "otheroperatingincomeexpensenet": -577000000,
        "costsandexpenses": 7221000000,
        "operatingincomeloss": 1410000000,
        "interestexpense": 174000000,
        "incomelossfromcontinuingoperationsbeforeincometaxesextraordinaryitemsnoncontrollinginterest": -1369000000,
        "incometaxexpensebenefit": -209000000,
        "incomelossfromcontinuingoperations": 1629000000,
        "incomelossfromdiscontinuedoperationsnetoftaxattributabletoreportingentity": -139000000,
        "netincomeloss": 1490000000,
        "incomelossfromcontinuingoperationsperbasicshare": 1.46,
        "earningspersharebasic": 1.3300000000000003,
        "incomelossfromcontinuingoperationsperdilutedshare": 1.4499999999999988,
        "earningspersharediluted": 1.3200000000000003,
        "weightedaveragenumberofsharesoutstandingbasic": 1117000000,
        "weightedaveragenumberofdilutedsharesoutstanding": 1126000000,
        "othercomprehensiveincomeforeigncurrencytransactionandtranslationgainlossarisingduringperiodnetoftax": -65000000,
        "othercomprehensiveincomelosscashflowhedgegainlossafterreclassificationandtax": -32000000,
        "reclassificationfromaccumulatedothercomprehensiveincomecurrentperiodnetoftax": -10000000,
        "othercomprehensiveincomelossnetoftax": -72000000,
        "comprehensiveincomenetoftax": 1418000000
    },
    {
        "date": "2023-06-24",
        "symbol": "QCOM",
        "period": "Q3",
        "equipmentandservices": 7107000000,
        "licensingrevenues": 1344000000,
        "revenues": 38000000,
        "costofrevenue": 43000000,
        "researchanddevelopmentexpense": 519000000,
        "sellinggeneralandadministrativeexpense": 172000000,
        "otheroperatingincomeexpensenet": 3000000,
        "costsandexpenses": 6627000000,
        "operatingincomeloss": 1824000000,
        "interestexpense": 172000000,
        "incomelossfromcontinuingoperationsbeforeincometaxesextraordinaryitemsnoncontrollinginterest": -776000000,
        "incometaxexpensebenefit": 22000000,
        "incomelossfromcontinuingoperations": 1735000000,
        "incomelossfromdiscontinuedoperationsnetoftaxattributabletoreportingentity": 68000000,
        "netincomeloss": 1803000000,
        "incomelossfromcontinuingoperationsperbasicshare": 1.5600000000000005,
        "earningspersharebasic": 1.6199999999999994,
        "incomelossfromcontinuingoperationsperdilutedshare": 1.5500000000000003,
        "earningspersharediluted": 1.6099999999999994,
        "weightedaveragenumberofsharesoutstandingbasic": 1117000000,
        "weightedaveragenumberofdilutedsharesoutstanding": 1126000000,
        "othercomprehensiveincomeforeigncurrencytransactionandtranslationgainlossarisingduringperiodnetoftax": -29000000,
        "othercomprehensiveincomeunrealizedholdinggainlossonsecuritiesarisingduringperiodnetoftax": 7000000,
        "othercomprehensiveincomelosscashflowhedgegainlossafterreclassificationandtax": -3000000,
        "reclassificationfromaccumulatedothercomprehensiveincomecurrentperiodnetoftax": -37000000,
        "othercomprehensiveincomelossnetoftax": 12000000,
        "comprehensiveincomenetoftax": 1815000000
    },
    {
        "date": "2023-03-25",
        "symbol": "QCOM",
        "period": "Q2",
        "equipmentandservices": 7846000000,
        "licensingrevenues": 1429000000,
        "revenues": 37000000,
        "costofrevenue": 47000000,
        "researchanddevelopmentexpense": 496000000,
        "sellinggeneralandadministrativeexpense": 125000000,
        "otheroperatingincomeexpensenet": -208000000,
        "costsandexpenses": 7186000000,
        "operatingincomeloss": 2089000000,
        "interestexpense": 178000000,
        "incomelossfromcontinuingoperationsbeforeincometaxesextraordinaryitemsnoncontrollinginterest": -1031000000,
        "incometaxexpensebenefit": 141000000,
        "incomelossfromcontinuingoperations": 1702000000,
        "incomelossfromdiscontinuedoperationsnetoftaxattributabletoreportingentity": 2000000,
        "netincomeloss": 1704000000,
        "incomelossfromcontinuingoperationsperbasicshare": 1.5299999999999998,
        "discontinuedoperationincomelossfromdiscontinuedoperationnetoftaxperbasicshare": 0,
        "earningspersharebasic": 1.53,
        "incomelossfromcontinuingoperationsperdilutedshare": 1.5100000000000002,
        "discontinuedoperationincomelossfromdiscontinuedoperationnetoftaxperdilutedshare": 0,
        "earningspersharediluted": 1.5100000000000002,
        "weightedaveragenumberofsharesoutstandingbasic": 1119000000,
        "weightedaveragenumberofdilutedsharesoutstanding": 1127000000,
        "othercomprehensiveincomeforeigncurrencytransactionandtranslationgainlossarisingduringperiodnetoftax": 72000000,
        "othercomprehensiveincomeunrealizedholdinggainlossonsecuritiesarisingduringperiodnetoftax": 22000000,
        "othercomprehensiveincomelosscashflowhedgegainlossafterreclassificationandtax": 15000000,
        "reclassificationfromaccumulatedothercomprehensiveincomecurrentperiodnetoftax": -10000000,
        "othercomprehensiveincomelossnetoftax": 125000000,
        "comprehensiveincomenetoftax": 1829000000
    },
    {
        "date": "2022-12-24",
        "symbol": "QCOM",
        "period": "Q1",
        "equipmentandservices": 7784000000,
        "licensingrevenues": 1679000000,
        "revenues": 40000000,
        "costofrevenue": 65000000,
        "researchanddevelopmentexpense": 522000000,
        "sellinggeneralandadministrativeexpense": 167000000,
        "otheroperatingincomeexpensenet": -80000000,
        "costsandexpenses": 6998000000,
        "operatingincomeloss": 2465000000,
        "interestexpense": 170000000,
        "investmentincomenonoperating": 87000000,
        "incomelossfromcontinuingoperationsbeforeincometaxesextraordinaryitemsnoncontrollinginterest": -921000000,
        "incometaxexpensebenefit": 150000000,
        "incomelossfromcontinuingoperations": 2273000000,
        "incomelossfromdiscontinuedoperationsnetoftaxattributabletoreportingentity": -38000000,
        "netincomeloss": 2235000000,
        "incomelossfromcontinuingoperationsperbasicshare": 2.02,
        "discontinuedoperationincomelossfromdiscontinuedoperationnetoftaxperbasicshare": -0.03,
        "earningspersharebasic": 1.99,
        "incomelossfromcontinuingoperationsperdilutedshare": 2.01,
        "discontinuedoperationincomelossfromdiscontinuedoperationnetoftaxperdilutedshare": -0.03,
        "earningspersharediluted": 1.98,
        "weightedaveragenumberofsharesoutstandingbasic": 1122000000,
        "weightedaveragenumberofdilutedsharesoutstanding": 1131000000,
        "othercomprehensiveincomeforeigncurrencytransactionandtranslationgainlossarisingduringperiodnetoftax": 162000000,
        "othercomprehensiveincomeunrealizedholdinggainlossonsecuritiesarisingduringperiodnetoftax": 14000000,
        "othercomprehensiveincomelosscashflowhedgegainlossafterreclassificationandtax": 119000000,
        "reclassificationfromaccumulatedothercomprehensiveincomecurrentperiodnetoftax": -20000000,
        "othercomprehensiveincomelossnetoftax": 315000000,
        "comprehensiveincomenetoftax": 2550000000
    },
    {
        "date": "2022-09-24",
        "symbol": "QCOM",
        "period": "Q4",
        "equipmentandservices": 9806000000,
        "licensingrevenues": 1589000000,
        "revenues": 41000000,
        "costofrevenue": 84000000,
        "researchanddevelopmentexpense": 473000000,
        "sellinggeneralandadministrativeexpense": 148000000,
        "costsandexpenses": 7729000000,
        "operatingincomeloss": 3666000000,
        "interestexpense": 145000000,
        "investmentincomenonoperating": -22000000,
        "incomelossfromcontinuingoperationsbeforeincometaxesextraordinaryitemsnoncontrollinginterest": -873000000,
        "incometaxexpensebenefit": 1373000000,
        "netincomeloss": 2873000000,
        "earningspersharebasic": 2.57,
        "earningspersharediluted": 2.529999999999998,
        "weightedaveragenumberofsharesoutstandingbasic": 1123000000,
        "weightedaveragenumberofdilutedsharesoutstanding": 1137000000,
        "othercomprehensiveincomeforeigncurrencytransactionandtranslationgainlossarisingduringperiodnetoftax": -251000000,
        "othercomprehensiveincomelosscashflowhedgegainlossafterreclassificationandtax": -32000000,
        "othercomprehensiveincomelossnetoftax": -240000000,
        "comprehensiveincomenetoftax": 2633000000
    },
    {
        "date": "2022-06-25",
        "symbol": "QCOM",
        "period": "Q3",
        "equipmentandservices": 9266000000,
        "licensingrevenues": 1670000000,
        "revenues": 31000000,
        "costofrevenue": 76000000,
        "researchanddevelopmentexpense": 408000000,
        "sellinggeneralandadministrativeexpense": 171000000,
        "otheroperatingincomeexpensenet": 1059000000,
        "costsandexpenses": 6464000000,
        "operatingincomeloss": 4472000000,
        "interestexpense": 69000000,
        "investmentincomenonoperating": -58000000,
        "incomelossfromcontinuingoperationsbeforeincometaxesextraordinaryitemsnoncontrollinginterest": 264000000,
        "incometaxexpensebenefit": 47000000,
        "netincomeloss": 3730000000,
        "earningspersharebasic": 3.32,
        "earningspersharediluted": 3.29,
        "weightedaveragenumberofsharesoutstandingbasic": 1122000000,
        "weightedaveragenumberofdilutedsharesoutstanding": 1134000000,
        "profitloss": 3730000000,
        "othercomprehensiveincomeforeigncurrencytransactionandtranslationgainlossarisingduringperiodnetoftax": -99000000,
        "othercomprehensiveincomeunrealizedholdinggainlossonsecuritiesarisingduringperiodnetoftax": -25000000,
        "othercomprehensiveincomelosscashflowhedgegainlossafterreclassificationandtax": 121000000,
        "reclassificationfromaccumulatedothercomprehensiveincomecurrentperiodnetoftax": -6000000,
        "othercomprehensiveincomelossnetoftax": 3000000,
        "comprehensiveincomenetoftax": 3733000000
    },
    {
        "date": "2022-03-26",
        "symbol": "QCOM",
        "period": "Q2",
        "equipmentandservices": 9417000000,
        "licensingrevenues": 1747000000,
        "revenues": 30000000,
        "costofrevenue": 53000000,
        "researchanddevelopmentexpense": 433000000,
        "sellinggeneralandadministrativeexpense": 138000000,
        "costsandexpenses": 7306000000,
        "operatingincomeloss": 3858000000,
        "interestexpense": 137000000,
        "investmentincomenonoperating": -34000000,
        "incomelossfromcontinuingoperationsbeforeincometaxesextraordinaryitemsnoncontrollinginterest": -802000000,
        "incometaxexpensebenefit": 489000000,
        "netincomeloss": 2934000000,
        "earningspersharebasic": 2.61,
        "earningspersharediluted": 2.57,
        "weightedaveragenumberofsharesoutstandingbasic": 1125000000,
        "weightedaveragenumberofdilutedsharesoutstanding": 1140000000,
        "profitloss": 2934000000,
        "othercomprehensiveincomeforeigncurrencytransactionandtranslationgainlossarisingduringperiodnetoftax": -41000000,
        "othercomprehensiveincomeunrealizedholdinggainlossonsecuritiesarisingduringperiodnetoftax": -61000000,
        "othercomprehensiveincomelosscashflowhedgegainlossafterreclassificationandtax": 270000000,
        "reclassificationfromaccumulatedothercomprehensiveincomecurrentperiodnetoftax": 11000000,
        "othercomprehensiveincomelossnetoftax": 157000000,
        "comprehensiveincomenetoftax": 3091000000
    },
    {
        "date": "2021-12-25",
        "symbol": "QCOM",
        "period": "Q1",
        "equipmentandservices": 8682000000,
        "licensingrevenues": 2023000000,
        "revenues": 32000000,
        "costofrevenue": 53000000,
        "researchanddevelopmentexpense": 453000000,
        "sellinggeneralandadministrativeexpense": 152000000,
        "costsandexpenses": 6841000000,
        "operatingincomeloss": 3864000000,
        "interestexpense": 139000000,
        "investmentincomenonoperating": 23000000,
        "incomelossfromcontinuingoperationsbeforeincometaxesextraordinaryitemsnoncontrollinginterest": -777000000,
        "incometaxexpensebenefit": 103000000,
        "netincomeloss": 3399000000,
        "earningspersharebasic": 3.02,
        "earningspersharediluted": 2.98,
        "weightedaveragenumberofsharesoutstandingbasic": 1124000000,
        "weightedaveragenumberofdilutedsharesoutstanding": 1142000000,
        "profitloss": 3399000000,
        "othercomprehensiveincomeforeigncurrencytransactionandtranslationgainlossarisingduringperiodnetoftax": -42000000,
        "othercomprehensiveincomeunrealizedholdinggainlossonsecuritiesarisingduringperiodnetoftax": -19000000,
        "othercomprehensiveincomelosscashflowhedgegainlossafterreclassificationandtax": 2000000,
        "reclassificationfromaccumulatedothercomprehensiveincomecurrentperiodnetoftax": 11000000,
        "othercomprehensiveincomelossnetoftax": -70000000,
        "comprehensiveincomenetoftax": 3329000000
    },
    {
        "date": "2021-09-25",
        "symbol": "QCOM",
        "period": "Q4",
        "equipmentandservices": 7632000000,
        "licensingrevenues": 1704000000,
        "revenues": 0,
        "costofrevenue": 57000000,
        "researchanddevelopmentexpense": 495000000,
        "sellinggeneralandadministrativeexpense": 120000000,
        "costsandexpenses": 6434000000,
        "operatingincomeloss": 2902000000,
        "interestexpense": 139000000,
        "investmentincomenonoperating": 26000000,
        "incomelossfromcontinuingoperationsbeforeincometaxesextraordinaryitemsnoncontrollinginterest": -796000000,
        "incometaxexpensebenefit": 487000000,
        "netincomeloss": 2798000000,
        "earningspersharebasic": 2.4700000000000006,
        "earningspersharediluted": 2.4400000000000004,
        "weightedaveragenumberofsharesoutstandingbasic": 1131000000,
        "weightedaveragenumberofdilutedsharesoutstanding": 1149000000,
        "profitloss": 2798000000,
        "othercomprehensiveincomeforeigncurrencytransactionandtranslationgainlossarisingduringperiodnetoftax": -24000000,
        "reclassificationfromaccumulatedothercomprehensiveincomecurrentperiodnetoftax": 24000000,
        "othercomprehensiveincomelossnetoftax": -56000000,
        "comprehensiveincomenetoftax": 2742000000
    },
    {
        "date": "2021-06-26",
        "symbol": "QCOM",
        "period": "Q3",
        "equipmentandservices": 6428000000,
        "licensingrevenues": 1632000000,
        "revenues": -10000000,
        "costofrevenue": 72000000,
        "researchanddevelopmentexpense": 504000000,
        "sellinggeneralandadministrativeexpense": 127000000,
        "costsandexpenses": 5865000000,
        "operatingincomeloss": 2195000000,
        "interestexpense": 138000000,
        "investmentincomenonoperating": 55000000,
        "incomelossfromcontinuingoperationsbeforeincometaxesextraordinaryitemsnoncontrollinginterest": -748000000,
        "incometaxexpensebenefit": 229000000,
        "netincomeloss": 2028000000,
        "earningspersharebasic": 1.7999999999999994,
        "earningspersharediluted": 1.7699999999999996,
        "weightedaveragenumberofsharesoutstandingbasic": 1132000000,
        "weightedaveragenumberofdilutedsharesoutstanding": 1151000000,
        "profitloss": 2028000000,
        "othercomprehensiveincomeforeigncurrencytransactionandtranslationgainlossarisingduringperiodnetoftax": 10000000,
        "othercomprehensiveincomeunrealizedholdinggainlossonsecuritiesarisingduringperiodnetoftax": 2000000,
        "othercomprehensiveincomeunrealizedgainlossonderivativesarisingduringperiodnetoftax": -91000000,
        "reclassificationfromaccumulatedothercomprehensiveincomecurrentperiodnetoftax": 18000000,
        "othercomprehensiveincomelossnetoftax": -97000000,
        "comprehensiveincomenetoftax": 1931000000
    },
    {
        "date": "2021-03-27",
        "symbol": "QCOM",
        "period": "Q2",
        "equipmentandservices": 6239000000,
        "licensingrevenues": 1696000000,
        "revenues": 31000000,
        "costofrevenue": 74000000,
        "researchanddevelopmentexpense": 415000000,
        "sellinggeneralandadministrativeexpense": 113000000,
        "costsandexpenses": 5769000000,
        "operatingincomeloss": 2166000000,
        "interestexpense": 140000000,
        "investmentincomenonoperating": 14000000,
        "incomelossfromcontinuingoperationsbeforeincometaxesextraordinaryitemsnoncontrollinginterest": -745000000,
        "incometaxexpensebenefit": 303000000,
        "netincomeloss": 1762000000,
        "earningspersharebasic": 1.56,
        "earningspersharediluted": 1.54,
        "weightedaveragenumberofsharesoutstandingbasic": 1134000000,
        "weightedaveragenumberofdilutedsharesoutstanding": 1154000000,
        "profitloss": 1762000000,
        "othercomprehensiveincomeforeigncurrencytransactionandtranslationgainlossarisingduringperiodnetoftax": -33000000,
        "othercomprehensiveincomeunrealizedholdinggainlossonsecuritiesarisingduringperiodnetoftax": -9000000,
        "othercomprehensiveincomeunrealizedgainlossonderivativesarisingduringperiodnetoftax": 36000000,
        "othergainslossesothercomprehensiveincome": 0,
        "reclassificationfromaccumulatedothercomprehensiveincomecurrentperiodnetoftax": 6000000,
        "othercomprehensiveincomelossnetoftax": -12000000,
        "comprehensiveincomenetoftax": 1750000000
    },
    {
        "date": "2020-12-26",
        "symbol": "QCOM",
        "period": "Q1",
        "equipmentandservices": 6442000000,
        "licensingrevenues": 1793000000,
        "revenues": 33000000,
        "costofrevenue": 74000000,
        "researchanddevelopmentexpense": 406000000,
        "sellinggeneralandadministrativeexpense": 178000000,
        "costsandexpenses": 5709000000,
        "operatingincomeloss": 2526000000,
        "interestexpense": 142000000,
        "investmentincomenonoperating": 71000000,
        "incomelossfromcontinuingoperationsbeforeincometaxesextraordinaryitemsnoncontrollinginterest": -743000000,
        "incometaxexpensebenefit": 212000000,
        "netincomeloss": 2455000000,
        "earningspersharebasic": 2.16,
        "earningspersharediluted": 2.12,
        "weightedaveragenumberofsharesoutstandingbasic": 1134000000,
        "weightedaveragenumberofdilutedsharesoutstanding": 1156000000,
        "profitloss": 2455000000,
        "othercomprehensiveincomeforeigncurrencytransactionandtranslationgainlossarisingduringperiodnetoftax": 87000000,
        "othercomprehensiveincomeunrealizedholdinggainlossonsecuritiesarisingduringperiodnetoftax": 3000000,
        "othercomprehensiveincomeunrealizedgainlossonderivativesarisingduringperiodnetoftax": 10000000,
        "othergainslossesothercomprehensiveincome": 3000000,
        "reclassificationfromaccumulatedothercomprehensiveincomecurrentperiodnetoftax": 11000000,
        "othercomprehensiveincomelossnetoftax": 86000000,
        "comprehensiveincomenetoftax": 2541000000
    },
    {
        "date": "2020-09-26",
        "symbol": "QCOM",
        "period": "Q4",
        "equipmentandservices": 4922000000,
        "licensingrevenues": 3424000000,
        "revenues": 1735000000,
        "costofrevenue": 78000000,
        "researchanddevelopmentexpense": 300000000,
        "sellinggeneralandadministrativeexpense": 126000000,
        "costsandexpenses": 4894000000,
        "operatingincomeloss": 3452000000,
        "interestexpense": 165000000,
        "investmentincomenonoperating": -24000000,
        "incomelossfromcontinuingoperationsbeforeincometaxesextraordinaryitemsnoncontrollinginterest": 1137000000,
        "incometaxexpensebenefit": 346000000,
        "netincomeloss": 2960000000,
        "earningspersharebasic": 2.61,
        "earningspersharediluted": 2.5699999999999994,
        "weightedaveragenumberofsharesoutstandingbasic": 1135000000,
        "weightedaveragenumberofdilutedsharesoutstanding": 1149000000,
        "profitloss": 2960000000,
        "othercomprehensiveincomeforeigncurrencytransactionandtranslationgainlossarisingduringperiodnetoftax": 65000000,
        "othercomprehensiveincomeunrealizedgainlossonderivativesarisingduringperiodnetoftax": 27000000,
        "reclassificationfromaccumulatedothercomprehensiveincomecurrentperiodnetoftax": -25000000,
        "othercomprehensiveincomelossnetoftax": 95000000,
        "comprehensiveincomenetoftax": 3055000000
    },
    {
        "date": "2020-06-27",
        "symbol": "QCOM",
        "period": "Q3",
        "equipmentandservices": 3792000000,
        "licensingrevenues": 1100000000,
        "revenues": 37000000,
        "costofrevenue": 88000000,
        "researchanddevelopmentexpense": 271000000,
        "sellinggeneralandadministrativeexpense": 102000000,
        "costsandexpenses": 4110000000,
        "operatingincomeloss": 782000000,
        "interestexpense": 142000000,
        "investmentincomenonoperating": 77000000,
        "incomelossfromcontinuingoperationsbeforeincometaxesextraordinaryitemsnoncontrollinginterest": -534000000,
        "incometaxexpensebenefit": 305000000,
        "netincomeloss": 845000000,
        "earningspersharebasic": 0.75,
        "earningspersharediluted": 0.74,
        "weightedaveragenumberofsharesoutstandingbasic": 1137000000,
        "weightedaveragenumberofdilutedsharesoutstanding": 1150000000,
        "profitloss": 845000000,
        "othercomprehensiveincomeforeigncurrencytransactionandtranslationgainlossarisingduringperiodnetoftax": 8000000,
        "othercomprehensiveincomeunrealizedgainlossonderivativesarisingduringperiodnetoftax": 30000000,
        "othergainslossesothercomprehensiveincome": 0,
        "reclassificationfromaccumulatedothercomprehensiveincomecurrentperiodnetoftax": 3000000,
        "othercomprehensiveincomelossnetoftax": 57000000,
        "comprehensiveincomenetoftax": 902000000
    },
    {
        "date": "2020-03-28",
        "symbol": "QCOM",
        "period": "Q2",
        "equipmentandservices": 4050000000,
        "licensingrevenues": 1166000000,
        "revenues": 34000000,
        "costofrevenue": 84000000,
        "researchanddevelopmentexpense": 216000000,
        "sellinggeneralandadministrativeexpense": 56000000,
        "otheroperatingincomeexpensenet": 23000000,
        "costsandexpenses": 4225000000,
        "operatingincomeloss": 991000000,
        "interestexpense": 145000000,
        "investmentincomenonoperating": -30000000,
        "incomelossfromcontinuingoperationsbeforeincometaxesextraordinaryitemsnoncontrollinginterest": -532000000,
        "incometaxexpensebenefit": -28000000,
        "netincomeloss": 468000000,
        "earningspersharebasic": 0.41,
        "earningspersharediluted": 0.41,
        "weightedaveragenumberofsharesoutstandingbasic": 1139000000,
        "weightedaveragenumberofdilutedsharesoutstanding": 1151000000,
        "profitloss": 468000000,
        "othercomprehensiveincomeforeigncurrencytransactionandtranslationgainlossarisingduringperiodnetoftax": -44000000,
        "othercomprehensiveincomeunrealizedholdinggainlossonsecuritiesarisingduringperiodnetoftax": -5000000,
        "othercomprehensiveincomeunrealizedgainlossonderivativesarisingduringperiodnetoftax": -31000000,
        "othergainslossesothercomprehensiveincome": 1000000,
        "reclassificationfromaccumulatedothercomprehensiveincomecurrentperiodnetoftax": 1000000,
        "othercomprehensiveincomelossnetoftax": -82000000,
        "comprehensiveincomenetoftax": 386000000
    },
    {
        "date": "2019-12-28",
        "symbol": "QCOM",
        "period": "Q1",
        "profitloss": 925000000,
        "othercomprehensiveincomeforeigncurrencytransactionandtranslationgainlossarisingduringperiodnetoftax": 31000000,
        "othercomprehensiveincomeunrealizedgainlossonderivativesarisingduringperiodnetoftax": 3000000,
        "othergainslossesothercomprehensiveincome": -8000000,
        "reclassificationfromaccumulatedothercomprehensiveincomecurrentperiodnetoftax": 5000000,
        "othercomprehensiveincomelossnetoftax": 37000000,
        "comprehensiveincomenetoftax": 962000000,
        "equipmentandservices": 3534000000,
        "licensingrevenues": 1543000000,
        "revenues": 35000000,
        "costofrevenue": 90000000,
        "researchanddevelopmentexpense": 259000000,
        "sellinggeneralandadministrativeexpense": 117000000,
        "costsandexpenses": 4047000000,
        "operatingincomeloss": 1030000000,
        "interestexpense": 147000000,
        "investmentincomenonoperating": 82000000,
        "incomelossfromcontinuingoperationsbeforeincometaxesextraordinaryitemsnoncontrollinginterest": -546000000,
        "incometaxexpensebenefit": -102000000,
        "netincomeloss": 925000000,
        "earningspersharebasic": 0.81,
        "earningspersharediluted": 0.8,
        "weightedaveragenumberofsharesoutstandingbasic": 1144000000,
        "weightedaveragenumberofdilutedsharesoutstanding": 1159000000
    },
    {
        "date": "2019-09-28",
        "symbol": "QCOM",
        "period": "Q4",
        "othercomprehensiveincomeforeigncurrencytransactionandtranslationgainlossarisingduringperiodnetoftax": -83000000,
        "othercomprehensiveincomelossnetoftax": -95000000,
        "comprehensiveincomenetoftax": 411000000,
        "equipmentandservices": 3548000000,
        "licensingrevenues": 1166000000,
        "revenues": 0,
        "costofrevenue": 109000000,
        "researchanddevelopmentexpense": 344000000,
        "sellinggeneralandadministrativeexpense": 128000000,
        "otheroperatingincomeexpensenet": -6000000,
        "costsandexpenses": 4114000000,
        "operatingincomeloss": 700000000,
        "interestexpense": 148000000,
        "investmentincomenonoperating": 55000000,
        "incomelossfromcontinuingoperationsbeforeincometaxesextraordinaryitemsnoncontrollinginterest": 2135000000,
        "incometaxexpensebenefit": 161000000,
        "netincomeloss": 431000000,
        "earningspersharebasic": 0.4299999999999996,
        "earningspersharediluted": 0.42000000000000004,
        "weightedaveragenumberofsharesoutstandingbasic": 1210000000,
        "weightedaveragenumberofdilutedsharesoutstanding": 1220000000
    },
    {
        "date": "2019-06-29",
        "symbol": "QCOM",
        "period": "Q3",
        "netincomeloss": 1926000000,
        "othercomprehensiveincomeforeigncurrencytransactionandtranslationgainlossarisingduringperiodnetoftax": 14000000,
        "othercomprehensiveincomelossforeigncurrencytransactionandtranslationreclassificationadjustmentfromaocirealizeduponsaleorliquidationnetoftax": 0,
        "othercomprehensiveincomeunrealizedholdinggainlossonsecuritiesarisingduringperiodnetoftax": 0,
        "othercomprehensiveincomelossreclassificationadjustmentfromaocionderivativesnetoftax": 2000000,
        "othercomprehensiveincomelossnetoftax": 22000000,
        "comprehensiveincomenetoftax": 2171000000,
        "equipmentandservices": 3451000000,
        "licensingrevenues": 5908000000,
        "revenues": -5101000000,
        "costofrevenue": -4046000000,
        "researchanddevelopmentexpense": -1932000000,
        "sellinggeneralandadministrativeexpense": -815000000,
        "otheroperatingincomeexpensenet": -278000000,
        "costsandexpenses": 4318000000,
        "operatingincomeloss": 5317000000,
        "interestexpense": 154000000,
        "investmentincomenonoperating": 155000000,
        "incomelossfromcontinuingoperationsbeforeincometaxesextraordinaryitemsnoncontrollinginterest": -1461000000,
        "incometaxexpensebenefit": 3299000000,
        "earningspersharebasic": 1.7700000000000005,
        "earningspersharediluted": 1.75,
        "weightedaveragenumberofsharesoutstandingbasic": 1214000000,
        "weightedaveragenumberofdilutedsharesoutstanding": 1224000000
    },
    {
        "date": "2019-03-30",
        "symbol": "QCOM",
        "period": "Q2",
        "netincomeloss": 663000000,
        "othercomprehensiveincomeforeigncurrencytransactionandtranslationgainlossarisingduringperiodnetoftax": -17000000,
        "othercomprehensiveincomelossforeigncurrencytransactionandtranslationreclassificationadjustmentfromaocirealizeduponsaleorliquidationnetoftax": 2000000,
        "othercomprehensiveincomeunrealizedholdinggainlossonsecuritiesarisingduringperiodnetoftax": -1000000,
        "othercomprehensiveincomelossreclassificationadjustmentfromaociforsaleofsecuritiesnetoftax": 0,
        "othercomprehensiveincomeunrealizedgainlossonderivativesarisingduringperiodnetoftax": 0,
        "othercomprehensiveincomelossreclassificationadjustmentfromaocionderivativesnetoftax": 1000000,
        "othercomprehensiveincomelossnetoftax": -29000000,
        "comprehensiveincomenetoftax": 634000000,
        "equipmentandservices": 3752000000,
        "licensingrevenues": 1230000000,
        "revenues": 4982000000,
        "costofrevenue": 2179000000,
        "researchanddevelopmentexpense": 1308000000,
        "sellinggeneralandadministrativeexpense": 574000000,
        "otheroperatingincomeexpensenet": 19000000,
        "costsandexpenses": 4042000000,
        "operatingincomeloss": 940000000,
        "interestexpense": 161000000,
        "investmentincomenonoperating": 28000000,
        "incomelossfromcontinuingoperationsbeforeincometaxesextraordinaryitemsnoncontrollinginterest": 807000000,
        "incometaxexpensebenefit": 144000000,
        "earningspersharebasic": 0.5499999999999999,
        "earningspersharediluted": 0.5499999999999999,
        "weightedaveragenumberofsharesoutstandingbasic": 1213000000,
        "weightedaveragenumberofdilutedsharesoutstanding": 1220000000
    },
    {
        "date": "2018-12-29",
        "symbol": "QCOM",
        "period": "Q1",
        "netincomeloss": 1068000000,
        "othercomprehensiveincomeforeigncurrencytransactionandtranslationgainlossarisingduringperiodnetoftax": -24000000,
        "othercomprehensiveincomelossforeigncurrencytransactionandtranslationreclassificationadjustmentfromaocirealizeduponsaleorliquidationnetoftax": -3000000,
        "othercomprehensiveincomeunrealizedholdinggainlossonsecuritiesarisingduringperiodnetoftax": -5000000,
        "othercomprehensiveincomelossreclassificationadjustmentfromaociforsaleofsecuritiesnetoftax": 1000000,
        "othercomprehensiveincomeunrealizedgainlossonderivativesarisingduringperiodnetoftax": 16000000,
        "othercomprehensiveincomelossreclassificationadjustmentfromaocionderivativesnetoftax": 1000000,
        "othercomprehensiveincomelossnetoftax": -12000000,
        "comprehensiveincomenetoftax": 1056000000,
        "equipmentandservices": 3754000000,
        "licensingrevenues": 1088000000,
        "revenues": 4842000000,
        "costofrevenue": 2188000000,
        "researchanddevelopmentexpense": 1269000000,
        "sellinggeneralandadministrativeexpense": 526000000,
        "otheroperatingincomeexpensenet": -149000000,
        "costsandexpenses": 4132000000,
        "operatingincomeloss": 710000000,
        "interestexpense": 156000000,
        "investmentincomenonoperating": 5000000,
        "incomelossfromcontinuingoperationsbeforeincometaxesextraordinaryitemsnoncontrollinginterest": 559000000,
        "incometaxexpensebenefit": -509000000,
        "earningspersharebasic": 0.88,
        "earningspersharediluted": 0.87,
        "weightedaveragenumberofsharesoutstandingbasic": 1213000000,
        "weightedaveragenumberofdilutedsharesoutstanding": 1223000000
    },
    {
        "date": "2018-09-29",
        "symbol": "QCOM",
        "period": "Q4",
        "othercomprehensiveincomeforeigncurrencytransactionandtranslationgainlossarisingduringperiodnetoftax": -72000000,
        "othercomprehensiveincomeunrealizedholdinggainlossonsecuritiesarisingduringperiodnetoftax": 27000000,
        "othercomprehensiveincomelossreclassificationadjustmentfromaociforsaleofsecuritiesnetoftax": 2000000,
        "othercomprehensiveincomeunrealizedgainlossonderivativesarisingduringperiodnetoftax": -14000000,
        "othercomprehensiveincomelossreclassificationadjustmentfromaocionderivativesnetoftax": -2000000,
        "othercomprehensiveincomelossnetoftax": -58000000,
        "comprehensiveincomenetoftax": -551000000,
        "equipmentandservices": 4650000000,
        "revenues": 5804000000,
        "costofrevenue": 2850000000,
        "researchanddevelopmentexpense": 1388000000,
        "sellinggeneralandadministrativeexpense": 689000000,
        "otheroperatingincomeexpensenet": -1530000000,
        "costsandexpenses": 6457000000,
        "operatingincomeloss": -653000000,
        "interestexpense": 207000000,
        "investmentincomenonoperating": 85000000,
        "incomelossfromcontinuingoperationsbeforeincometaxesextraordinaryitemsnoncontrollinginterest": -775000000,
        "incometaxexpensebenefit": -282000000,
        "netincomeloss": -493000000,
        "earningspersharebasic": -0.3600000000000003,
        "earningspersharediluted": -0.3600000000000003,
        "weightedaveragenumberofsharesoutstandingbasic": 1463000000,
        "weightedaveragenumberofdilutedsharesoutstanding": 1463000000
    },
    {
        "date": "2018-06-23",
        "symbol": "QCOM",
        "period": "Q3",
        "othercomprehensiveincomeforeigncurrencytransactionandtranslationgainlossarisingduringperiodnetoftax": -237000000,
        "othercomprehensiveincomeunrealizedholdinggainlossonsecuritiesarisingduringperiodnetoftax": 3000000,
        "othercomprehensiveincomelossreclassificationadjustmentfromaociforsaleofsecuritiesnetoftax": -2000000,
        "othercomprehensiveincomeunrealizedgainlossonderivativesarisingduringperiodnetoftax": 3000000,
        "othercomprehensiveincomelossreclassificationadjustmentfromaocionderivativesnetoftax": -7000000,
        "othercomprehensiveincomelossnetoftax": -222000000,
        "comprehensiveincomenetoftax": 997000000,
        "equipmentandservices": 4111000000,
        "revenues": 5599000000,
        "costofrevenue": 2492000000,
        "researchanddevelopmentexpense": 1415000000,
        "sellinggeneralandadministrativeexpense": 656000000,
        "otheroperatingincomeexpensenet": -112000000,
        "costsandexpenses": 4675000000,
        "operatingincomeloss": 924000000,
        "interestexpense": 211000000,
        "investmentincomenonoperating": 243000000,
        "incomelossfromcontinuingoperationsbeforeincometaxesextraordinaryitemsnoncontrollinginterest": 956000000,
        "incometaxexpensebenefit": -263000000,
        "netincomeloss": 1219000000,
        "earningspersharebasic": 0.8199999999999998,
        "earningspersharediluted": 0.8199999999999998,
        "weightedaveragenumberofsharesoutstandingbasic": 1479000000,
        "weightedaveragenumberofdilutedsharesoutstanding": 1479000000,
        "commonstockdividendspersharedeclared": 0.62
    },
    {
        "date": "2018-03-24",
        "symbol": "QCOM",
        "period": "Q2",
        "netincomeloss": 363000000,
        "othercomprehensiveincomeforeigncurrencytransactionandtranslationgainlossarisingduringperiodnetoftax": 178000000,
        "othercomprehensiveincomelossreclassificationadjustmentfromaociforwritedownofsecuritiesnetoftax": 0,
        "othercomprehensiveincomeunrealizedholdinggainlossonsecuritiesarisingduringperiodnetoftax": -5000000,
        "othercomprehensiveincomelossreclassificationadjustmentfromaociforsaleofsecuritiesnetoftax": 8000000,
        "othercomprehensiveincomeunrealizedgainlossonderivativesarisingduringperiodnetoftax": -8000000,
        "othercomprehensiveincomelossreclassificationadjustmentfromaocionderivativesnetoftax": -2000000,
        "othercomprehensiveincomelossnetoftax": 159000000,
        "comprehensiveincomenetoftax": 522000000,
        "equipmentandservices": 3935000000,
        "licensesrevenue": 1326000000,
        "revenues": 5261000000,
        "costofrevenue": 2239000000,
        "researchanddevelopmentexpense": 1402000000,
        "sellinggeneralandadministrativeexpense": 868000000,
        "otheroperatingincomeexpensenet": -310000000,
        "costsandexpenses": 4819000000,
        "operatingincomeloss": 442000000,
        "interestexpense": 180000000,
        "investmentincomenonoperating": 97000000,
        "incomelossfromcontinuingoperationsbeforeincometaxesextraordinaryitemsnoncontrollinginterest": 359000000,
        "incometaxexpensebenefit": -4000000,
        "earningspersharebasic": 0.25000000000000044,
        "earningspersharediluted": 0.25000000000000044,
        "weightedaveragenumberofsharesoutstandingbasic": 1479000000,
        "weightedaveragenumberofdilutedsharesoutstanding": 1479000000,
        "commonstockdividendspersharedeclared": 0.57
    },
    {
        "date": "2017-12-23",
        "symbol": "QCOM",
        "period": "Q1",
        "profitloss": -5953000000,
        "othercomprehensiveincomeforeigncurrencytransactionandtranslationgainlossarisingduringperiodnetoftax": -5000000,
        "othercomprehensiveincomelossreclassificationadjustmentfromaociforwritedownofsecuritiesnetoftax": 1000000,
        "othercomprehensiveincomeunrealizedholdinggainlossonsecuritiesarisingduringperiodnetoftax": 4000000,
        "othercomprehensiveincomelossreclassificationadjustmentfromaociforsaleofsecuritiesnetoftax": 1000000,
        "othercomprehensiveincomeunrealizedgainlossonderivativesarisingduringperiodnetoftax": 2000000,
        "othercomprehensiveincomelossreclassificationadjustmentfromaocionderivativesnetoftax": -1000000,
        "othercomprehensiveincomelossnetoftax": 2000000,
        "comprehensiveincomenetoftaxincludingportionattributabletononcontrollinginterest": -5951000000,
        "comprehensiveincomenetoftax": -5951000000,
        "equipmentandservices": 4704000000,
        "licensesrevenue": 1364000000,
        "revenues": 6068000000,
        "costofrevenue": 2663000000,
        "researchanddevelopmentexpense": 1420000000,
        "sellinggeneralandadministrativeexpense": 773000000,
        "otheroperatingincomeexpensenet": -1183000000,
        "costsandexpenses": 6039000000,
        "operatingincomeloss": 29000000,
        "interestexpense": 170000000,
        "investmentincomenonoperating": 114000000,
        "incomelossfromcontinuingoperationsbeforeincometaxesextraordinaryitemsnoncontrollinginterest": -27000000,
        "incometaxexpensebenefit": 5926000000,
        "netincomeloss": -5953000000,
        "earningspersharebasic": -4.03,
        "earningspersharediluted": -4.03,
        "weightedaveragenumberofsharesoutstandingbasic": 1477000000,
        "weightedaveragenumberofdilutedsharesoutstanding": 1477000000,
        "commonstockdividendspersharedeclared": 0.57
    },
    {
        "date": "2017-09-23",
        "symbol": "QCOM",
        "period": "Q4",
        "profitloss": 169000000,
        "othercomprehensiveincomeforeigncurrencytransactionandtranslationgainlossarisingduringperiodnetoftax": 181000000,
        "othercomprehensiveincomelossreclassificationadjustmentfromaociforwritedownofsecuritiesnetoftax": 3000000,
        "othercomprehensiveincomeunrealizedholdinggainlossonsecuritiesarisingduringperiodnetoftax": 2000000,
        "othercomprehensiveincomelossreclassificationadjustmentfromaociforsaleofsecuritiesnetoftax": 86000000,
        "othercomprehensiveincomeunrealizedgainlossonderivativesarisingduringperiodnetoftax": -6000000,
        "othercomprehensiveincomelossnetoftax": 93000000,
        "comprehensiveincomenetoftaxincludingportionattributabletononcontrollinginterest": 262000000,
        "comprehensiveincomenetoftax": 262000000,
        "equipmentandservices": 4698000000,
        "licensesrevenue": 1206000000,
        "revenues": 5904000000,
        "costofrevenue": 2652000000,
        "researchanddevelopmentexpense": 1398000000,
        "sellinggeneralandadministrativeexpense": 741000000,
        "otheroperatingincomeexpensenet": -780000000,
        "costsandexpenses": 5571000000,
        "operatingincomeloss": 333000000,
        "interestexpense": 164000000,
        "investmentincomenonoperating": 265000000,
        "incomelossfromcontinuingoperationsbeforeincometaxesextraordinaryitemsnoncontrollinginterest": 434000000,
        "incometaxexpensebenefit": 265000000,
        "netincomeloss": 169000000,
        "earningspersharebasic": 0.11999999999999983,
        "earningspersharediluted": 0.10999999999999982,
        "weightedaveragenumberofsharesoutstandingbasic": 1477000000,
        "weightedaveragenumberofdilutedsharesoutstanding": 1490000000,
        "commonstockdividendspersharedeclared": 0.5700000000000003
    },
    {
        "date": "2017-06-24",
        "symbol": "QCOM",
        "period": "Q3",
        "profitloss": 865000000,
        "othercomprehensiveincomeforeigncurrencytransactionandtranslationgainlossarisingduringperiodnetoftax": 138000000,
        "othercomprehensiveincomelossreclassificationadjustmentfromaociforwritedownofsecuritiesnetoftax": 1000000,
        "othercomprehensiveincomeunrealizedholdinggainlossonsecuritiesarisingduringperiodnetoftax": 37000000,
        "othercomprehensiveincomelossreclassificationadjustmentfromaociforsaleofsecuritiesnetoftax": 71000000,
        "othercomprehensiveincomeunrealizedgainlossonderivativesarisingduringperiodnetoftax": -40000000,
        "othercomprehensiveincomelossnetoftax": 61000000,
        "comprehensiveincomenetoftaxincludingportionattributabletononcontrollinginterest": 926000000,
        "comprehensiveincomenetoftax": 927000000,
        "equipmentandservices": 4121000000,
        "licensesrevenue": 1251000000,
        "revenues": 5372000000,
        "costofrevenue": 2489000000,
        "researchanddevelopmentexpense": 1390000000,
        "sellinggeneralandadministrativeexpense": 711000000,
        "otheroperatingincomeexpensenet": -8000000,
        "costsandexpenses": 4598000000,
        "operatingincomeloss": 774000000,
        "interestexpense": 133000000,
        "investmentincomenonoperating": 218000000,
        "incomelossfromcontinuingoperationsbeforeincometaxesextraordinaryitemsnoncontrollinginterest": 859000000,
        "incometaxexpensebenefit": -6000000,
        "netincomeloss": 866000000,
        "earningspersharebasic": 0.5800000000000001,
        "earningspersharediluted": 0.5800000000000001,
        "weightedaveragenumberofsharesoutstandingbasic": 1478000000,
        "weightedaveragenumberofdilutedsharesoutstanding": 1491000000,
        "commonstockdividendspersharedeclared": 0.5699999999999998
    },
    {
        "date": "2017-03-25",
        "symbol": "QCOM",
        "period": "Q2",
        "profitloss": 750000000,
        "othercomprehensiveincomeforeigncurrencytransactionandtranslationgainlossarisingduringperiodnetoftax": 17000000,
        "otherthantemporaryimpairmentlossesinothercomprehensiveincomelossandsubsequentchangesinfairvaluenetoftax": 0,
        "othercomprehensiveincomelossreclassificationadjustmentfromaociforwritedownofsecuritiesnetoftax": 2000000,
        "othercomprehensiveincomeunrealizedholdinggainlossonsecuritiesarisingduringperiodnetoftax": 69000000,
        "othercomprehensiveincomelossreclassificationadjustmentfromaociforsaleofsecuritiesnetoftax": 37000000,
        "othercomprehensiveincomeunrealizedgainlossonderivativesarisingduringperiodnetoftax": -5000000,
        "othercomprehensiveincomelossnetoftax": 44000000,
        "comprehensiveincomenetoftaxincludingportionattributabletononcontrollinginterest": 794000000,
        "comprehensiveincomenetoftax": 793000000,
        "equipmentandservices": 3689000000,
        "licensesrevenue": 1327000000,
        "revenues": 10942000000,
        "costofrevenue": 4556000000,
        "researchanddevelopmentexpense": 2428000000,
        "sellinggeneralandadministrativeexpense": 1061000000,
        "otheroperatingincomeexpensenet": -78000000,
        "costsandexpenses": 4287000000,
        "operatingincomeloss": 729000000,
        "interestexpense": 108000000,
        "investmentincomenonoperating": 233000000,
        "incomelossfromcontinuingoperationsbeforeincometaxesextraordinaryitemsnoncontrollinginterest": 3096000000,
        "incometaxexpensebenefit": 107000000,
        "netincomeloss": 749000000,
        "earningspersharebasic": 0.51,
        "earningspersharediluted": 0.49999999999999994,
        "weightedaveragenumberofsharesoutstandingbasic": 1478000000,
        "weightedaveragenumberofdilutedsharesoutstanding": 1492000000,
        "commonstockdividendspersharedeclared": 0.53
    },
    {
        "date": "2016-12-24",
        "symbol": "QCOM",
        "period": "Q1",
        "profitloss": 681000000,
        "othercomprehensiveincomeforeigncurrencytransactionandtranslationgainlossarisingduringperiodnetoftax": -27000000,
        "otherthantemporaryimpairmentlossesinothercomprehensiveincomelossandsubsequentchangesinfairvaluenetoftax": 6000000,
        "othercomprehensiveincomelossreclassificationadjustmentfromaociforwritedownofsecuritiesnetoftax": 79000000,
        "othercomprehensiveincomeunrealizedholdinggainlossonsecuritiesarisingduringperiodnetoftax": -210000000,
        "othercomprehensiveincomelossreclassificationadjustmentfromaociforsaleofsecuritiesnetoftax": 92000000,
        "othercomprehensiveincomeunrealizedgainlossonderivativesarisingduringperiodnetoftax": 2000000,
        "othercomprehensiveincomelossnetoftax": -242000000,
        "comprehensiveincomenetoftaxincludingportionattributabletononcontrollinginterest": 439000000,
        "comprehensiveincomenetoftaxattributabletononcontrollinginterest": -1000000,
        "comprehensiveincomenetoftax": 440000000,
        "equipmentandservices": 4139000000,
        "licensesrevenue": 1860000000,
        "revenues": 73000000,
        "costofrevenue": 95000000,
        "researchanddevelopmentexpense": 269000000,
        "sellinggeneralandadministrativeexpense": 145000000,
        "otheroperatingincomeexpensenet": -876000000,
        "costsandexpenses": 5221000000,
        "operatingincomeloss": 778000000,
        "interestexpense": 89000000,
        "investmentincomenonoperating": 184000000,
        "incomelossfromcontinuingoperationsbeforeincometaxesextraordinaryitemsnoncontrollinginterest": -1369000000,
        "incometaxexpensebenefit": 189000000,
        "netincomelossattributabletononcontrollinginterest": -1000000,
        "netincomeloss": 682000000,
        "earningspersharebasic": 0.46,
        "earningspersharediluted": 0.46,
        "weightedaveragenumberofsharesoutstandingbasic": 1478000000,
        "weightedaveragenumberofdilutedsharesoutstanding": 1495000000,
        "commonstockdividendspersharedeclared": 0.53
    },
    {
        "date": "2016-09-24",
        "symbol": "QCOM",
        "period": "Q4",
        "profitloss": 1599000000,
        "othercomprehensiveincomeforeigncurrencytransactionandtranslationgainlossarisingduringperiodnetoftax": -16000000,
        "othercomprehensiveincomelossforeigncurrencytransactionandtranslationreclassificationadjustmentfromaocirealizeduponsaleorliquidationnetoftax": 0,
        "otherthantemporaryimpairmentlossesinothercomprehensiveincomelossandsubsequentchangesinfairvaluenetoftax": 7000000,
        "othercomprehensiveincomelossreclassificationadjustmentfromaociforwritedownofsecuritiesnetoftax": 2000000,
        "othercomprehensiveincomeunrealizedholdinggainlossonsecuritiesarisingduringperiodnetoftax": 171000000,
        "othercomprehensiveincomelossreclassificationadjustmentfromaociforsaleofsecuritiesnetoftax": 81000000,
        "othercomprehensiveincomelossnetoftax": 84000000,
        "comprehensiveincomenetoftaxincludingportionattributabletononcontrollinginterest": 1683000000,
        "comprehensiveincomenetoftax": 1683000000,
        "equipmentandservices": 4156000000,
        "licensesrevenue": 2028000000,
        "revenues": 6184000000,
        "costofrevenue": 2540000000,
        "researchanddevelopmentexpense": 1230000000,
        "sellinggeneralandadministrativeexpense": 567000000,
        "otheroperatingincomeexpensenet": -43000000,
        "costsandexpenses": 4380000000,
        "operatingincomeloss": 1804000000,
        "interestexpense": 77000000,
        "investmentincomenonoperating": 233000000,
        "incomelossfromcontinuingoperationsbeforeincometaxesextraordinaryitemsnoncontrollinginterest": 1960000000,
        "incometaxexpensebenefit": 361000000,
        "netincomeloss": 1599000000,
        "earningspersharebasic": 1.08,
        "earningspersharediluted": 1.0699999999999996,
        "weightedaveragenumberofsharesoutstandingbasic": 1484000000,
        "weightedaveragenumberofdilutedsharesoutstanding": 1498000000,
        "commonstockdividendspersharedeclared": 0.53
    },
    {
        "date": "2016-06-25",
        "symbol": "QCOM",
        "period": "Q3",
        "profitloss": 1443000000,
        "othercomprehensiveincomeforeigncurrencytransactionandtranslationgainlossarisingduringperiodnetoftax": 5000000,
        "othercomprehensiveincomelossforeigncurrencytransactionandtranslationreclassificationadjustmentfromaocirealizeduponsaleorliquidationnetoftax": -15000000,
        "otherthantemporaryimpairmentlossesinothercomprehensiveincomelossandsubsequentchangesinfairvaluenetoftax": 1000000,
        "othercomprehensiveincomelossreclassificationadjustmentfromaociforwritedownofsecuritiesnetoftax": 27000000,
        "othercomprehensiveincomeunrealizedholdinggainlossonsecuritiesarisingduringperiodnetoftax": 176000000,
        "othercomprehensiveincomelossreclassificationadjustmentfromaociforsaleofsecuritiesnetoftax": 35000000,
        "othercomprehensiveincomeunrealizedgainlossonderivativesarisingduringperiodnetoftax": -4000000,
        "othercomprehensiveincomelossreclassificationadjustmentfromaocionderivativesnetoftax": 1000000,
        "othercomprehensiveincomelossnetoftax": 184000000,
        "comprehensiveincomenetoftaxincludingportionattributabletononcontrollinginterest": 1627000000,
        "comprehensiveincomenetoftaxattributabletononcontrollinginterest": -1000000,
        "comprehensiveincomenetoftax": 1628000000,
        "equipmentandservices": 3875000000,
        "licensesrevenue": 2169000000,
        "revenues": 6044000000,
        "costofrevenue": 2534000000,
        "researchanddevelopmentexpense": 1268000000,
        "sellinggeneralandadministrativeexpense": 620000000,
        "otheroperatingincomeexpensenet": -30000000,
        "costsandexpenses": 4452000000,
        "operatingincomeloss": 1592000000,
        "interestexpense": 75000000,
        "investmentincomenonoperating": 176000000,
        "incomelossfromcontinuingoperationsbeforeincometaxesextraordinaryitemsnoncontrollinginterest": 1693000000,
        "incometaxexpensebenefit": 250000000,
        "netincomelossattributabletononcontrollinginterest": -1000000,
        "netincomeloss": 1444000000,
        "earningspersharebasic": 0.98,
        "earningspersharediluted": 0.97,
        "weightedaveragenumberofsharesoutstandingbasic": 1471000000,
        "weightedaveragenumberofdilutedsharesoutstanding": 1486000000,
        "commonstockdividendspersharedeclared": 0.53
    },
    {
        "date": "2016-03-26",
        "symbol": "QCOM",
        "period": "Q2",
        "profitloss": 1164000000,
        "othercomprehensiveincomeforeigncurrencytransactionandtranslationgainlossarisingduringperiodnetoftax": 3000000,
        "othercomprehensiveincomelossforeigncurrencytransactionandtranslationreclassificationadjustmentfromaocirealizeduponsaleorliquidationnetoftax": -5000000,
        "otherthantemporaryimpairmentlossesinothercomprehensiveincomelossandsubsequentchangesinfairvaluenetoftax": -24000000,
        "othercomprehensiveincomelossreclassificationadjustmentfromaociforwritedownofsecuritiesnetoftax": 54000000,
        "othercomprehensiveincomeunrealizedholdinggainlossonsecuritiesarisingduringperiodnetoftax": 68000000,
        "othercomprehensiveincomelossreclassificationadjustmentfromaociforsaleofsecuritiesnetoftax": 15000000,
        "othercomprehensiveincomelossnetoftax": 91000000,
        "comprehensiveincomenetoftaxincludingportionattributabletononcontrollinginterest": 1255000000,
        "comprehensiveincomenetoftaxattributabletononcontrollinginterest": 0,
        "comprehensiveincomenetoftax": 1255000000,
        "equipmentandservices": 3349000000,
        "licensesrevenue": 2202000000,
        "revenues": 7230000000,
        "costofrevenue": 4525000000,
        "researchanddevelopmentexpense": 2437000000,
        "sellinggeneralandadministrativeexpense": 1071000000,
        "otheroperatingincomeexpensenet": 305000000,
        "costsandexpenses": 4137000000,
        "operatingincomeloss": 1414000000,
        "interestexpense": 75000000,
        "investmentincomenonoperating": 220000000,
        "incomelossfromcontinuingoperationsbeforeincometaxesextraordinaryitemsnoncontrollinginterest": 2590000000,
        "incometaxexpensebenefit": 306000000,
        "netincomelossattributabletononcontrollinginterest": 0,
        "netincomeloss": 1164000000,
        "earningspersharebasic": 0.78,
        "earningspersharediluted": 0.78,
        "weightedaveragenumberofsharesoutstandingbasic": 1495000000,
        "weightedaveragenumberofdilutedsharesoutstanding": 1507000000,
        "commonstockdividendspersharedeclared": 0.48
    },
    {
        "date": "2015-12-26",
        "symbol": "QCOM",
        "period": "Q1",
        "profitloss": 1496000000,
        "othercomprehensiveincomeforeigncurrencytransactionandtranslationgainlossarisingduringperiodnetoftax": -14000000,
        "othercomprehensiveincomelossforeigncurrencytransactionandtranslationreclassificationadjustmentfromaocirealizeduponsaleorliquidationnetoftax": -1000000,
        "otherthantemporaryimpairmentlossesinothercomprehensiveincomelossandsubsequentchangesinfairvaluenetoftax": -27000000,
        "othercomprehensiveincomelossreclassificationadjustmentfromaociforwritedownofsecuritiesnetoftax": 47000000,
        "othercomprehensiveincomeunrealizedholdinggainlossonsecuritiesarisingduringperiodnetoftax": -109000000,
        "othercomprehensiveincomelossreclassificationadjustmentfromaociforsaleofsecuritiesnetoftax": 25000000,
        "othercomprehensiveincomeunrealizedgainlossonderivativesarisingduringperiodnetoftax": 1000000,
        "othercomprehensiveincomelossnetoftax": -126000000,
        "comprehensiveincomenetoftaxincludingportionattributabletononcontrollinginterest": 1370000000,
        "comprehensiveincomenetoftaxattributabletononcontrollinginterest": -2000000,
        "comprehensiveincomenetoftax": 1372000000,
        "equipmentandservices": 4087000000,
        "licensesrevenue": 1688000000,
        "revenues": 4096000000,
        "costofrevenue": 150000000,
        "researchanddevelopmentexpense": 216000000,
        "sellinggeneralandadministrativeexpense": 127000000,
        "otheroperatingincomeexpensenet": -6000000,
        "costsandexpenses": 4090000000,
        "operatingincomeloss": 1685000000,
        "interestexpense": 70000000,
        "investmentincomenonoperating": 6000000,
        "incomelossfromcontinuingoperationsbeforeincometaxesextraordinaryitemsnoncontrollinginterest": 590000000,
        "incometaxexpensebenefit": 214000000,
        "netincomelossattributabletononcontrollinginterest": -2000000,
        "netincomeloss": 1498000000,
        "earningspersharebasic": 1,
        "earningspersharediluted": 0.99,
        "weightedaveragenumberofsharesoutstandingbasic": 1502000000,
        "weightedaveragenumberofdilutedsharesoutstanding": 1517000000,
        "commonstockdividendspersharedeclared": 0.48
    },
    {
        "date": "2015-09-26",
        "symbol": "QCOM",
        "period": "Q4",
        "profitloss": 1062000000,
        "othercomprehensiveincomeforeigncurrencytransactionandtranslationgainlossarisingduringperiodnetoftax": -23000000,
        "otherthantemporaryimpairmentlossesinothercomprehensiveincomelossandsubsequentchangesinfairvaluenetoftax": -16000000,
        "othercomprehensiveincomelossreclassificationadjustmentfromaociforwritedownofsecuritiesnetoftax": 30000000,
        "othercomprehensiveincomeunrealizedholdinggainlossonsecuritiesarisingduringperiodnetoftax": -229000000,
        "othercomprehensiveincomelossreclassificationadjustmentfromaociforsaleofsecuritiesnetoftax": 66000000,
        "othercomprehensiveincomeunrealizedgainlossonderivativesarisingduringperiodnetoftax": -4000000,
        "othercomprehensiveincomelossnetoftax": -308000000,
        "comprehensiveincomenetoftaxincludingportionattributabletononcontrollinginterest": 754000000,
        "comprehensiveincomenetoftax": 754000000,
        "equipmentandservices": 3620000000,
        "licensesrevenue": 1836000000,
        "revenues": 5456000000,
        "costofrevenue": 2252000000,
        "researchanddevelopmentexpense": 1356000000,
        "sellinggeneralandadministrativeexpense": 655000000,
        "otheroperatingincomeexpensenet": -52000000,
        "costsandexpenses": 4315000000,
        "operatingincomeloss": 1141000000,
        "investmentincomenonoperating": 215000000,
        "incomelossfromcontinuingoperationsbeforeincometaxesextraordinaryitemsnoncontrollinginterest": 1252000000,
        "incometaxexpensebenefit": 190000000,
        "incomelossfromcontinuingoperationsincludingportionattributabletononcontrollinginterest": 1062000000,
        "netincomelossattributabletononcontrollinginterest": 0,
        "netincomeloss": 1062000000,
        "incomelossfromcontinuingoperationsperbasicshare": 0.6899999999999995,
        "earningspersharebasic": 0.6899999999999995,
        "incomelossfromcontinuingoperationsperdilutedshare": 0.6900000000000004,
        "earningspersharediluted": 0.6900000000000004,
        "weightedaveragenumberofsharesoutstandingbasic": 1618000000,
        "weightedaveragenumberofdilutedsharesoutstanding": 1639000000,
        "commonstockdividendspersharedeclared": 0.48000000000000015
    },
    {
        "date": "2015-06-27",
        "symbol": "QCOM",
        "period": "Q3",
        "profitloss": 1183000000,
        "othercomprehensiveincomeforeigncurrencytransactionandtranslationgainlossarisingduringperiodnetoftax": 7000000,
        "otherthantemporaryimpairmentlossesinothercomprehensiveincomelossandsubsequentchangesinfairvaluenetoftax": -9000000,
        "othercomprehensiveincomelossreclassificationadjustmentfromaociforwritedownofsecuritiesnetoftax": 31000000,
        "othercomprehensiveincomeunrealizedholdinggainlossonsecuritiesarisingduringperiodnetoftax": 20000000,
        "othercomprehensiveincomelossreclassificationadjustmentfromaociforsaleofsecuritiesnetoftax": 76000000,
        "othercomprehensiveincomeunrealizedgainlossonderivativesarisingduringperiodnetoftax": 58000000,
        "othercomprehensiveincomelossnetoftax": 31000000,
        "comprehensiveincomenetoftaxincludingportionattributabletononcontrollinginterest": 1214000000,
        "netincomelossattributabletononcontrollinginterest": -1000000,
        "comprehensiveincomenetoftax": 1215000000,
        "equipmentandservices": 3840000000,
        "licensesrevenue": 1992000000,
        "revenues": 5832000000,
        "costofrevenue": 2451000000,
        "researchanddevelopmentexpense": 1407000000,
        "sellinggeneralandadministrativeexpense": 577000000,
        "otheroperatingincomeexpensenet": -162000000,
        "costsandexpenses": 4597000000,
        "operatingincomeloss": 1235000000,
        "investmentincomenonoperating": 163000000,
        "incomelossfromcontinuingoperationsbeforeincometaxesextraordinaryitemsnoncontrollinginterest": 1398000000,
        "incometaxexpensebenefit": 215000000,
        "incomelossfromcontinuingoperationsincludingportionattributabletononcontrollinginterest": 1183000000,
        "netincomeloss": 1184000000,
        "incomelossfromcontinuingoperationsperbasicshare": 0.74,
        "earningspersharebasic": 0.74,
        "incomelossfromcontinuingoperationsperdilutedshare": 0.73,
        "earningspersharediluted": 0.73,
        "weightedaveragenumberofsharesoutstandingbasic": 1608000000,
        "weightedaveragenumberofdilutedsharesoutstanding": 1629000000,
        "commonstockdividendspersharedeclared": 0.48
    },
    {
        "date": "2015-03-28",
        "symbol": "QCOM",
        "period": "Q2",
        "profitloss": 1052000000,
        "othercomprehensiveincomeforeigncurrencytransactionandtranslationgainlossarisingduringperiodnetoftax": -10000000,
        "otherthantemporaryimpairmentlossesinothercomprehensiveincomelossandsubsequentchangesinfairvaluenetoftax": -1000000,
        "othercomprehensiveincomelossreclassificationadjustmentfromaociforwritedownofsecuritiesnetoftax": 19000000,
        "othercomprehensiveincomeunrealizedholdinggainlossonsecuritiesarisingduringperiodnetoftax": 98000000,
        "othercomprehensiveincomelossreclassificationadjustmentfromaociforsaleofsecuritiesnetoftax": 64000000,
        "othercomprehensiveincomeunrealizedgainlossonderivativesarisingduringperiodnetoftax": 2000000,
        "othercomprehensiveincomelossnetoftax": 44000000,
        "comprehensiveincomenetoftaxincludingportionattributabletononcontrollinginterest": 1096000000,
        "comprehensiveincomenetoftaxattributabletononcontrollinginterest": -1000000,
        "comprehensiveincomenetoftax": 1097000000,
        "equipmentandservices": 4403000000,
        "licensesrevenue": 2491000000,
        "revenues": 6894000000,
        "costofrevenue": 2628000000,
        "researchanddevelopmentexpense": 1375000000,
        "sellinggeneralandadministrativeexpense": 545000000,
        "otheroperatingincomeexpensenet": -1010000000,
        "costsandexpenses": 5558000000,
        "operatingincomeloss": 1336000000,
        "investmentincomenonoperating": 203000000,
        "incomelossfromcontinuingoperationsbeforeincometaxesextraordinaryitemsnoncontrollinginterest": 1539000000,
        "incometaxexpensebenefit": 487000000,
        "incomelossfromcontinuingoperationsincludingportionattributabletononcontrollinginterest": 1052000000,
        "netincomelossattributabletononcontrollinginterest": -1000000,
        "netincomeloss": 1053000000,
        "incomelossfromcontinuingoperationsperbasicshare": 0.64,
        "earningspersharebasic": 0.64,
        "incomelossfromcontinuingoperationsperdilutedshare": 0.63,
        "earningspersharediluted": 0.63,
        "weightedaveragenumberofsharesoutstandingbasic": 1645000000,
        "weightedaveragenumberofdilutedsharesoutstanding": 1667000000,
        "commonstockdividendspersharedeclared": 0.42
    },
    {
        "date": "2014-12-27",
        "symbol": "QCOM",
        "period": "Q1",
        "profitloss": 1971000000,
        "othercomprehensiveincomeforeigncurrencytransactionandtranslationgainlossarisingduringperiodnetoftax": -21000000,
        "otherthantemporaryimpairmentlossesinothercomprehensiveincomelossandsubsequentchangesinfairvaluenetoftax": -9000000,
        "othercomprehensiveincomelossreclassificationadjustmentfromaociforwritedownofsecuritiesnetoftax": 41000000,
        "othercomprehensiveincomeunrealizedholdinggainlossonsecuritiesarisingduringperiodnetoftax": -104000000,
        "othercomprehensiveincomelossreclassificationadjustmentfromaociforsaleofsecuritiesnetoftax": 111000000,
        "othercomprehensiveincomeunrealizedgainlossonderivativesarisingduringperiodnetoftax": -2000000,
        "othercomprehensiveincomelossnetoftax": -206000000,
        "comprehensiveincomenetoftaxincludingportionattributabletononcontrollinginterest": 1765000000,
        "comprehensiveincomenetoftaxattributabletononcontrollinginterest": -1000000,
        "comprehensiveincomenetoftax": 1766000000,
        "equipmentandservices": 5216000000,
        "licensesrevenue": 1883000000,
        "revenues": 7099000000,
        "costofrevenue": 3047000000,
        "researchanddevelopmentexpense": 1352000000,
        "sellinggeneralandadministrativeexpense": 567000000,
        "otheroperatingincomeexpensenet": -69000000,
        "costsandexpenses": 5035000000,
        "operatingincomeloss": 2064000000,
        "investmentincomenonoperating": 234000000,
        "incomelossfromcontinuingoperationsbeforeincometaxesextraordinaryitemsnoncontrollinginterest": 2298000000,
        "incometaxexpensebenefit": 327000000,
        "incomelossfromcontinuingoperationsincludingportionattributabletononcontrollinginterest": 1971000000,
        "netincomelossattributabletononcontrollinginterest": -1000000,
        "netincomeloss": 1972000000,
        "incomelossfromcontinuingoperationsperbasicshare": 1.19,
        "earningspersharebasic": 1.19,
        "incomelossfromcontinuingoperationsperdilutedshare": 1.17,
        "earningspersharediluted": 1.17,
        "weightedaveragenumberofsharesoutstandingbasic": 1661000000,
        "weightedaveragenumberofdilutedsharesoutstanding": 1686000000,
        "commonstockdividendspersharedeclared": 0.42
    },
    {
        "date": "2014-09-27",
        "symbol": "QCOM",
        "period": "Q4",
        "profitloss": 1894000000,
        "othercomprehensiveincomelossnetoftax": -191000000,
        "comprehensiveincomenetoftaxincludingportionattributabletononcontrollinginterest": 1703000000,
        "comprehensiveincomenetoftaxattributabletononcontrollinginterest": 0,
        "comprehensiveincomenetoftax": 1703000000,
        "equipmentandservices": 4822000000,
        "licensesrevenue": 1870000000,
        "revenues": 6692000000,
        "costofrevenue": 2757000000,
        "researchanddevelopmentexpense": 1364000000,
        "sellinggeneralandadministrativeexpense": 545000000,
        "operatingincomeloss": 1992000000,
        "incomelossfromcontinuingoperationsbeforeincometaxesextraordinaryitemsnoncontrollinginterest": 2252000000,
        "incometaxexpensebenefit": 358000000,
        "incomelossfromcontinuingoperationsincludingportionattributabletononcontrollinginterest": 1894000000,
        "netincomelossattributabletononcontrollinginterest": 0,
        "netincomeloss": 1894000000,
        "incomelossfromcontinuingoperationsperbasicshare": 1.1300000000000003,
        "earningspersharebasic": 1.1300000000000001,
        "incomelossfromcontinuingoperationsperdilutedshare": 1.1200000000000006,
        "earningspersharediluted": 1.1200000000000008,
        "weightedaveragenumberofsharesoutstandingbasic": 1683000000,
        "weightedaveragenumberofdilutedsharesoutstanding": 1714000000,
        "commonstockdividendspersharedeclared": 0.41999999999999993
    },
    {
        "date": "2014-06-28",
        "symbol": "QCOM",
        "period": "Q3",
        "profitloss": 2237000000,
        "reclassificationofnetrealizedgainslossesonmarketablesecuritiesandderivativeinstrumentsincludedinnetincomenetofincometaxes": 174000000,
        "othercomprehensiveincomelossnetoftax": 15000000,
        "comprehensiveincomenetoftaxincludingportionattributabletononcontrollinginterest": 2252000000,
        "comprehensiveincomenetoftaxattributabletononcontrollinginterest": -1000000,
        "comprehensiveincomenetoftax": 2253000000,
        "equipmentandservices": 4922000000,
        "licensesrevenue": 1884000000,
        "revenues": 6806000000,
        "costofrevenue": 2740000000,
        "researchanddevelopmentexpense": 1430000000,
        "sellinggeneralandadministrativeexpense": 583000000,
        "operatingincomeloss": 2075000000,
        "incomelossfromcontinuingoperationsbeforeincometaxesextraordinaryitemsnoncontrollinginterest": 2497000000,
        "incometaxexpensebenefit": 260000000,
        "incomelossfromcontinuingoperationsincludingportionattributabletononcontrollinginterest": 2237000000,
        "netincomelossattributabletononcontrollinginterest": -1000000,
        "netincomeloss": 2238000000,
        "incomelossfromcontinuingoperationsperbasicshare": 1.33,
        "earningspersharebasic": 1.3300000000000003,
        "incomelossfromcontinuingoperationsperdilutedshare": 1.2999999999999998,
        "earningspersharediluted": 1.2999999999999996,
        "weightedaveragenumberofsharesoutstandingbasic": 1686000000,
        "weightedaveragenumberofdilutedsharesoutstanding": 1718000000,
        "commonstockdividendspersharedeclared": 0.42000000000000015
    },
    {
        "date": "2014-03-29",
        "symbol": "QCOM",
        "period": "Q2",
        "profitloss": 1959000000,
        "reclassificationofnetrealizedgainslossesonmarketablesecuritiesandderivativeinstrumentsincludedinnetincomenetofincometaxes": 152000000,
        "othercomprehensiveincomelossnetoftax": 26000000,
        "comprehensiveincomenetoftaxincludingportionattributabletononcontrollinginterest": 1985000000,
        "comprehensiveincomenetoftaxattributabletononcontrollinginterest": -1000000,
        "comprehensiveincomenetoftax": 1986000000,
        "equipmentandservices": 4228000000,
        "licensesrevenue": 2139000000,
        "revenues": 6367000000,
        "costofrevenue": 2483000000,
        "researchanddevelopmentexpense": 1355000000,
        "sellinggeneralandadministrativeexpense": 539000000,
        "othercostandexpenseoperating": 0,
        "operatingincomeloss": 1990000000,
        "incomelossfromcontinuingoperationsbeforeincometaxesextraordinaryitemsnoncontrollinginterest": 2272000000,
        "incometaxexpensebenefit": 313000000,
        "incomelossfromcontinuingoperationsincludingportionattributabletononcontrollinginterest": 1959000000,
        "incomelossfromdiscontinuedoperationsnetoftax": 0,
        "netincomelossattributabletononcontrollinginterest": -1000000,
        "netincomeloss": 1960000000,
        "incomelossfromcontinuingoperationsperbasicshare": 1.1600000000000001,
        "incomelossfromdiscontinuedoperationsnetoftaxperbasicshare": 0,
        "earningspersharebasic": 1.16,
        "incomelossfromcontinuingoperationsperdilutedshare": 1.1400000000000001,
        "incomelossfromdiscontinuedoperationsnetoftaxperdilutedshare": 0,
        "earningspersharediluted": 1.14,
        "weightedaveragenumberofsharesoutstandingbasic": 1688000000,
        "weightedaveragenumberofdilutedsharesoutstanding": 1721000000,
        "commonstockdividendspersharedeclared": 0.35
    },
    {
        "date": "2013-12-28",
        "symbol": "QCOM",
        "period": "Q1",
        "profitloss": 1874000000,
        "othercomprehensiveincomelossforeigncurrencytransactionandtranslationadjustmentnetoftax": 6000000,
        "reclassificationofotherthantemporarylossesonmarketablesecuritiesincludedinnetincomenetofincometaxes": 19000000,
        "othercomprehensiveincomeunrealizedholdinggainlossonsecuritiesarisingduringperiodnetoftax": 84000000,
        "reclassificationofnetrealizedgainslossesonmarketablesecuritiesandderivativeinstrumentsincludedinnetincomenetofincometaxes": 78000000,
        "othercomprehensiveincomelossnetoftax": 31000000,
        "comprehensiveincomenetoftaxincludingportionattributabletononcontrollinginterest": 1905000000,
        "comprehensiveincomenetoftaxattributabletononcontrollinginterest": -1000000,
        "comprehensiveincomenetoftax": 1906000000,
        "equipmentandservices": 4653000000,
        "licensesrevenue": 1969000000,
        "revenues": 6622000000,
        "costofrevenue": 2706000000,
        "researchanddevelopmentexpense": 1328000000,
        "sellinggeneralandadministrativeexpense": 623000000,
        "othercostandexpenseoperating": 472000000,
        "totaloperatingexpenses": 5129000000,
        "operatingincomeloss": 1493000000,
        "investmentincomelossnet": 264000000,
        "incomelossfromcontinuingoperationsbeforeincometaxesextraordinaryitemsnoncontrollinginterest": 1757000000,
        "incometaxexpensebenefit": 313000000,
        "incomelossfromcontinuingoperationsincludingportionattributabletononcontrollinginterest": 1444000000,
        "incomelossfromdiscontinuedoperationsnetoftax": 430000000,
        "netincomelossattributabletononcontrollinginterest": -1000000,
        "netincomeloss": 1875000000,
        "incomelossfromcontinuingoperationsperbasicshare": 0.86,
        "incomelossfromdiscontinuedoperationsnetoftaxperbasicshare": 0.25,
        "earningspersharebasic": 1.11,
        "incomelossfromcontinuingoperationsperdilutedshare": 0.84,
        "incomelossfromdiscontinuedoperationsnetoftaxperdilutedshare": 0.25,
        "earningspersharediluted": 1.09,
        "weightedaveragenumberofsharesoutstandingbasic": 1688000000,
        "weightedaveragenumberofdilutedsharesoutstanding": 1722000000,
        "commonstockdividendspersharedeclared": 0.35
    },
    {
        "date": "2013-09-28",
        "symbol": "QCOM",
        "period": "Q4",
        "profitloss": 1501000000,
        "othercomprehensiveincomelossforeigncurrencytransactionandtranslationadjustmentnetoftax": 3000000,
        "reclassificationofotherthantemporarylossesonmarketablesecuritiesincludedinnetincomenetofincometaxes": 23000000,
        "othercomprehensiveincomeunrealizedholdinggainlossonsecuritiesarisingduringperiodbeforetax": 95000000,
        "reclassificationofnetrealizedgainslossesonmarketablesecuritiesandderivativeinstrumentsincludedinnetincomenetofincometaxes": 66000000,
        "othercomprehensiveincomelossnetoftax": 55000000,
        "comprehensiveincomenetoftaxincludingportionattributabletononcontrollinginterest": 1556000000,
        "comprehensiveincomenetoftaxattributabletononcontrollinginterest": 0,
        "comprehensiveincomenetoftax": 1556000000,
        "equipmentandservices": 4514000000,
        "revenues": 6481000000,
        "costofrevenue": 2714000000,
        "researchanddevelopmentexpense": 1349000000,
        "sellinggeneralandadministrativeexpense": 657000000,
        "totaloperatingexpenses": 4893000000,
        "operatingincomeloss": 1588000000,
        "investmentincomelossnet": 234000000,
        "incomelossfromcontinuingoperationsbeforeincometaxesextraordinaryitemsnoncontrollinginterest": 1822000000,
        "incometaxexpensebenefit": 321000000,
        "incomelossfromcontinuingoperationsincludingportionattributabletononcontrollinginterest": 1501000000,
        "netincomelossattributabletononcontrollinginterest": 0,
        "netincomeloss": 1501000000,
        "incomelossfromcontinuingoperationsperbasicshare": 0.8800000000000003,
        "earningspersharebasic": 0.8800000000000003,
        "incomelossfromcontinuingoperationsperdilutedshare": 0.8700000000000003,
        "earningspersharediluted": 0.8700000000000003,
        "weightedaveragenumberofsharesoutstandingbasic": 1715000000,
        "weightedaveragenumberofdilutedsharesoutstanding": 1754000000,
        "commonstockdividendspersharedeclared": 0.35
    },
    {
        "date": "2013-06-29",
        "symbol": "QCOM",
        "period": "Q3",
        "profitloss": 1578000000,
        "othercomprehensiveincomelossforeigncurrencytransactionandtranslationadjustmentnetoftax": -15000000,
        "otherthantemporaryimpairmentlossesandsubsequentchangesinfairvalueinvestmentsportioninothercomprehensiveincomelossnetoftaxportionattributabletoparent": 0,
        "reclassificationofotherthantemporarylossesonmarketablesecuritiesincludedinnetincomenetofincometaxes": 13000000,
        "othercomprehensiveincomeunrealizedholdinggainlossonsecuritiesarisingduringperiodbeforetax": -297000000,
        "reclassificationofnetrealizedgainslossesonmarketablesecuritiesandderivativeinstrumentsincludedinnetincomenetofincometaxes": 35000000,
        "othercomprehensiveincomelossnetoftax": -323000000,
        "comprehensiveincomenetoftaxincludingportionattributabletononcontrollinginterest": 1255000000,
        "comprehensiveincomenetoftaxattributabletononcontrollinginterest": -2000000,
        "comprehensiveincomenetoftax": 1257000000,
        "equipmentandservices": 4285000000,
        "revenues": 6243000000,
        "costofrevenue": 2497000000,
        "researchanddevelopmentexpense": 1298000000,
        "sellinggeneralandadministrativeexpense": 613000000,
        "totaloperatingexpenses": 4566000000,
        "operatingincomeloss": 1677000000,
        "investmentincomelossnet": 232000000,
        "incomelossfromcontinuingoperationsbeforeincometaxesextraordinaryitemsnoncontrollinginterest": 1909000000,
        "incometaxexpensebenefit": 331000000,
        "incomelossfromcontinuingoperationsincludingportionattributabletononcontrollinginterest": 1578000000,
        "netincomelossattributabletononcontrollinginterest": -2000000,
        "netincomeloss": 1580000000,
        "incomelossfromcontinuingoperationsperbasicshare": 0.9099999999999997,
        "earningspersharebasic": 0.9099999999999997,
        "incomelossfromcontinuingoperationsperdilutedshare": 0.8899999999999999,
        "earningspersharediluted": 0.8899999999999999,
        "weightedaveragenumberofsharesoutstandingbasic": 1720000000,
        "weightedaveragenumberofdilutedsharesoutstanding": 1760000000,
        "commonstockdividendspersharedeclared": 0.35
    },
    {
        "date": "2013-03-30",
        "symbol": "QCOM",
        "period": "Q2",
        "profitloss": 1863000000,
        "othercomprehensiveincomelossforeigncurrencytransactionandtranslationadjustmentnetoftax": -10000000,
        "otherthantemporaryimpairmentlossesandsubsequentchangesinfairvalueinvestmentsportioninothercomprehensiveincomelossnetoftaxportionattributabletoparent": 9000000,
        "othercomprehensiveincomeunrealizedholdinggainlossonsecuritiesarisingduringperiodbeforetax": 196000000,
        "reclassificationofnetrealizedgainslossesonmarketablesecuritiesandderivativeinstrumentsincludedinnetincomenetofincometaxes": 56000000,
        "reclassificationofotherthantemporarylossesonmarketablesecuritiesincludedinnetincomenetofincometaxes": 2000000,
        "othercomprehensiveincomelossnetoftax": 141000000,
        "comprehensiveincomenetoftaxincludingportionattributabletononcontrollinginterest": 2004000000,
        "comprehensiveincomenetoftaxattributabletononcontrollinginterest": -3000000,
        "comprehensiveincomenetoftax": 2007000000,
        "equipmentandservices": 3990000000,
        "licensesrevenue": 2134000000,
        "revenues": 6124000000,
        "costofrevenue": 2372000000,
        "researchanddevelopmentexpense": 1214000000,
        "sellinggeneralandadministrativeexpense": 661000000,
        "totaloperatingexpenses": 4247000000,
        "operatingincomeloss": 1877000000,
        "investmentincomelossnet": 259000000,
        "incomelossfromcontinuingoperationsbeforeincometaxesextraordinaryitemsnoncontrollinginterest": 2136000000,
        "incometaxexpensebenefit": 273000000,
        "incomelossfromcontinuingoperationsincludingportionattributabletononcontrollinginterest": 1863000000,
        "netincomelossattributabletononcontrollinginterest": -3000000,
        "netincomeloss": 1866000000,
        "incomelossfromcontinuingoperationsperbasicshare": 1.08,
        "earningspersharebasic": 1.08,
        "incomelossfromcontinuingoperationsperdilutedshare": 1.06,
        "earningspersharediluted": 1.06,
        "weightedaveragenumberofsharesoutstandingbasic": 1722000000,
        "weightedaveragenumberofdilutedsharesoutstanding": 1763000000,
        "commonstockdividendspersharedeclared": 0.25
    },
    {
        "date": "2012-12-29",
        "symbol": "QCOM",
        "period": "Q1",
        "profitloss": 1903000000,
        "othercomprehensiveincomelossforeigncurrencytransactionandtranslationadjustmentnetoftax": 2000000,
        "otherthantemporaryimpairmentlossesandsubsequentchangesinfairvalueinvestmentsportioninothercomprehensiveincomelossnetoftaxportionattributabletoparent": -10000000,
        "othercomprehensiveincomeunrealizedholdinggainlossonsecuritiesarisingduringperiodbeforetax": 50000000,
        "reclassificationofnetrealizedgainslossesonmarketablesecuritiesandderivativeinstrumentsincludedinnetincomenetofincometaxes": 38000000,
        "reclassificationofotherthantemporarylossesonmarketablesecuritiesincludedinnetincomenetofincometaxes": 9000000,
        "othercomprehensiveincomelossnetoftax": 13000000,
        "comprehensiveincomenetoftaxincludingportionattributabletononcontrollinginterest": 1916000000,
        "comprehensiveincomenetoftaxattributabletononcontrollinginterest": -4000000,
        "comprehensiveincomenetoftax": 1920000000,
        "equipmentandservices": 4199000000,
        "licensingandroyaltyfees": 1819000000,
        "revenues": 6018000000,
        "costofrevenue": 2237000000,
        "researchanddevelopmentexpense": 1106000000,
        "sellinggeneralandadministrativeexpense": 587000000,
        "totaloperatingexpenses": 3930000000,
        "operatingincomeloss": 2088000000,
        "investmentincomelossnet": 239000000,
        "incomelossfromcontinuingoperationsbeforeincometaxesextraordinaryitemsnoncontrollinginterest": 2327000000,
        "incometaxexpensebenefit": 424000000,
        "incomelossfromcontinuingoperationsincludingportionattributabletononcontrollinginterest": 1903000000,
        "netincomelossattributabletononcontrollinginterest": -3000000,
        "netincomeloss": 1906000000,
        "incomelossfromcontinuingoperationsperbasicshare": 1.12,
        "earningspersharebasic": 1.12,
        "incomelossfromcontinuingoperationsperdilutedshare": 1.09,
        "earningspersharediluted": 1.09,
        "weightedaveragenumberofsharesoutstandingbasic": 1709000000,
        "weightedaveragenumberofdilutedsharesoutstanding": 1751000000,
        "commonstockdividendspersharedeclared": 0.25
    },
    {
        "date": "2012-09-29",
        "symbol": "QCOM",
        "period": "Q4",
        "equipmentandservices": 3212000000,
        "licensingandroyaltyfees": 1658000000,
        "revenues": 4870000000,
        "costofrevenue": 1841000000,
        "researchanddevelopmentexpense": 1114000000,
        "sellinggeneralandadministrativeexpense": 681000000,
        "totaloperatingexpenses": 3636000000,
        "operatingincomeloss": 1234000000,
        "investmentincomelossnet": 291000000,
        "incomelossfromcontinuingoperationsbeforeincometaxesextraordinaryitemsnoncontrollinginterest": 1525000000,
        "incometaxexpensebenefit": 286000000,
        "incomelossfromcontinuingoperationsincludingportionattributabletononcontrollinginterest": 1239000000,
        "incomelossfromdiscontinuedoperationsnetoftax": 23000000,
        "profitloss": 1262000000,
        "netincomelossattributabletononcontrollinginterest": -9000000,
        "netincomeloss": 1271000000,
        "incomelossfromcontinuingoperationsperbasicshare": 0.7400000000000003,
        "earningspersharebasic": 0.7399999999999999,
        "incomelossfromcontinuingoperationsperdilutedshare": 0.71,
        "earningspersharediluted": 0.7300000000000002,
        "weightedaveragenumberofsharesoutstandingbasic": 1700000000,
        "weightedaveragenumberofdilutedsharesoutstanding": 1741000000,
        "commonstockdividendspersharedeclared": 0.24999999999999997
    },
    {
        "date": "2012-06-23",
        "symbol": "QCOM",
        "period": "Q3",
        "equipmentandservices": 2949000000,
        "licensingandroyaltyfees": 1678000000,
        "revenues": 4627000000,
        "costofrevenue": 1718000000,
        "researchanddevelopmentexpense": 974000000,
        "sellinggeneralandadministrativeexpense": 545000000,
        "totaloperatingexpenses": 3244000000,
        "operatingincomeloss": 1383000000,
        "investmentincomelossnet": 199000000,
        "incomelossfromcontinuingoperationsbeforeincometaxesextraordinaryitemsnoncontrollinginterest": 1582000000,
        "incometaxexpensebenefit": 376000000,
        "incomelossfromcontinuingoperationsincludingportionattributabletononcontrollinginterest": 1206000000,
        "incomelossfromdiscontinuedoperationsnetoftax": -3000000,
        "profitloss": 1203000000,
        "netincomelossattributabletononcontrollinginterest": -4000000,
        "netincomeloss": 1207000000,
        "incomelossfromcontinuingoperationsperbasicshare": 0.7100000000000001,
        "earningspersharebasic": 0.7100000000000001,
        "incomelossfromcontinuingoperationsperdilutedshare": 0.7000000000000002,
        "earningspersharediluted": 0.6899999999999997,
        "weightedaveragenumberofsharesoutstandingbasic": 1699000000,
        "weightedaveragenumberofdilutedsharesoutstanding": 1740000000,
        "commonstockdividendspersharedeclared": 0.2500000000000001
    },
    {
        "date": "2012-03-24",
        "symbol": "QCOM",
        "period": "Q2",
        "equipmentandservices": 3137000000,
        "licensingandroyaltyfees": 1806000000,
        "revenues": 4943000000,
        "costofrevenue": 1783000000,
        "researchanddevelopmentexpense": 954000000,
        "sellinggeneralandadministrativeexpense": 595000000,
        "othercostandexpenseoperating": 97000000,
        "totaloperatingexpenses": 3429000000,
        "operatingincomeloss": 1514000000,
        "investmentincomelossnet": 220000000,
        "incomelossfromcontinuingoperationsbeforeincometaxesextraordinaryitemsnoncontrollinginterest": 1734000000,
        "incometaxexpensebenefit": 296000000,
        "incomelossfromcontinuingoperationsincludingportionattributabletononcontrollinginterest": 1438000000,
        "incomelossfromdiscontinuedoperationsnetoftax": 761000000,
        "profitloss": 2199000000,
        "netincomelossattributabletononcontrollinginterest": -31000000,
        "netincomeloss": 2230000000,
        "incomelossfromcontinuingoperationsperbasicshare": 0.86,
        "incomelossfromdiscontinuedoperationsnetoftaxperbasicshare": 0.45,
        "earningspersharebasic": 1.31,
        "incomelossfromcontinuingoperationsperdilutedshare": 0.84,
        "incomelossfromdiscontinuedoperationsnetoftaxperdilutedshare": 0.44,
        "earningspersharediluted": 1.28,
        "weightedaveragenumberofsharesoutstandingbasic": 1698000000,
        "weightedaveragenumberofdilutedsharesoutstanding": 1743000000,
        "commonstockdividendspersharedeclared": 0.215
    },
    {
        "date": "2011-12-24",
        "symbol": "QCOM",
        "period": "Q1",
        "equipmentandservices": 3167000000,
        "licensingandroyaltyfees": 1514000000,
        "revenues": 4681000000,
        "costofrevenue": 1754000000,
        "researchanddevelopmentexpense": 873000000,
        "sellinggeneralandadministrativeexpense": 503000000,
        "totaloperatingexpenses": 3130000000,
        "operatingincomeloss": 1551000000,
        "investmentincomelossnet": 170000000,
        "incomelossfromcontinuingoperationsbeforeincometaxesextraordinaryitemsnoncontrollinginterest": 1721000000,
        "incometaxexpensebenefit": 321000000,
        "incomelossfromcontinuingoperationsincludingportionattributabletononcontrollinginterest": 1400000000,
        "incomelossfromdiscontinuedoperationsnetoftax": -5000000,
        "profitloss": 1395000000,
        "netincomelossattributabletononcontrollinginterest": -6000000,
        "netincomeloss": 1401000000,
        "incomelossfromcontinuingoperationsperbasicshare": 0.83,
        "earningspersharebasic": 0.83,
        "incomelossfromcontinuingoperationsperdilutedshare": 0.81,
        "earningspersharediluted": 0.81,
        "weightedaveragenumberofsharesoutstandingbasic": 1684000000,
        "weightedaveragenumberofdilutedsharesoutstanding": 1721000000,
        "commonstockdividendspersharedeclared": 0.215
    },
    {
        "date": "2011-09-24",
        "symbol": "QCOM",
        "period": "Q4",
        "equipmentandservices": 2673000000,
        "licensingandroyaltyfees": 1444000000,
        "revenues": 4117000000,
        "costofrevenue": 1497000000,
        "researchanddevelopmentexpense": 851000000,
        "sellinggeneralandadministrativeexpense": 532000000,
        "totaloperatingexpenses": 2880000000,
        "operatingincomeloss": 1237000000,
        "investmentincomelossnet": 87000000,
        "incometaxexpensebenefit": 270000000,
        "profitloss": 1048000000,
        "earningspersharebasic": 0.6300000000000001,
        "earningspersharediluted": 0.6200000000000001,
        "weightedaveragenumberofsharesoutstandingbasic": 1658000000,
        "weightedaveragenumberofdilutedsharesoutstanding": 1691000000,
        "commonstockdividendspersharedeclared": 0.21500000000000008
    },
    {
        "date": "2011-06-25",
        "symbol": "QCOM",
        "period": "Q3",
        "equipmentandservices": 2293000000,
        "licensingandroyaltyfees": 1324000000,
        "revenues": 4849000000,
        "costofrevenue": 887000000,
        "researchanddevelopmentexpense": 733000000,
        "sellinggeneralandadministrativeexpense": 391000000,
        "totaloperatingexpenses": 2011000000,
        "operatingincomeloss": 1606000000,
        "investmentincomelossnet": 170000000,
        "incometaxexpensebenefit": 440000000,
        "profitloss": 1029000000,
        "earningspersharebasic": 0.6199999999999999,
        "earningspersharediluted": 0.6000000000000001,
        "commonstockdividendspersharedeclared": 0.21499999999999997,
        "weightedaveragenumberofsharesoutstandingbasic": 1650000000,
        "weightedaveragenumberofdilutedsharesoutstanding": 1682000000
    },
    {
        "date": "2011-03-26",
        "symbol": "QCOM",
        "period": "Q2",
        "equipmentandservices": 2044000000,
        "licensingandroyaltyfees": 1831000000,
        "revenues": 3875000000,
        "costofrevenue": 1363000000,
        "researchanddevelopmentexpense": 740000000,
        "sellinggeneralandadministrativeexpense": 585000000,
        "goodwillimpairmentloss": 114000000,
        "totaloperatingexpenses": 2802000000,
        "operatingincomeloss": 1073000000,
        "investmentincomelossnet": 185000000,
        "incomebeforeincometaxes": 1258000000,
        "incometaxexpensebenefit": 263000000,
        "profitloss": 995000000,
        "netincomelossattributabletononcontrollinginterest": -4000000,
        "netincomeloss": 999000000,
        "earningspersharebasic": 0.6,
        "earningspersharediluted": 0.59,
        "weightedaveragenumberofsharesoutstandingbasic": 1654000000,
        "weightedaveragenumberofdilutedsharesoutstanding": 1689000000,
        "commonstockdividendspersharedeclared": 0.19
    },
    {
        "date": "2010-12-25",
        "symbol": "QCOM",
        "period": "Q1",
        "equipmentandservices": 2213000000,
        "licensingandroyaltyfees": 1135000000,
        "revenues": 2116000000,
        "costofrevenue": 1130000000,
        "researchanddevelopmentexpense": 671000000,
        "sellinggeneralandadministrativeexpense": 437000000,
        "totaloperatingexpenses": 2238000000,
        "operatingincomeloss": 1110000000,
        "investmentincomelossnet": 219000000,
        "incomebeforeincometaxes": 640000000,
        "incometaxexpensebenefit": 159000000,
        "profitloss": 1170000000,
        "earningspersharebasic": 0.72,
        "earningspersharediluted": 0.71,
        "weightedaveragenumberofsharesoutstandingbasic": 1623000000,
        "weightedaveragenumberofdilutedsharesoutstanding": 1648000000,
        "commonstockdividendspersharedeclared": 0.19
    },
    {
        "date": "2010-09-25",
        "symbol": "QCOM",
        "period": "Q4",
        "licensingandroyaltyfees": 1002000000,
        "revenues": 2952000000,
        "costofrevenue": 987000000,
        "researchanddevelopmentexpense": 656000000,
        "sellinggeneralandadministrativeexpense": 473000000,
        "totaloperatingexpenses": 2116000000,
        "operatingincomeloss": 836000000,
        "incomebeforeincometaxes": 1046000000,
        "earningspersharebasic": 0.54,
        "earningspersharediluted": 0.53,
        "weightedaveragenumberofsharesoutstandingbasic": 1643000000,
        "weightedaveragenumberofdilutedsharesoutstanding": 1658000000,
        "commonstockdividendspersharedeclared": 0.18999999999999997
    },
    {
        "date": "2010-06-26",
        "symbol": "QCOM",
        "period": "Q3",
        "equipmentandservices": 1772000000,
        "licensingandroyaltyfees": 934000000,
        "revenues": 2706000000,
        "costofrevenue": 905000000,
        "researchanddevelopmentexpense": 649000000,
        "sellinggeneralandadministrativeexpense": 360000000,
        "totaloperatingexpenses": 1914000000,
        "operatingincomeloss": 792000000,
        "investmentincomenetincluding": 179000000,
        "incomebeforeincometaxes": 971000000,
        "incometaxexpensebenefit": 204000000,
        "profitloss": 767000000,
        "earningspersharebasic": 0.47,
        "earningspersharediluted": 0.47,
        "weightedaveragenumberofsharesoutstandingbasic": 1629000000,
        "weightedaveragenumberofdilutedsharesoutstanding": 1642000000,
        "commonstockdividendspersharedeclared": 0.19
    },
    {
        "date": "2010-03-27",
        "symbol": "QCOM",
        "period": "Q2",
        "equipmentandservices": 1595000000,
        "licensingandroyaltyfees": 1068000000,
        "revenues": 2663000000,
        "costofrevenue": 809000000,
        "researchanddevelopmentexpense": 648000000,
        "sellinggeneralandadministrativeexpense": 430000000,
        "totaloperatingexpenses": 1887000000,
        "operatingincomeloss": 776000000,
        "investmentincomenetincluding": 189000000,
        "incomebeforeincometaxes": 965000000,
        "incometaxexpensebenefit": 191000000,
        "netincomeloss": 774000000,
        "earningspersharebasic": 0.47,
        "earningspersharediluted": 0.46,
        "weightedaveragenumberofsharesoutstandingbasic": 1662000000,
        "weightedaveragenumberofdilutedsharesoutstanding": 1678000000,
        "commonstockdividendspersharedeclared": 0.17
    },
    {
        "date": "2009-12-26",
        "symbol": "QCOM",
        "period": "Q1",
        "equipmentandservices": 1663000000,
        "licensingandroyaltyfees": 1007000000,
        "revenues": 2670000000,
        "costofrevenue": 816000000,
        "researchanddevelopmentexpense": 596000000,
        "sellinggeneralandadministrativeexpense": 379000000,
        "totaloperatingexpenses": 1791000000,
        "operatingincomeloss": 879000000,
        "investmentincomenetincluding": 173000000,
        "incomebeforeincometaxes": 1052000000,
        "incometaxexpensebenefit": 211000000,
        "netincomeloss": 841000000,
        "earningspersharebasic": 0.5,
        "earningspersharediluted": 0.5,
        "weightedaveragenumberofsharesoutstandingbasic": 1672000000,
        "weightedaveragenumberofdilutedsharesoutstanding": 1691000000,
        "commonstockdividendspersharedeclared": 0.17
    }
]