[
    {
        "date": "2024-09-29",
        "symbol": "XYL",
        "period": "Q3",
        "revenuefromcontractwithcustomerexcludingassessedtax": 2104000000,
        "costofrevenue": 1320000000,
        "grossprofit": 784000000,
        "sellinggeneralandadministrativeexpense": 445000000,
        "researchanddevelopmentexpense": 55000000,
        "restructuringandassetimpairmentlosses": 4000000,
        "operatingincomeloss": 280000000,
        "interestexpensenonoperating": 10000000,
        "othernonoperatingincomeexpense": 1000000,
        "gainlossonsaleofbusiness": -2000000,
        "incomelossfromcontinuingoperationsbeforeincometaxesextraordinaryitemsnoncontrollinginterest": 269000000,
        "incometaxexpensebenefit": 52000000,
        "profitloss": 217000000,
        "earningspersharebasic": 0.89,
        "earningspersharediluted": 0.89,
        "weightedaveragenumberofsharesoutstandingbasic": 242932000,
        "weightedaveragenumberofdilutedsharesoutstanding": 243750000,
        "othercomprehensiveincomeforeigncurrencytransactionandtranslationgainlossbeforereclassificationandtax": 97000000,
        "unrealizedgainlossonforeigncurrencyderivativesnetbeforetax": -7000000,
        "foreigncurrencycashflowhedgegainlossreclassifiedtoearningsnet": 2000000,
        "othercomprehensiveincomelossdefinedbenefitplanforeigncurrencytransactionandtranslationadjustmentbeforetax": -2000000,
        "othercomprehensiveincomelossbeforetax": 100000000,
        "othercomprehensiveincomelosstax": -13000000,
        "othercomprehensiveincomelossnetoftaxportionattributabletoparent": 113000000,
        "comprehensiveincomenetoftaxincludingportionattributabletononcontrollinginterest": 330000000
    },
    {
        "date": "2024-06-29",
        "symbol": "XYL",
        "period": "Q2",
        "revenuefromcontractwithcustomerexcludingassessedtax": 1802000000,
        "costofrevenue": 1079000000,
        "grossprofit": 819000000,
        "sellinggeneralandadministrativeexpense": 485000000,
        "researchanddevelopmentexpense": 58000000,
        "restructuringandassetimpairmentlosses": 23000000,
        "operatingincomeloss": 253000000,
        "othernonoperatingincomeexpense": 4000000,
        "gainlossonsaleofbusiness": 1000000,
        "incomelossfromcontinuingoperationsbeforeincometaxesextraordinaryitemsnoncontrollinginterest": 247000000,
        "incometaxexpensebenefit": 53000000,
        "profitloss": 194000000,
        "earningspersharebasic": 0.7999999999999999,
        "earningspersharediluted": 0.7999999999999999,
        "weightedaveragenumberofsharesoutstandingbasic": 242200000,
        "weightedaveragenumberofdilutedsharesoutstanding": 243300000,
        "othercomprehensiveincomeforeigncurrencytransactionandtranslationgainlossbeforereclassificationandtax": 6000000,
        "unrealizedgainlossonforeigncurrencyderivativesnetbeforetax": 0,
        "othercomprehensiveincomelossbeforetax": 5000000,
        "othercomprehensiveincomelosstax": 5000000,
        "othercomprehensiveincomelossnetoftaxportionattributabletoparent": 0,
        "comprehensiveincomenetoftaxincludingportionattributabletononcontrollinginterest": 194000000
    },
    {
        "date": "2024-03-30",
        "symbol": "XYL",
        "period": "Q1",
        "revenuefromcontractwithcustomerexcludingassessedtax": 1690000000,
        "costofrevenue": 1021000000,
        "grossprofit": 752000000,
        "sellinggeneralandadministrativeexpense": 474000000,
        "researchanddevelopmentexpense": 59000000,
        "restructuringandassetimpairmentlosses": 10000000,
        "operatingincomeloss": 209000000,
        "interestexpense": 14000000,
        "othernonoperatingincomeexpense": 6000000,
        "gainlossonsaleofbusiness": -5000000,
        "incomelossfromcontinuingoperationsbeforeincometaxesextraordinaryitemsnoncontrollinginterest": 196000000,
        "incometaxexpensebenefit": 43000000,
        "profitloss": 153000000,
        "earningspersharebasic": 0.63,
        "earningspersharediluted": 0.63,
        "weightedaveragenumberofsharesoutstandingbasic": 241900000,
        "weightedaveragenumberofdilutedsharesoutstanding": 243000000,
        "othercomprehensiveincomeforeigncurrencytransactionandtranslationgainlossbeforereclassificationandtax": -65000000,
        "unrealizedgainlossonforeigncurrencyderivativesnetbeforetax": -3000000,
        "foreigncurrencycashflowhedgegainlossreclassifiedtoearningsnet": 1000000,
        "othercomprehensiveincomelossbeforetax": -65000000,
        "othercomprehensiveincomelosstax": 11000000,
        "othercomprehensiveincomelossnetoftaxportionattributabletoparent": -76000000,
        "comprehensiveincomenetoftaxincludingportionattributabletononcontrollinginterest": 77000000
    },
    {
        "date": "2023-12-30",
        "symbol": "XYL",
        "period": "Q4",
        "costofrevenue": 1087000000,
        "grossprofit": 756000000,
        "sellinggeneralandadministrativeexpense": 466000000,
        "researchanddevelopmentexpense": 60000000,
        "restructuringandassetimpairmentlosses": 19000000,
        "operatingincomeloss": 211000000,
        "interestexpense": 14000000,
        "othernonoperatingincomeexpense": 14000000,
        "incometaxexpensebenefit": -56000000,
        "profitloss": 266000000,
        "earningspersharebasic": 1.17,
        "earningspersharediluted": 1.1600000000000004,
        "weightedaveragenumberofsharesoutstandingbasic": 217000000,
        "weightedaveragenumberofdilutedsharesoutstanding": 218200000,
        "othercomprehensiveincomeforeigncurrencytransactionandtranslationgainlossbeforereclassificationandtax": 32000000,
        "unrealizedgainlossonforeigncurrencyderivativesnetbeforetax": 1000000,
        "othercomprehensiveincomelossbeforetax": -2000000,
        "othercomprehensiveincomelosstax": -33000000,
        "comprehensiveincomenetoftaxincludingportionattributabletononcontrollinginterest": 297000000
    },
    {
        "date": "2023-09-29",
        "symbol": "XYL",
        "period": "Q3",
        "costofrevenue": 757000000,
        "grossprofit": 764000000,
        "sellinggeneralandadministrativeexpense": 491000000,
        "researchanddevelopmentexpense": 61000000,
        "restructuringandassetimpairmentlosses": 21000000,
        "operatingincomeloss": 191000000,
        "interestexpense": 14000000,
        "othernonoperatingincomeexpense": 8000000,
        "incomelossfromcontinuingoperationsbeforeincometaxesextraordinaryitemsnoncontrollinginterest": 185000000,
        "incometaxexpensebenefit": 33000000,
        "profitloss": 152000000,
        "earningspersharebasic": 0.6399999999999999,
        "earningspersharediluted": 0.6399999999999999,
        "weightedaveragenumberofsharesoutstandingbasic": -177000000,
        "weightedaveragenumberofdilutedsharesoutstanding": -177900000,
        "othercomprehensiveincomeforeigncurrencytransactionandtranslationgainlossbeforereclassificationandtax": -61000000,
        "unrealizedgainlossonforeigncurrencyderivativesnetbeforetax": -4000000,
        "foreigncurrencycashflowhedgegainlossreclassifiedtoearningsnet": 0,
        "othercomprehensiveincomelossbeforetax": -65000000,
        "othercomprehensiveincomelosstax": 9000000,
        "othercomprehensiveincomelossnetoftaxportionattributabletoparent": -74000000,
        "comprehensiveincomenetoftaxincludingportionattributabletononcontrollinginterest": 78000000
    },
    {
        "date": "2023-06-29",
        "symbol": "XYL",
        "period": "Q2",
        "revenues": 1722000000,
        "costofrevenue": 1071000000,
        "grossprofit": 651000000,
        "sellinggeneralandadministrativeexpense": 446000000,
        "researchanddevelopmentexpense": 58000000,
        "restructuringandassetimpairmentlosses": 28000000,
        "operatingincomeloss": 119000000,
        "interestexpense": 12000000,
        "othernonoperatingincomeexpense": 7000000,
        "incomelossfromcontinuingoperationsbeforeincometaxesextraordinaryitemsnoncontrollinginterest": 114000000,
        "incometaxexpensebenefit": 22000000,
        "profitloss": 92000000,
        "earningspersharebasic": 0.45,
        "earningspersharediluted": 0.45,
        "weightedaveragenumberofsharesoutstandingbasic": 205500000,
        "weightedaveragenumberofdilutedsharesoutstanding": 206700000,
        "othercomprehensiveincomeforeigncurrencytransactionandtranslationgainlossbeforereclassificationandtax": -38000000,
        "unrealizedgainlossonforeigncurrencyderivativesnetbeforetax": -3000000,
        "foreigncurrencycashflowhedgegainlossreclassifiedtoearningsnet": -1000000,
        "othercomprehensiveincomedefinedbenefitplannetpriorservicecostcreditarisingduringperiodbeforetax": 1000000,
        "othercomprehensiveincomelossdefinedbenefitplanforeigncurrencytransactionandtranslationadjustmentbeforetax": -1000000,
        "othercomprehensiveincomelossbeforetax": -44000000,
        "othercomprehensiveincomelosstax": -9000000,
        "othercomprehensiveincomelossnetoftaxportionattributabletoparent": -35000000,
        "comprehensiveincomenetoftaxincludingportionattributabletononcontrollinginterest": 57000000
    },
    {
        "date": "2023-03-30",
        "symbol": "XYL",
        "period": "Q1",
        "revenues": 1448000000,
        "costofrevenue": 902000000,
        "grossprofit": 546000000,
        "sellinggeneralandadministrativeexpense": 354000000,
        "researchanddevelopmentexpense": 53000000,
        "restructuringandassetimpairmentlosses": 8000000,
        "operatingincomeloss": 131000000,
        "interestexpense": 9000000,
        "othernonoperatingincomeexpense": 4000000,
        "incomelossfromcontinuingoperationsbeforeincometaxesextraordinaryitemsnoncontrollinginterest": 126000000,
        "incometaxexpensebenefit": 27000000,
        "profitloss": 99000000,
        "earningspersharebasic": 0.55,
        "earningspersharediluted": 0.54,
        "weightedaveragenumberofsharesoutstandingbasic": 180400000,
        "weightedaveragenumberofdilutedsharesoutstanding": 181300000,
        "othercomprehensiveincomeforeigncurrencytransactionandtranslationgainlossbeforereclassificationandtax": 22000000,
        "unrealizedgainlossonforeigncurrencyderivativesnetbeforetax": 4000000,
        "foreigncurrencycashflowhedgegainlossreclassifiedtoearningsnet": 5000000,
        "othercomprehensiveincomelossreclassificationadjustmentfromaocipensionandotherpostretirementbenefitplansbeforetax": -1000000,
        "othercomprehensiveincomelossbeforetax": 30000000,
        "othercomprehensiveincomelosstax": -5000000,
        "othercomprehensiveincomelossnetoftaxportionattributabletoparent": 35000000,
        "comprehensiveincomenetoftaxincludingportionattributabletononcontrollinginterest": 134000000
    },
    {
        "date": "2022-06-29",
        "symbol": "XYL",
        "period": "Q2",
        "revenues": 1364000000,
        "costofrevenue": 844000000,
        "grossprofit": 520000000,
        "sellinggeneralandadministrativeexpense": 314000000,
        "researchanddevelopmentexpense": 53000000,
        "operatingincomeloss": 146000000,
        "interestexpense": 12000000,
        "othernonoperatingincomeexpense": 2000000,
        "gainlossonsaleofbusiness": 0,
        "incomelossfromcontinuingoperationsbeforeincometaxesextraordinaryitemsnoncontrollinginterest": 136000000,
        "incometaxexpensebenefit": 24000000,
        "profitloss": 112000000,
        "earningspersharebasic": 0.6200000000000001,
        "earningspersharediluted": 0.6200000000000001,
        "weightedaveragenumberofsharesoutstandingbasic": 0,
        "weightedaveragenumberofdilutedsharesoutstanding": -200000,
        "othercomprehensiveincomeforeigncurrencytransactionandtranslationgainlossbeforereclassificationandtax": -41000000,
        "unrealizedgainlossonforeigncurrencyderivativesnetbeforetax": -9000000,
        "foreigncurrencycashflowhedgegainlossreclassifiedtoearningsnet": 3000000,
        "othercomprehensiveincomelossreclassificationadjustmentfromaocipensionandotherpostretirementbenefitplansbeforetax": 4000000,
        "othercomprehensiveincomelossbeforetax": -44000000,
        "othercomprehensiveincomelosstax": 27000000,
        "othercomprehensiveincomelossnetoftaxportionattributabletoparent": -71000000,
        "comprehensiveincomenetoftaxincludingportionattributabletononcontrollinginterest": 41000000
    },
    {
        "date": "2022-03-30",
        "symbol": "XYL",
        "period": "Q1",
        "revenues": 1272000000,
        "costofrevenue": 805000000,
        "grossprofit": 467000000,
        "sellinggeneralandadministrativeexpense": 304000000,
        "researchanddevelopmentexpense": 52000000,
        "operatingincomeloss": 111000000,
        "interestexpense": 13000000,
        "othernonoperatingincomeexpense": -1000000,
        "gainlossonsaleofbusiness": 1000000,
        "incomelossfromcontinuingoperationsbeforeincometaxesextraordinaryitemsnoncontrollinginterest": 98000000,
        "incometaxexpensebenefit": 16000000,
        "profitloss": 82000000,
        "earningspersharebasic": 0.45,
        "earningspersharediluted": 0.45,
        "weightedaveragenumberofsharesoutstandingbasic": 180200000,
        "weightedaveragenumberofdilutedsharesoutstanding": 181000000,
        "othercomprehensiveincomeforeigncurrencytransactionandtranslationgainlossbeforereclassificationandtax": -3000000,
        "unrealizedgainlossonforeigncurrencyderivativesnetbeforetax": -6000000,
        "foreigncurrencycashflowhedgegainlossreclassifiedtoearningsnet": 2000000,
        "othercomprehensiveincomelossreclassificationadjustmentfromaocipensionandotherpostretirementbenefitplansbeforetax": 4000000,
        "othercomprehensiveincomelossbeforetax": -3000000,
        "othercomprehensiveincomelosstax": 3000000,
        "othercomprehensiveincomelossnetoftaxportionattributabletoparent": -6000000,
        "comprehensiveincomenetoftaxincludingportionattributabletononcontrollinginterest": 76000000
    },
    {
        "date": "2021-12-30",
        "symbol": "XYL",
        "period": "Q4",
        "revenues": 1323000000,
        "costofrevenue": 830000000,
        "grossprofit": 493000000,
        "sellinggeneralandadministrativeexpense": 301000000,
        "researchanddevelopmentexpense": 52000000,
        "restructuringandassetimpairmentlosses": 0,
        "operatingincomeloss": 140000000,
        "interestexpense": 13000000,
        "incometaxexpensebenefit": 13000000,
        "profitloss": 113000000,
        "earningspersharebasic": 0.6300000000000001,
        "earningspersharediluted": 0.6200000000000001,
        "weightedaveragenumberofsharesoutstandingbasic": -180200000,
        "weightedaveragenumberofdilutedsharesoutstanding": -181500000,
        "othercomprehensiveincomeforeigncurrencytransactionandtranslationgainlossbeforereclassificationandtax": 10000000,
        "unrealizedgainlossonforeigncurrencyderivativesnetbeforetax": -2000000,
        "foreigncurrencycashflowhedgegainlossreclassifiedtoearningsnet": 4000000,
        "othercomprehensiveincomelossbeforetax": 79000000,
        "othercomprehensiveincomelosstax": 28000000,
        "comprehensiveincomenetoftaxincludingportionattributabletononcontrollinginterest": 164000000,
        "comprehensiveincomenetoftax": 164000000
    },
    {
        "date": "2021-09-29",
        "symbol": "XYL",
        "period": "Q3",
        "revenues": 1265000000,
        "costofrevenue": 793000000,
        "grossprofit": 472000000,
        "sellinggeneralandadministrativeexpense": 273000000,
        "researchanddevelopmentexpense": 49000000,
        "restructuringandassetimpairmentlosses": -2000000,
        "operatingincomeloss": 152000000,
        "interestexpense": 21000000,
        "othernonoperatingincomeexpense": 2000000,
        "incomelossfromcontinuingoperationsbeforeincometaxesextraordinaryitemsnoncontrollinginterest": 133000000,
        "incometaxexpensebenefit": 19000000,
        "profitloss": 114000000,
        "earningspersharebasic": 0.63,
        "earningspersharediluted": 0.63,
        "weightedaveragenumberofsharesoutstandingbasic": 180200000,
        "weightedaveragenumberofdilutedsharesoutstanding": 181600000,
        "othercomprehensiveincomeforeigncurrencytransactionandtranslationgainlossbeforereclassificationandtax": -19000000,
        "unrealizedgainlossonforeigncurrencyderivativesnetbeforetax": -1000000,
        "foreigncurrencycashflowhedgegainlossreclassifiedtoearningsnet": 2000000,
        "othercomprehensiveincomedefinedbenefitplannetpriorservicecostcreditarisingduringperiodbeforetax": 1000000,
        "othercomprehensiveincomelossreclassificationadjustmentfromaocipensionandotherpostretirementbenefitplansbeforetax": 6000000,
        "othercomprehensiveincomelossbeforetax": -13000000,
        "othercomprehensiveincomelosstax": 11000000,
        "othercomprehensiveincomelossnetoftaxportionattributabletoparent": -24000000,
        "comprehensiveincomenetoftaxincludingportionattributabletononcontrollinginterest": 90000000,
        "comprehensiveincomenetoftax": 90000000
    },
    {
        "date": "2021-06-29",
        "symbol": "XYL",
        "period": "Q2",
        "revenues": 1351000000,
        "costofrevenue": 831000000,
        "grossprofit": 520000000,
        "sellinggeneralandadministrativeexpense": 304000000,
        "researchanddevelopmentexpense": 53000000,
        "restructuringandassetimpairmentlosses": 3000000,
        "operatingincomeloss": 160000000,
        "interestexpense": 21000000,
        "othernonoperatingincomeexpense": -3000000,
        "incomelossfromcontinuingoperationsbeforeincometaxesminorityinterestandincomelossfromequitymethodinvestments": 138000000,
        "incometaxexpensebenefit": 25000000,
        "profitloss": 113000000,
        "earningspersharebasic": 0.6200000000000001,
        "earningspersharediluted": 0.6200000000000001,
        "weightedaveragenumberofsharesoutstandingbasic": -100000,
        "weightedaveragenumberofdilutedsharesoutstanding": -100000,
        "othercomprehensiveincomeforeigncurrencytransactionandtranslationgainlossbeforereclassificationandtax": 19000000,
        "unrealizedgainlossonforeigncurrencyderivativesnetbeforetax": 4000000,
        "foreigncurrencycashflowhedgegainlossreclassifiedtoearningsnet": 1000000,
        "othercomprehensiveincomedefinedbenefitplannetpriorservicecostcreditarisingduringperiodbeforetax": 0,
        "othercomprehensiveincomelossreclassificationadjustmentfromaocipensionandotherpostretirementbenefitplansbeforetax": 5000000,
        "othercomprehensiveincomelossbeforetax": 29000000,
        "othercomprehensiveincomelosstax": 1000000,
        "othercomprehensiveincomelossnetoftaxportionattributabletoparent": 28000000,
        "comprehensiveincomenetoftaxincludingportionattributabletononcontrollinginterest": 141000000,
        "comprehensiveincomenetoftax": 141000000
    },
    {
        "date": "2021-03-30",
        "symbol": "XYL",
        "period": "Q1",
        "revenues": 1256000000,
        "costofrevenue": 766000000,
        "grossprofit": 490000000,
        "sellinggeneralandadministrativeexpense": 301000000,
        "researchanddevelopmentexpense": 50000000,
        "restructuringandassetimpairmentlosses": 6000000,
        "operatingincomeloss": 133000000,
        "interestexpense": 21000000,
        "othernonoperatingincomeexpense": 2000000,
        "incomelossfromcontinuingoperationsbeforeincometaxesminorityinterestandincomelossfromequitymethodinvestments": 114000000,
        "incometaxexpensebenefit": 27000000,
        "profitloss": 87000000,
        "earningspersharebasic": 0.49,
        "earningspersharediluted": 0.48,
        "weightedaveragenumberofsharesoutstandingbasic": 180300000,
        "weightedaveragenumberofdilutedsharesoutstanding": 181500000,
        "othercomprehensiveincomeforeigncurrencytransactionandtranslationgainlossbeforereclassificationandtax": 10000000,
        "unrealizedgainlossonforeigncurrencyderivativesnetbeforetax": -11000000,
        "foreigncurrencycashflowhedgegainlossreclassifiedtoearningsnet": -3000000,
        "othercomprehensiveincomedefinedbenefitplannetpriorservicecostcreditarisingduringperiodbeforetax": 1000000,
        "othercomprehensiveincomelossreclassificationadjustmentfromaocipensionandotherpostretirementbenefitplansbeforetax": 6000000,
        "othercomprehensiveincomelossbeforetax": 1000000,
        "othercomprehensiveincomelosstax": 14000000,
        "othercomprehensiveincomelossnetoftaxportionattributabletoparent": -13000000,
        "comprehensiveincomenetoftaxincludingportionattributabletononcontrollinginterest": 74000000,
        "comprehensiveincomenetoftax": 74000000
    },
    {
        "date": "2020-12-30",
        "symbol": "XYL",
        "period": "Q4",
        "revenues": 1373000000,
        "costofrevenue": 847000000,
        "grossprofit": 526000000,
        "sellinggeneralandadministrativeexpense": 292000000,
        "researchanddevelopmentexpense": 49000000,
        "operatingincomeloss": 179000000,
        "interestexpense": 21000000,
        "othernonoperatingincomeexpense": 0,
        "incomelossfromcontinuingoperationsbeforeincometaxesminorityinterestandincomelossfromequitymethodinvestments": 158000000,
        "incometaxexpensebenefit": 10000000,
        "profitloss": 148000000,
        "earningspersharebasic": 0.8200000000000001,
        "earningspersharediluted": 0.8200000000000001,
        "othercomprehensiveincomeforeigncurrencytransactionandtranslationgainlossbeforereclassificationandtax": 30000000,
        "othercomprehensiveincomedefinedbenefitplannetpriorservicecostcreditarisingduringperiodbeforetax": -8000000,
        "othercomprehensiveincomelossbeforetax": -61000000,
        "othercomprehensiveincomelosstax": -44000000,
        "comprehensiveincomenetoftaxincludingportionattributabletononcontrollinginterest": 131000000,
        "comprehensiveincomenetoftax": 131000000
    },
    {
        "date": "2020-09-29",
        "symbol": "XYL",
        "period": "Q3",
        "revenues": 1220000000,
        "costofrevenue": 759000000,
        "grossprofit": 461000000,
        "sellinggeneralandadministrativeexpense": 266000000,
        "researchanddevelopmentexpense": 45000000,
        "operatingincomeloss": 73000000,
        "interestexpense": 22000000,
        "othernonoperatingincomeexpense": -1000000,
        "incomelossfromcontinuingoperationsbeforeincometaxesminorityinterestandincomelossfromequitymethodinvestments": 50000000,
        "incometaxexpensebenefit": 13000000,
        "profitloss": 37000000,
        "earningspersharebasic": 0.20999999999999994,
        "earningspersharediluted": 0.19999999999999993,
        "weightedaveragenumberofsharesoutstandingbasic": 0,
        "weightedaveragenumberofdilutedsharesoutstanding": 0,
        "othercomprehensiveincomeforeigncurrencytransactionandtranslationgainlossbeforereclassificationandtax": -10000000,
        "unrealizedgainlossonforeigncurrencyderivativesnetbeforetax": 4000000,
        "othercomprehensiveincomedefinedbenefitplannetpriorservicecostcreditarisingduringperiodbeforetax": 1000000,
        "othercomprehensiveincomelossreclassificationadjustmentfromaocipensionandotherpostretirementbenefitplansbeforetax": 5000000,
        "othercomprehensiveincomelossbeforetax": -4000000,
        "othercomprehensiveincomelosstax": -17000000,
        "othercomprehensiveincomelossnetoftaxportionattributabletoparent": 13000000,
        "comprehensiveincomenetoftaxincludingportionattributabletononcontrollinginterest": 50000000,
        "comprehensiveincomenetoftax": 50000000
    },
    {
        "date": "2020-06-29",
        "symbol": "XYL",
        "period": "Q2",
        "revenues": 1160000000,
        "costofrevenue": 726000000,
        "grossprofit": 434000000,
        "sellinggeneralandadministrativeexpense": 288000000,
        "researchanddevelopmentexpense": 44000000,
        "restructuringsettlementandimpairmentprovisions": 48000000,
        "operatingincomeloss": 54000000,
        "interestexpense": 18000000,
        "othernonoperatingincomeexpense": -1000000,
        "incomelossfromcontinuingoperationsbeforeincometaxesminorityinterestandincomelossfromequitymethodinvestments": 35000000,
        "incometaxexpensebenefit": 4000000,
        "profitloss": 31000000,
        "earningspersharebasic": 0.17,
        "earningspersharediluted": 0.17,
        "weightedaveragenumberofsharesoutstandingbasic": -100000,
        "weightedaveragenumberofdilutedsharesoutstanding": -300000,
        "othercomprehensiveincomeforeigncurrencytransactionandtranslationgainlossbeforereclassificationandtax": 35000000,
        "unrealizedgainlossonforeigncurrencyderivativesnetbeforetax": 6000000,
        "foreigncurrencycashflowhedgegainlossreclassifiedtoearningsnet": 0,
        "othercomprehensiveincomedefinedbenefitplannetpriorservicecostcreditarisingduringperiodbeforetax": 1000000,
        "othercomprehensiveincomelossreclassificationadjustmentfromaocipensionandotherpostretirementbenefitplansbeforetax": 5000000,
        "othercomprehensiveincomelossbeforetax": 45000000,
        "othercomprehensiveincomelosstax": -7000000,
        "othercomprehensiveincomelossnetoftaxportionattributabletoparent": 52000000,
        "comprehensiveincomenetoftaxincludingportionattributabletononcontrollinginterest": 83000000,
        "comprehensiveincomenetoftaxattributabletononcontrollinginterest": 0,
        "comprehensiveincomenetoftax": 83000000
    },
    {
        "date": "2020-03-30",
        "symbol": "XYL",
        "period": "Q1",
        "revenues": 1123000000,
        "costofrevenue": 714000000,
        "grossprofit": 409000000,
        "sellinggeneralandadministrativeexpense": 297000000,
        "researchanddevelopmentexpense": 49000000,
        "restructuringsettlementandimpairmentprovisions": 2000000,
        "operatingincomeloss": 61000000,
        "interestexpense": 16000000,
        "othernonoperatingincomeexpense": -3000000,
        "incomelossfromcontinuingoperationsbeforeincometaxesminorityinterestandincomelossfromequitymethodinvestments": 42000000,
        "incometaxexpensebenefit": 4000000,
        "profitloss": 38000000,
        "earningspersharebasic": 0.21,
        "earningspersharediluted": 0.21,
        "weightedaveragenumberofsharesoutstandingbasic": 180200000,
        "weightedaveragenumberofdilutedsharesoutstanding": 181300000,
        "othercomprehensiveincomeforeigncurrencytransactionandtranslationgainlossbeforereclassificationandtax": -78000000,
        "unrealizedgainlossonforeigncurrencyderivativesnetbeforetax": -2000000,
        "foreigncurrencycashflowhedgegainlossreclassifiedtoearningsnet": 3000000,
        "othercomprehensiveincomedefinedbenefitplannetpriorservicecostcreditarisingduringperiodbeforetax": 1000000,
        "othercomprehensiveincomelossreclassificationadjustmentfromaocipensionandotherpostretirementbenefitplansbeforetax": 5000000,
        "othercomprehensiveincomelossbeforetax": -73000000,
        "othercomprehensiveincomelosstax": 14000000,
        "othercomprehensiveincomelossnetoftaxportionattributabletoparent": -87000000,
        "comprehensiveincomenetoftaxincludingportionattributabletononcontrollinginterest": -49000000,
        "comprehensiveincomenetoftaxattributabletononcontrollinginterest": -1000000,
        "comprehensiveincomenetoftax": -48000000
    },
    {
        "date": "2019-12-30",
        "symbol": "XYL",
        "period": "Q4",
        "revenues": 510000000,
        "costofrevenue": 834000000,
        "grossprofit": 537000000,
        "sellinggeneralandadministrativeexpense": 288000000,
        "researchanddevelopmentexpense": 49000000,
        "restructuringsettlementandimpairmentprovisions": 5000000,
        "operatingincomeloss": 72000000,
        "interestexpense": 15000000,
        "othernonoperatingincomeexpense": -2000000,
        "incomelossfromcontinuingoperationsbeforeincometaxesminorityinterestandincomelossfromequitymethodinvestments": 178000000,
        "incometaxexpensebenefit": 60000000,
        "profitloss": 118000000,
        "earningspersharebasic": 0.6599999999999999,
        "earningspersharediluted": 0.6499999999999999,
        "othercomprehensiveincomeforeigncurrencytransactionandtranslationgainlossbeforereclassificationandtax": 37000000,
        "othercomprehensiveincomelossbeforetax": -29000000,
        "othercomprehensiveincomelosstax": -19000000,
        "comprehensiveincomenetoftaxincludingportionattributabletononcontrollinginterest": 108000000
    },
    {
        "date": "2019-09-29",
        "symbol": "XYL",
        "period": "Q3",
        "revenues": 1296000000,
        "costofrevenue": 787000000,
        "grossprofit": 509000000,
        "sellinggeneralandadministrativeexpense": 273000000,
        "researchanddevelopmentexpense": 44000000,
        "restructuringsettlementandimpairmentprovisions": 33000000,
        "operatingincomeloss": 11000000,
        "interestexpense": 16000000,
        "othernonoperatingincomeexpense": -7000000,
        "incomelossfromcontinuingoperationsbeforeincometaxesminorityinterestandincomelossfromequitymethodinvestments": -12000000,
        "incometaxexpensebenefit": -77000000,
        "profitloss": 65000000,
        "earningspersharebasic": 0.36000000000000004,
        "earningspersharediluted": 0.36000000000000004,
        "weightedaveragenumberofsharesoutstandingbasic": 0,
        "othercomprehensiveincomeforeigncurrencytransactionandtranslationgainlossbeforereclassificationandtax": -20000000,
        "unrealizedgainlossonforeigncurrencyderivativesnetbeforetax": -5000000,
        "foreigncurrencycashflowhedgegainlossreclassifiedtoearningsnet": 3000000,
        "othercomprehensiveincomedefinedbenefitplannetpriorservicecostcreditarisingduringperiodbeforetax": 1000000,
        "othercomprehensiveincomelossreclassificationadjustmentfromaocipensionandotherpostretirementbenefitplansbeforetax": 2000000,
        "othercomprehensiveincomelossbeforetax": -24000000,
        "othercomprehensiveincomelosstax": 13000000,
        "othercomprehensiveincomelossnetoftaxportionattributabletoparent": -37000000,
        "comprehensiveincomenetoftaxincludingportionattributabletononcontrollinginterest": 28000000
    },
    {
        "date": "2019-06-29",
        "symbol": "XYL",
        "period": "Q2",
        "revenues": 2206000000,
        "costofrevenue": 819000000,
        "grossprofit": 526000000,
        "sellinggeneralandadministrativeexpense": 294000000,
        "researchanddevelopmentexpense": 47000000,
        "restructuringsettlementandimpairmentprovisions": 14000000,
        "operatingincomeloss": 294000000,
        "interestexpense": 18000000,
        "othernonoperatingincomeexpense": 3000000,
        "gainlossonsaleofbusiness": 0,
        "incomelossfromcontinuingoperationsbeforeincometaxesminorityinterestandincomelossfromequitymethodinvestments": 156000000,
        "incometaxexpensebenefit": 17000000,
        "profitloss": 139000000,
        "earningspersharebasic": 0.77,
        "earningspersharediluted": 0.77,
        "weightedaveragenumberofsharesoutstandingbasic": 200000,
        "weightedaveragenumberofdilutedsharesoutstanding": 0,
        "othercomprehensiveincomeforeigncurrencytransactionandtranslationgainlossbeforereclassificationandtax": -18000000,
        "unrealizedgainlossonforeigncurrencyderivativesnetbeforetax": -2000000,
        "foreigncurrencycashflowhedgegainlossreclassifiedtoearningsnet": 2000000,
        "othercomprehensiveincomedefinedbenefitplannetpriorservicecostcreditarisingduringperiodbeforetax": 1000000,
        "othercomprehensiveincomelossreclassificationadjustmentfromaocipensionandotherpostretirementbenefitplansbeforetax": 3000000,
        "othercomprehensiveincomelossbeforetax": -14000000,
        "othercomprehensiveincomelosstax": -3000000,
        "othercomprehensiveincomelossnetoftaxportionattributabletoparent": -11000000,
        "comprehensiveincomenetoftaxincludingportionattributabletononcontrollinginterest": 128000000
    },
    {
        "date": "2019-03-30",
        "symbol": "XYL",
        "period": "Q1",
        "revenues": 1237000000,
        "costofrevenue": 763000000,
        "grossprofit": 474000000,
        "sellinggeneralandadministrativeexpense": 303000000,
        "researchanddevelopmentexpense": 51000000,
        "restructuringsettlementandimpairmentprovisions": 11000000,
        "operatingincomeloss": 109000000,
        "interestexpense": 18000000,
        "othernonoperatingincomeexpense": 2000000,
        "gainlossonsaleofbusiness": 1000000,
        "incomelossfromcontinuingoperationsbeforeincometaxesminorityinterestandincomelossfromequitymethodinvestments": 94000000,
        "incometaxexpensebenefit": 15000000,
        "profitloss": 79000000,
        "earningspersharebasic": 0.44,
        "earningspersharediluted": 0.43,
        "weightedaveragenumberofsharesoutstandingbasic": 179700000,
        "weightedaveragenumberofdilutedsharesoutstanding": 181100000,
        "othercomprehensiveincomeforeigncurrencytransactionandtranslationgainlossbeforereclassificationandtax": 29000000,
        "unrealizedgainlossonforeigncurrencyderivativesnetbeforetax": -9000000,
        "foreigncurrencycashflowhedgegainlossreclassifiedtoearningsnet": 2000000,
        "othercomprehensiveincomedefinedbenefitplannetpriorservicecostcreditarisingduringperiodbeforetax": 1000000,
        "othercomprehensiveincomelossreclassificationadjustmentfromaocipensionandotherpostretirementbenefitplansbeforetax": 3000000,
        "othercomprehensiveincomelossbeforetax": 24000000,
        "othercomprehensiveincomelosstax": 4000000,
        "othercomprehensiveincomelossnetoftaxportionattributabletoparent": 20000000,
        "comprehensiveincomenetoftaxincludingportionattributabletononcontrollinginterest": 99000000
    },
    {
        "date": "2018-12-30",
        "symbol": "XYL",
        "period": "Q4",
        "costofrevenue": 844000000,
        "grossprofit": 542000000,
        "sellinggeneralandadministrativeexpense": 293000000,
        "researchanddevelopmentexpense": 52000000,
        "restructuringsettlementandimpairmentprovisions": 3000000,
        "operatingincomeloss": 194000000,
        "interestexpense": 19000000,
        "othernonoperatingincomeexpense": 4000000,
        "incomelossfromcontinuingoperationsbeforeincometaxesminorityinterestandincomelossfromequitymethodinvestments": 179000000,
        "incometaxexpensebenefit": -46000000,
        "profitloss": 225000000,
        "netincomeloss": 225000000,
        "earningspersharebasic": 1.2399999999999998,
        "earningspersharediluted": 1.2399999999999995,
        "weightedaveragenumberofsharesoutstandingbasic": -359600000,
        "weightedaveragenumberofdilutedsharesoutstanding": -362400000,
        "commonstockdividendspersharedeclared": 0.21000000000000005,
        "othercomprehensiveincomeforeigncurrencytransactionandtranslationgainlossbeforereclassificationandtax": -24000000,
        "othercomprehensiveincomedefinedbenefitplannetpriorservicecostcreditarisingduringperiodbeforetax": -1000000,
        "othercomprehensiveincomelossbeforetax": -40000000,
        "othercomprehensiveincomelosstax": 3000000,
        "comprehensiveincomenetoftax": 182000000
    },
    {
        "date": "2018-09-29",
        "symbol": "XYL",
        "period": "Q3",
        "revenues": 1287000000,
        "costofrevenue": 782000000,
        "grossprofit": 505000000,
        "sellinggeneralandadministrativeexpense": 279000000,
        "researchanddevelopmentexpense": 46000000,
        "restructuringsettlementandimpairmentprovisions": 4000000,
        "operatingincomeloss": 176000000,
        "interestexpense": 21000000,
        "othernonoperatingincomeexpense": 4000000,
        "gainlossonsaleofbusiness": 2000000,
        "incomelossfromcontinuingoperationsbeforeincometaxesminorityinterestandincomelossfromequitymethodinvestments": 161000000,
        "incometaxexpensebenefit": 31000000,
        "profitloss": 130000000,
        "netincomeloss": 130000000,
        "earningspersharebasic": 0.73,
        "earningspersharediluted": 0.72,
        "weightedaveragenumberofsharesoutstandingbasic": 179700000,
        "weightedaveragenumberofdilutedsharesoutstanding": 181100000,
        "commonstockdividendspersharedeclared": 0.21,
        "othercomprehensiveincomeforeigncurrencytransactionandtranslationgainlossbeforereclassificationandtax": -9000000,
        "unrealizedgainlossonforeigncurrencyderivativesnetbeforetax": 5000000,
        "foreigncurrencycashflowhedgegainlossreclassifiedtoearningsnet": 3000000,
        "othercomprehensiveincomedefinedbenefitplannetpriorservicecostcreditarisingduringperiodbeforetax": 2000000,
        "othercomprehensiveincomelossreclassificationadjustmentfromaocipensionandotherpostretirementbenefitplansbeforetax": 4000000,
        "othercomprehensiveincomelossbeforetax": -4000000,
        "othercomprehensiveincomelosstax": -3000000,
        "othercomprehensiveincomelossnetoftaxportionattributabletoparent": -1000000,
        "comprehensiveincomenetoftaxincludingportionattributabletononcontrollinginterest": 129000000,
        "comprehensiveincomenetoftaxattributabletononcontrollinginterest": -2000000,
        "comprehensiveincomenetoftax": 131000000
    },
    {
        "date": "2018-06-29",
        "symbol": "XYL",
        "period": "Q2",
        "revenues": 1317000000,
        "costofrevenue": 798000000,
        "grossprofit": 519000000,
        "sellinggeneralandadministrativeexpense": 293000000,
        "researchanddevelopmentexpense": 50000000,
        "restructuringsettlementandimpairmentprovisions": 5000000,
        "operatingincomeloss": 171000000,
        "interestexpense": 21000000,
        "othernonoperatingincomeexpense": 2000000,
        "gainlossonsaleofbusiness": -2000000,
        "incomelossfromcontinuingoperationsbeforeincometaxesminorityinterestandincomelossfromequitymethodinvestments": 150000000,
        "incometaxexpensebenefit": 35000000,
        "profitloss": 115000000,
        "netincomeloss": 115000000,
        "earningspersharebasic": 0.64,
        "earningspersharediluted": 0.64,
        "weightedaveragenumberofsharesoutstandingbasic": 179800000,
        "weightedaveragenumberofdilutedsharesoutstanding": 181000000,
        "commonstockdividendspersharedeclared": 0.21,
        "othercomprehensiveincomeforeigncurrencytransactionandtranslationgainlossbeforereclassificationandtax": -60000000,
        "unrealizedgainlossonforeigncurrencyderivativesnetbeforetax": -9000000,
        "foreigncurrencycashflowhedgegainlossreclassifiedtoearningsnet": -1000000,
        "othercomprehensiveincomedefinedbenefitplannetpriorservicecostcreditarisingduringperiodbeforetax": 1000000,
        "othercomprehensiveincomelossreclassificationadjustmentfromaocipensionandotherpostretirementbenefitplansbeforetax": 4000000,
        "othercomprehensiveincomelossbeforetax": -67000000,
        "othercomprehensiveincomelosstax": 20000000,
        "othercomprehensiveincomelossnetoftax": -87000000,
        "comprehensiveincomenetoftax": 28000000
    },
    {
        "date": "2018-03-30",
        "symbol": "XYL",
        "period": "Q1",
        "salesrevenuenet": 1217000000,
        "costofrevenue": 757000000,
        "grossprofit": 460000000,
        "sellinggeneralandadministrativeexpense": 296000000,
        "researchanddevelopmentexpense": 41000000,
        "restructuringsettlementandimpairmentprovisions": 10000000,
        "operatingincomeloss": 113000000,
        "interestexpense": 21000000,
        "othernonoperatingincomeexpense": 3000000,
        "incomelossfromcontinuingoperationsbeforeincometaxesminorityinterestandincomelossfromequitymethodinvestments": 95000000,
        "incometaxexpensebenefit": 16000000,
        "netincomeloss": 79000000,
        "earningspersharebasic": 0.44,
        "earningspersharediluted": 0.43,
        "weightedaveragenumberofsharesoutstandingbasic": 179900000,
        "weightedaveragenumberofdilutedsharesoutstanding": 181400000,
        "commonstockdividendspersharedeclared": 0.21,
        "profitloss": 79000000,
        "othercomprehensiveincomeforeigncurrencytransactionandtranslationgainlossbeforereclassificationandtax": 8000000,
        "unrealizedgainlossonforeigncurrencyderivativesnetbeforetax": 23000000,
        "foreigncurrencycashflowhedgegainlossreclassifiedtoearningsnet": -1000000,
        "othercomprehensiveincomedefinedbenefitplannetpriorservicecostcreditarisingduringperiodbeforetax": 1000000,
        "othercomprehensiveincomelossreclassificationadjustmentfromaocipensionandotherpostretirementbenefitplansbeforetax": 3000000,
        "othercomprehensiveincomelossfinalizationofpensionandnonpensionpostretirementplanvaluationbeforetax": 1000000,
        "othercomprehensiveincomelossbeforetax": 10000000,
        "othercomprehensiveincomelosstax": -10000000,
        "othercomprehensiveincomelossnetoftax": 20000000,
        "comprehensiveincomenetoftax": 99000000
    },
    {
        "date": "2017-12-30",
        "symbol": "XYL",
        "period": "Q4",
        "salesrevenuenet": 2634000000,
        "costofrevenue": 768000000,
        "grossprofit": 509000000,
        "sellinggeneralandadministrativeexpense": 278000000,
        "researchanddevelopmentexpense": 49000000,
        "restructuringsettlementandimpairmentprovisions": 3000000,
        "operatingincomeloss": 305000000,
        "interestexpense": 20000000,
        "othernonoperatingincomeexpense": -1000000,
        "incomelossfromcontinuingoperationsbeforeincometaxesminorityinterestandincomelossfromequitymethodinvestments": 144000000,
        "incometaxexpensebenefit": 74000000,
        "netincomeloss": 71000000,
        "earningspersharebasic": 0.4000000000000002,
        "earningspersharediluted": 0.38999999999999996,
        "weightedaveragenumberofsharesoutstandingbasic": -359200000,
        "weightedaveragenumberofdilutedsharesoutstanding": -361278000,
        "commonstockdividendspersharedeclared": 0.18000000000000005,
        "othercomprehensiveincomeforeigncurrencytransactionandtranslationgainlossbeforereclassificationandtax": 13000000,
        "othercomprehensiveincomelossbeforetax": -21000000,
        "othercomprehensiveincomelosstax": -10000000,
        "othercomprehensiveincomelossnetoftax": -11000000,
        "comprehensiveincomenetoftax": 59000000
    },
    {
        "date": "2017-09-29",
        "symbol": "XYL",
        "period": "Q3",
        "salesrevenuenet": 520000000,
        "costofrevenue": 724000000,
        "grossprofit": 471000000,
        "sellinggeneralandadministrativeexpense": 270000000,
        "researchanddevelopmentexpense": 45000000,
        "restructuringsettlementandimpairmentprovisions": 4000000,
        "operatingincomeloss": 91000000,
        "interestexpense": 21000000,
        "othernonoperatingincomeexpense": 1000000,
        "gainlossonsaleofbusiness": -1000000,
        "incomelossfromcontinuingoperationsbeforeincometaxesminorityinterestandincomelossfromequitymethodinvestments": 131000000,
        "incometaxexpensebenefit": 27000000,
        "profitloss": 104000000,
        "netincomelossattributabletononcontrollinginterest": -1000000,
        "netincomeloss": 105000000,
        "earningspersharebasic": 0.58,
        "earningspersharediluted": 0.58,
        "weightedaveragenumberofsharesoutstandingbasic": 179601000,
        "weightedaveragenumberofdilutedsharesoutstanding": 180877000,
        "commonstockdividendspersharedeclared": 0.18,
        "othercomprehensiveincomeforeigncurrencytransactionandtranslationgainlossbeforereclassificationandtax": 7000000,
        "othercomprehensiveincomelossforeigncurrencytransactionandtranslationreclassificationadjustmentfromaocirealizeduponsaleorliquidationbeforetax": -12000000,
        "unrealizedgainlossonforeigncurrencyderivativesnetbeforetax": 17000000,
        "othercomprehensiveincomelossreclassificationadjustmentfromaocipensionandotherpostretirementbenefitplansbeforetax": 3000000,
        "othercomprehensiveincomelossfinalizationofpensionandnonpensionpostretirementplanvaluationbeforetax": 1000000,
        "othercomprehensiveincomelossbeforetax": 10000000,
        "othercomprehensiveincomelosstax": -11000000,
        "othercomprehensiveincomelossnetoftax": 21000000,
        "comprehensiveincomenetoftax": 125000000
    },
    {
        "date": "2017-06-29",
        "symbol": "XYL",
        "period": "Q2",
        "salesrevenuenet": 482000000,
        "costofrevenue": 705000000,
        "grossprofit": 459000000,
        "sellinggeneralandadministrativeexpense": 270000000,
        "researchanddevelopmentexpense": 44000000,
        "restructuringsettlementandimpairmentprovisions": 6000000,
        "operatingincomeloss": 74000000,
        "interestexpense": 21000000,
        "othernonoperatingincomeexpense": 3000000,
        "incomelossfromcontinuingoperationsbeforeincometaxesminorityinterestandincomelossfromequitymethodinvestments": 121000000,
        "incometaxexpensebenefit": 21000000,
        "profitloss": 100000000,
        "netincomelossattributabletononcontrollinginterest": 1000000,
        "netincomeloss": 99000000,
        "earningspersharebasic": 0.55,
        "earningspersharediluted": 0.55,
        "weightedaveragenumberofsharesoutstandingbasic": 179599000,
        "weightedaveragenumberofdilutedsharesoutstanding": 180601000,
        "commonstockdividendspersharedeclared": 0.18,
        "othercomprehensiveincomeforeigncurrencytransactionandtranslationgainlossbeforereclassificationandtax": 30000000,
        "othercomprehensiveincomelossforeigncurrencytransactionandtranslationreclassificationadjustmentfromaocirealizeduponsaleorliquidationbeforetax": -22000000,
        "unrealizedgainlossonforeigncurrencyderivativesnetbeforetax": 34000000,
        "foreigncurrencycashflowhedgegainlossreclassifiedtoearningsnet": -1000000,
        "othercomprehensiveincomelossreclassificationadjustmentfromaocipensionandotherpostretirementbenefitplansbeforetax": 2000000,
        "othercomprehensiveincomelossbeforetax": 34000000,
        "othercomprehensiveincomelosstax": -22000000,
        "othercomprehensiveincomelossnetoftax": 56000000,
        "comprehensiveincomenetoftax": 156000000
    },
    {
        "date": "2017-03-30",
        "symbol": "XYL",
        "period": "Q1",
        "salesrevenuenet": 1071000000,
        "costofrevenue": 659000000,
        "grossprofit": 412000000,
        "sellinggeneralandadministrativeexpense": 272000000,
        "researchanddevelopmentexpense": 42000000,
        "restructuringsettlementandimpairmentprovisions": 12000000,
        "operatingincomeloss": 86000000,
        "interestexpense": 20000000,
        "othernonoperatingincomeexpense": -1000000,
        "gainlossonsaleofbusiness": 5000000,
        "incomelossfromcontinuingoperationsbeforeincometaxesminorityinterestandincomelossfromequitymethodinvestments": 70000000,
        "incometaxexpensebenefit": 14000000,
        "netincomeloss": 56000000,
        "earningspersharebasic": 0.31,
        "earningspersharediluted": 0.31,
        "weightedaveragenumberofsharesoutstandingbasic": 179600000,
        "weightedaveragenumberofdilutedsharesoutstanding": 180700000,
        "commonstockdividendspersharedeclared": 0.18,
        "othercomprehensiveincomeforeigncurrencytransactionandtranslationgainlossbeforereclassificationandtax": 29000000,
        "othercomprehensiveincomelossforeigncurrencytransactionandtranslationreclassificationadjustmentfromaocirealizeduponsaleorliquidationbeforetax": -8000000,
        "unrealizedgainlossonforeigncurrencyderivativesnetbeforetax": 2000000,
        "foreigncurrencycashflowhedgegainlossreclassifiedtoearningsnet": 1000000,
        "othercomprehensiveincomelossreclassificationadjustmentfromaocipensionandotherpostretirementbenefitplansbeforetax": 3000000,
        "othercomprehensiveincomelossbeforetax": 35000000,
        "othercomprehensiveincomelosstax": -7000000,
        "othercomprehensiveincomelossnetoftax": 42000000,
        "comprehensiveincomenetoftax": 98000000
    },
    {
        "date": "2016-12-30",
        "symbol": "XYL",
        "period": "Q4",
        "salesrevenuenet": 1461000000,
        "costofrevenue": 689000000,
        "grossprofit": 406000000,
        "sellinggeneralandadministrativeexpense": 250000000,
        "researchanddevelopmentexpense": 35000000,
        "restructuringsettlementandimpairmentprovisions": 12000000,
        "operatingincomeloss": 148000000,
        "interestexpense": 20000000,
        "incomelossfromcontinuingoperationsbeforeincometaxesminorityinterestandincomelossfromequitymethodinvestments": 90000000,
        "incometaxexpensebenefit": 40000000,
        "netincomeloss": 50000000,
        "earningspersharebasic": 0.28,
        "earningspersharediluted": 0.28,
        "weightedaveragenumberofsharesoutstandingbasic": -357856000,
        "weightedaveragenumberofdilutedsharesoutstanding": -359503000,
        "commonstockdividendspersharedeclared": -0.458504,
        "othercomprehensiveincomelossnetoftax": -63000000,
        "comprehensiveincomenetoftax": -13000000
    },
    {
        "date": "2016-09-29",
        "symbol": "XYL",
        "period": "Q3",
        "salesrevenuenet": 897000000,
        "costofrevenue": 540000000,
        "grossprofit": 357000000,
        "sellinggeneralandadministrativeexpense": 219000000,
        "researchanddevelopmentexpense": 23000000,
        "restructuringsettlementandimpairmentprovisions": 6000000,
        "operatingincomeloss": 109000000,
        "interestexpense": 16000000,
        "othernonoperatingincomeexpense": 2000000,
        "incomelossfromcontinuingoperationsbeforeincometaxesminorityinterestandincomelossfromequitymethodinvestments": 95000000,
        "incometaxexpensebenefit": 22000000,
        "netincomeloss": 73000000,
        "earningspersharebasic": 0.41,
        "earningspersharediluted": 0.41,
        "weightedaveragenumberofsharesoutstandingbasic": 179300000,
        "weightedaveragenumberofdilutedsharesoutstanding": 180300000,
        "commonstockdividendspersharedeclared": 0.1549,
        "othercomprehensiveincomeforeigncurrencytransactionandtranslationgainlossbeforereclassificationandtax": -8000000,
        "othercomprehensiveincomelossforeigncurrencytransactionandtranslationreclassificationadjustmentfromaocirealizeduponsaleorliquidationbeforetax": -4000000,
        "unrealizedgainlossonforeigncurrencyderivativesnetbeforetax": 7000000,
        "foreigncurrencycashflowhedgegainlossreclassifiedtoearningsnet": -1000000,
        "othercomprehensiveincomelossreclassificationadjustmentfromaocipensionandotherpostretirementbenefitplansbeforetax": 3000000,
        "othercomprehensiveincomelossbeforetax": -6000000,
        "othercomprehensiveincomelosstax": -3000000,
        "othercomprehensiveincomelossnetoftax": -3000000,
        "comprehensiveincomenetoftax": 70000000
    },
    {
        "date": "2016-06-29",
        "symbol": "XYL",
        "period": "Q2",
        "salesrevenuenet": 566000000,
        "costofrevenue": 563000000,
        "grossprofit": 369000000,
        "sellinggeneralandadministrativeexpense": 227000000,
        "researchanddevelopmentexpense": 27000000,
        "restructuringsettlementandimpairmentprovisions": 6000000,
        "operatingincomeloss": 70000000,
        "interestexpense": 20000000,
        "othernonoperatingincomeexpense": 1000000,
        "incomelossfromcontinuingoperationsbeforeincometaxesminorityinterestandincomelossfromequitymethodinvestments": 90000000,
        "incometaxexpensebenefit": 19000000,
        "netincomeloss": 71000000,
        "earningspersharebasic": 0.39,
        "earningspersharediluted": 0.39,
        "weightedaveragenumberofsharesoutstandingbasic": 179066000,
        "weightedaveragenumberofdilutedsharesoutstanding": 179890000,
        "commonstockdividendspersharedeclared": 0.1549,
        "othercomprehensiveincomeforeigncurrencytransactionandtranslationgainlossbeforereclassificationandtax": -29000000,
        "othercomprehensiveincomelossforeigncurrencytransactionandtranslationreclassificationadjustmentfromaocirealizeduponsaleorliquidationbeforetax": 8000000,
        "unrealizedgainlossonforeigncurrencyderivativesnetbeforetax": -10000000,
        "foreigncurrencycashflowhedgegainlossreclassifiedtoearningsnet": -1000000,
        "othercomprehensiveincomelossreclassificationadjustmentfromaocipensionandotherpostretirementbenefitplansbeforetax": 2000000,
        "othercomprehensiveincomelossbeforetax": -32000000,
        "othercomprehensiveincomelosstax": 8000000,
        "othercomprehensiveincomelossnetoftax": -40000000,
        "comprehensiveincomenetoftax": 31000000
    },
    {
        "date": "2016-03-30",
        "symbol": "XYL",
        "period": "Q1",
        "salesrevenuenet": 847000000,
        "costofrevenue": 518000000,
        "grossprofit": 329000000,
        "sellinggeneralandadministrativeexpense": 219000000,
        "researchanddevelopmentexpense": 25000000,
        "restructuringsettlementandimpairmentprovisions": 6000000,
        "operatingincomeloss": 79000000,
        "interestexpense": 14000000,
        "incomelossfromcontinuingoperationsbeforeincometaxesminorityinterestandincomelossfromequitymethodinvestments": 65000000,
        "incometaxexpensebenefit": -1000000,
        "netincomeloss": 66000000,
        "earningspersharebasic": 0.37,
        "earningspersharediluted": 0.37,
        "weightedaveragenumberofsharesoutstandingbasic": 178590000,
        "weightedaveragenumberofdilutedsharesoutstanding": 179313000,
        "commonstockdividendspersharedeclared": 0.1549,
        "othercomprehensiveincomeforeigncurrencytransactionandtranslationgainlossbeforereclassificationandtax": 12000000,
        "othercomprehensiveincomelossforeigncurrencytransactionandtranslationreclassificationadjustmentfromaocirealizeduponsaleorliquidationbeforetax": -10000000,
        "unrealizedgainlossonforeigncurrencyderivativesnetbeforetax": 4000000,
        "othercomprehensiveincomelossreclassificationadjustmentfromaocipensionandotherpostretirementbenefitplansbeforetax": 3000000,
        "othercomprehensiveincomelossbeforetax": 19000000,
        "othercomprehensiveincomelosstax": -7000000,
        "othercomprehensiveincomelossnetoftax": 26000000,
        "comprehensiveincomenetoftax": 92000000
    },
    {
        "date": "2015-09-29",
        "symbol": "XYL",
        "period": "Q3",
        "salesrevenuenet": 551000000,
        "costofrevenue": 551000000,
        "grossprofit": 351000000,
        "sellinggeneralandadministrativeexpense": 207000000,
        "researchanddevelopmentexpense": 23000000,
        "restructuringsettlementandimpairmentprovisions": 1000000,
        "operatingincomeloss": 83000000,
        "interestexpense": 13000000,
        "incomelossfromcontinuingoperationsbeforeincometaxesminorityinterestandincomelossfromequitymethodinvestments": 107000000,
        "incometaxexpensebenefit": 19000000,
        "netincomeloss": 88000000,
        "earningspersharebasic": 0.49,
        "earningspersharediluted": 0.48,
        "weightedaveragenumberofsharesoutstandingbasic": -313000,
        "weightedaveragenumberofdilutedsharesoutstanding": -352000,
        "commonstockdividendspersharedeclared": 0.14079999999999995,
        "othercomprehensiveincomeforeigncurrencytransactionandtranslationgainlossbeforereclassificationandtax": -39000000,
        "othercomprehensiveincomelossforeigncurrencytransactionandtranslationreclassificationadjustmentfromaocirealizeduponsaleorliquidationbeforetax": 0,
        "unrealizedgainlossonforeigncurrencyderivativesnetbeforetax": 0,
        "foreigncurrencycashflowhedgegainlossreclassifiedtoearningsnet": 5000000,
        "othercomprehensiveincomelossreclassificationadjustmentfromaocipensionandotherpostretirementbenefitplansbeforetax": 4000000,
        "othercomprehensiveincomelossbeforetax": -30000000,
        "othercomprehensiveincomelosstax": 1000000,
        "othercomprehensiveincomelossnetoftax": -31000000,
        "comprehensiveincomenetoftax": 57000000
    },
    {
        "date": "2015-06-29",
        "symbol": "XYL",
        "period": "Q2",
        "salesrevenuenet": 214000000,
        "costofrevenue": 572000000,
        "grossprofit": 348000000,
        "sellinggeneralandadministrativeexpense": 218000000,
        "researchanddevelopmentexpense": 25000000,
        "restructuringsettlementandimpairmentprovisions": 1000000,
        "operatingincomeloss": 29000000,
        "interestexpense": 14000000,
        "gainlossonsaleofbusiness": 0,
        "incomelossfromcontinuingoperationsbeforeincometaxesminorityinterestandincomelossfromequitymethodinvestments": 91000000,
        "incometaxexpensebenefit": 17000000,
        "netincomeloss": 74000000,
        "earningspersharebasic": 0.41000000000000003,
        "earningspersharediluted": 0.41000000000000003,
        "weightedaveragenumberofsharesoutstandingbasic": -311000,
        "weightedaveragenumberofdilutedsharesoutstanding": -376000,
        "commonstockdividendspersharedeclared": 0.1408,
        "othercomprehensiveincomeforeigncurrencytransactionandtranslationgainlossbeforereclassificationandtax": 26000000,
        "othercomprehensiveincomelossforeigncurrencytransactionandtranslationreclassificationadjustmentfromaocirealizeduponsaleorliquidationbeforetax": -16000000,
        "unrealizedgainlossonforeigncurrencyderivativesnetbeforetax": 10000000,
        "foreigncurrencycashflowhedgegainlossreclassifiedtoearningsnet": 7000000,
        "othercomprehensiveincomelossreclassificationadjustmentfromaocipensionandotherpostretirementbenefitplansbeforetax": 4000000,
        "othercomprehensiveincomelossbeforetax": 37000000,
        "othercomprehensiveincomelosstax": 2000000,
        "othercomprehensiveincomelossnetoftax": 35000000,
        "comprehensiveincomenetoftax": 109000000
    },
    {
        "date": "2015-03-30",
        "symbol": "XYL",
        "period": "Q1",
        "salesrevenuenet": 837000000,
        "costofrevenue": 522000000,
        "grossprofit": 315000000,
        "sellinggeneralandadministrativeexpense": 206000000,
        "researchanddevelopmentexpense": 23000000,
        "restructuringsettlementandimpairmentprovisions": 3000000,
        "operatingincomeloss": 83000000,
        "interestexpense": 14000000,
        "othernonoperatingincomeexpense": -1000000,
        "gainlossonsaleofbusiness": 9000000,
        "incomelossfromcontinuingoperationsbeforeincometaxesminorityinterestandincomelossfromequitymethodinvestments": 77000000,
        "incometaxexpensebenefit": 13000000,
        "netincomeloss": 64000000,
        "earningspersharebasic": 0.35,
        "earningspersharediluted": 0.35,
        "weightedaveragenumberofsharesoutstandingbasic": 182095000,
        "weightedaveragenumberofdilutedsharesoutstanding": 183064000,
        "commonstockdividendspersharedeclared": 0.1408,
        "othercomprehensiveincomeforeigncurrencytransactionandtranslationgainlossbeforereclassificationandtax": -129000000,
        "othercomprehensiveincomelossforeigncurrencytransactionandtranslationreclassificationadjustmentfromaocirealizeduponsaleorliquidationbeforetax": 8000000,
        "unrealizedgainlossonforeigncurrencyderivativesnetbeforetax": -5000000,
        "foreigncurrencycashflowhedgegainlossreclassifiedtoearningsnet": 5000000,
        "othercomprehensiveincomelossreclassificationadjustmentfromaocipensionandotherpostretirementbenefitplansbeforetax": 4000000,
        "othercomprehensiveincomelossbeforetax": -133000000,
        "othercomprehensiveincomelosstax": 1000000,
        "othercomprehensiveincomelossnetoftax": -134000000,
        "comprehensiveincomenetoftax": -70000000
    },
    {
        "date": "2014-12-30",
        "symbol": "XYL",
        "period": "Q4",
        "salesrevenuenet": -523000000,
        "costofrevenue": 635000000,
        "grossprofit": 407000000,
        "sellinggeneralandadministrativeexpense": 232000000,
        "researchanddevelopmentexpense": 26000000,
        "operatingincomeloss": 176000000,
        "interestexpense": 13000000,
        "othernonoperatingincomeexpense": 0,
        "incomelossfromcontinuingoperationsbeforeincometaxesminorityinterestandincomelossfromequitymethodinvestments": 128000000,
        "incometaxexpensebenefit": 32000000,
        "netincomeloss": 96000000,
        "earningspersharebasic": 0.53,
        "earningspersharediluted": 0.52,
        "weightedaveragenumberofsharesoutstandingbasic": -312000,
        "weightedaveragenumberofdilutedsharesoutstanding": -324000,
        "commonstockdividendspersharedeclared": -0.37888,
        "othercomprehensiveincomelosspensionandotherpostretirementbenefitplansnetunamortizedgainlossarisingduringperiodbeforetax": -17000000,
        "othercomprehensiveincomelossnetoftax": -148000000,
        "comprehensiveincomenetoftax": -52000000
    },
    {
        "date": "2014-09-29",
        "symbol": "XYL",
        "period": "Q3",
        "salesrevenuenet": -99000000,
        "costofrevenue": 587000000,
        "grossprofit": 376000000,
        "sellinggeneralandadministrativeexpense": 222000000,
        "researchanddevelopmentexpense": 24000000,
        "restructuringsettlementandimpairmentprovisions": 0,
        "operatingincomeloss": 52000000,
        "interestexpense": 14000000,
        "othernonoperatingincomeexpense": 1000000,
        "incomelossfromcontinuingoperationsbeforeincometaxesminorityinterestandincomelossfromequitymethodinvestments": 128000000,
        "incometaxexpensebenefit": 22000000,
        "netincomeloss": 106000000,
        "earningspersharebasic": 0.5700000000000001,
        "earningspersharediluted": 0.5700000000000001,
        "weightedaveragenumberofsharesoutstandingbasic": -184535000,
        "weightedaveragenumberofdilutedsharesoutstanding": -185715000,
        "commonstockdividendspersharedeclared": 0.128,
        "othercomprehensiveincomelossforeigncurrencytransactionandtranslationadjustmentbeforetax": -114000000,
        "othercomprehensiveincomelosspensionandotherpostretirementbenefitplansnetunamortizedgainlossarisingduringperiodbeforetax": 7000000,
        "othercomprehensiveincomelosstax": 3000000,
        "othercomprehensiveincomelossnetoftax": -109000000,
        "comprehensiveincomenetoftax": -3000000
    },
    {
        "date": "2014-06-29",
        "symbol": "XYL",
        "period": "Q2",
        "salesrevenuenet": 636000000,
        "costofrevenue": 617000000,
        "grossprofit": 388000000,
        "sellinggeneralandadministrativeexpense": 242000000,
        "researchanddevelopmentexpense": 27000000,
        "restructuringsettlementandimpairmentprovisions": 3000000,
        "operatingincomeloss": 52000000,
        "interestexpense": 13000000,
        "othernonoperatingincomeexpense": 1000000,
        "incomelossfromcontinuingoperationsbeforeincometaxesminorityinterestandincomelossfromequitymethodinvestments": 104000000,
        "incometaxexpensebenefit": 18000000,
        "netincomeloss": 86000000,
        "earningspersharebasic": 0.47,
        "earningspersharediluted": 0.47,
        "weightedaveragenumberofsharesoutstandingbasic": 183377000,
        "weightedaveragenumberofdilutedsharesoutstanding": 184519000,
        "commonstockdividendspersharedeclared": 0.128,
        "othercomprehensiveincomelossforeigncurrencytransactionandtranslationadjustmentbeforetax": 3000000,
        "unrealizedgainlossonforeigncurrencyderivativesnetbeforetax": -7000000,
        "foreigncurrencycashflowhedgegainlossreclassifiedtoearningsnet": -1000000,
        "othercomprehensiveincomelosspensionandotherpostretirementbenefitplansnetunamortizedgainlossarisingduringperiodbeforetax": -7000000,
        "othercomprehensiveincomelossreclassificationadjustmentfromaocipensionandotherpostretirementbenefitplansbeforetax": 3000000,
        "othercomprehensiveincomelossbeforetax": -9000000,
        "othercomprehensiveincomelosstax": -1000000,
        "othercomprehensiveincomelossnetoftax": -8000000,
        "comprehensiveincomenetoftax": 78000000
    },
    {
        "date": "2014-03-30",
        "symbol": "XYL",
        "period": "Q1",
        "salesrevenuenet": 568000000,
        "costofrevenue": 564000000,
        "grossprofit": 342000000,
        "sellinggeneralandadministrativeexpense": 224000000,
        "researchanddevelopmentexpense": 27000000,
        "restructuringsettlementandimpairmentprovisions": 15000000,
        "operatingincomeloss": 41000000,
        "interestexpense": 14000000,
        "othernonoperatingincomeexpense": -1000000,
        "incomelossfromcontinuingoperationsbeforeincometaxesminorityinterestandincomelossfromequitymethodinvestments": 61000000,
        "incometaxexpensebenefit": 12000000,
        "netincomeloss": 49000000,
        "earningspersharebasic": 0.27,
        "earningspersharediluted": 0.27,
        "weightedaveragenumberofsharesoutstandingbasic": 184547000,
        "weightedaveragenumberofdilutedsharesoutstanding": 185769000,
        "commonstockdividendspersharedeclared": 0.128,
        "othercomprehensiveincomelossforeigncurrencytransactionandtranslationadjustmentbeforetax": -2000000,
        "derivativeinstrumentsgainlossrecognizedinothercomprehensiveincomeeffectiveportionnet": -1000000,
        "othercomprehensiveincomelosspensionandotherpostretirementbenefitplansnetunamortizedgainlossarisingduringperiodbeforetax": 3000000,
        "othercomprehensiveincomelosstax": 1000000,
        "othercomprehensiveincomelossnetoftax": -1000000,
        "comprehensiveincomenetoftax": 48000000
    },
    {
        "date": "2013-09-29",
        "symbol": "XYL",
        "period": "Q3",
        "salesrevenuenet": 619000000,
        "costofrevenue": 581000000,
        "grossprofit": 384000000,
        "sellinggeneralandadministrativeexpense": 256000000,
        "researchanddevelopmentexpense": 24000000,
        "restructuringsettlementandimpairmentprovisions": 5000000,
        "separationcosts": 1000000,
        "operatingincomeloss": 88000000,
        "interestexpense": 14000000,
        "othernonoperatingincomeexpense": -1000000,
        "incomelossfromcontinuingoperationsbeforeincometaxesminorityinterestandincomelossfromequitymethodinvestments": 83000000,
        "incometaxexpensebenefit": 10000000,
        "netincomeloss": 73000000,
        "earningspersharebasic": 0.39,
        "earningspersharediluted": 0.39,
        "weightedaveragenumberofsharesoutstandingbasic": 185166000,
        "weightedaveragenumberofdilutedsharesoutstanding": 186002000,
        "commonstockdividendspersharedeclared": 0.1164,
        "othercomprehensiveincomelossforeigncurrencytransactionandtranslationadjustmentbeforetax": 68000000,
        "derivativeinstrumentsgainlossrecognizedinothercomprehensiveincomeeffectiveportionnet": 2000000,
        "cashflowhedgegainlossreclassifiedtoearningsnet": 1000000,
        "cashflowhedgegainlossreclassifiedtocostofsalesnet": 1000000,
        "othercomprehensiveincomelosspensionandotherpostretirementbenefitplansnetunamortizedgainlossarisingduringperiodbeforetax": 5000000,
        "othercomprehensiveincomelossbeforetax": 76000000,
        "othercomprehensiveincomelosstax": 2000000,
        "othercomprehensiveincomelossnetoftax": 74000000,
        "comprehensiveincomenetoftax": 147000000
    },
    {
        "date": "2013-06-29",
        "symbol": "XYL",
        "period": "Q2",
        "salesrevenuenet": 381000000,
        "costofrevenue": 589000000,
        "grossprofit": 371000000,
        "sellinggeneralandadministrativeexpense": 252000000,
        "researchanddevelopmentexpense": 28000000,
        "restructuringsettlementandimpairmentprovisions": 20000000,
        "separationcosts": 1000000,
        "operatingincomeloss": 45000000,
        "interestexpense": 14000000,
        "othernonoperatingincomeexpense": 1000000,
        "incomelossfromcontinuingoperationsbeforeincometaxesminorityinterestandincomelossfromequitymethodinvestments": 57000000,
        "incometaxexpensebenefit": 11000000,
        "netincomeloss": 46000000,
        "earningspersharebasic": 0.24999999999999997,
        "earningspersharediluted": 0.24999999999999997,
        "weightedaveragenumberofsharesoutstandingbasic": -202000,
        "weightedaveragenumberofdilutedsharesoutstanding": -157000,
        "commonstockdividendspersharedeclared": 0.1164,
        "othercomprehensiveincomelossforeigncurrencytransactionandtranslationadjustmentbeforetax": -21000000,
        "derivativeinstrumentsgainlossrecognizedinothercomprehensiveincomeeffectiveportionnet": 0,
        "othercomprehensiveincomelosspensionandotherpostretirementbenefitplansnetunamortizedgainlossarisingduringperiodbeforetax": 5000000,
        "othercomprehensiveincomelossbeforetax": -16000000,
        "othercomprehensiveincomelosstax": 1000000,
        "othercomprehensiveincomelossnetoftax": -17000000,
        "comprehensiveincomenetoftax": 29000000
    },
    {
        "date": "2013-03-30",
        "symbol": "XYL",
        "period": "Q1",
        "salesrevenuenet": 345000000,
        "costofrevenue": 545000000,
        "grossprofit": 334000000,
        "sellinggeneralandadministrativeexpense": 236000000,
        "researchanddevelopmentexpense": 26000000,
        "restructuringsettlementandimpairmentprovisions": 5000000,
        "separationcosts": 1000000,
        "operatingincomeloss": 40000000,
        "interestexpense": 13000000,
        "othernonoperatingincomeexpense": -2000000,
        "incomelossfromcontinuingoperationsbeforeincometaxesminorityinterestandincomelossfromequitymethodinvestments": 51000000,
        "incometaxexpensebenefit": 10000000,
        "netincomeloss": 41000000,
        "earningspersharebasic": 0.22,
        "earningspersharediluted": 0.22,
        "weightedaveragenumberofsharesoutstandingbasic": 185807000,
        "weightedaveragenumberofdilutedsharesoutstanding": 186435000,
        "commonstockdividendspersharedeclared": 0.1164,
        "othercomprehensiveincomelossforeigncurrencytransactionandtranslationadjustmentbeforetax": -43000000,
        "derivativeinstrumentsgainlossrecognizedinothercomprehensiveincomeeffectiveportionnet": -2000000,
        "cashflowhedgegainlossreclassifiedtocostofsalesnet": -1000000,
        "othercomprehensiveincomelosspensionandotherpostretirementbenefitplansnetunamortizedgainlossarisingduringperiodbeforetax": 4000000,
        "othercomprehensiveincomelossbeforetax": -42000000,
        "othercomprehensiveincomelosstax": 1000000,
        "othercomprehensiveincomelossnetoftax": -43000000,
        "comprehensiveincomenetoftax": -2000000
    },
    {
        "date": "2012-09-29",
        "symbol": "XYL",
        "period": "Q3",
        "salesrevenuenet": 1108000000,
        "costofrevenue": 557000000,
        "grossprofit": 374000000,
        "sellinggeneralandadministrativeexpense": 231000000,
        "researchanddevelopmentexpense": 24000000,
        "separationcosts": 4000000,
        "operatingincomeloss": -216000000,
        "interestexpense": 14000000,
        "othernonoperatingincomeexpense": 3000000,
        "incomelossfromcontinuingoperationsbeforeincometaxesminorityinterestandincomelossfromequitymethodinvestments": 100000000,
        "incometaxexpensebenefit": 28000000,
        "netincomeloss": 72000000,
        "earningspersharebasic": 0.37999999999999995,
        "earningspersharediluted": 0.37999999999999995,
        "weightedaveragenumberofsharesoutstandingbasic": 126000,
        "weightedaveragenumberofdilutedsharesoutstanding": 52000,
        "commonstockdividendspersharedeclared": 0.10119999999999997,
        "othercomprehensiveincomelosstax": 1000000,
        "comprehensiveincomenetoftax": 119000000
    },
    {
        "date": "2012-06-29",
        "symbol": "XYL",
        "period": "Q2",
        "salesrevenuenet": -955000000,
        "costofrevenue": 583000000,
        "grossprofit": 383000000,
        "sellinggeneralandadministrativeexpense": 220000000,
        "researchanddevelopmentexpense": 28000000,
        "separationcosts": 16000000,
        "operatingincomeloss": 68000000,
        "interestexpense": 13000000,
        "othernonoperatingincomeexpense": -1000000,
        "incomelossfromcontinuingoperationsbeforeincometaxesminorityinterestandincomelossfromequitymethodinvestments": 115000000,
        "incometaxexpensebenefit": 26000000,
        "netincomeloss": 89000000,
        "earningspersharebasic": 0.4799999999999999,
        "earningspersharediluted": 0.4799999999999999,
        "weightedaveragenumberofsharesoutstandingbasic": 200000,
        "weightedaveragenumberofdilutedsharesoutstanding": 200000,
        "commonstockdividendspersharedeclared": 0.1012,
        "othercomprehensiveincomeunrealizedgainlossonderivativesarisingduringperiodbeforetax": 6000000,
        "othercomprehensiveincomelosstax": 1000000,
        "comprehensiveincomenetoftax": 18000000
    },
    {
        "date": "2012-03-30",
        "symbol": "XYL",
        "period": "Q1",
        "salesrevenuenet": 925000000,
        "costofrevenue": 562000000,
        "grossprofit": 363000000,
        "sellinggeneralandadministrativeexpense": 231000000,
        "researchanddevelopmentexpense": 28000000,
        "separationcosts": -5000000,
        "operatingincomeloss": 99000000,
        "interestexpense": 14000000,
        "othernonoperatingincomeexpense": -1000000,
        "incomelossfromcontinuingoperationsbeforeincometaxesminorityinterestandincomelossfromequitymethodinvestments": 84000000,
        "incometaxexpensebenefit": 21000000,
        "netincomeloss": 63000000,
        "earningspersharebasic": 0.34,
        "earningspersharediluted": 0.34,
        "weightedaveragenumberofsharesoutstandingbasic": 185400000,
        "weightedaveragenumberofdilutedsharesoutstanding": 185900000,
        "commonstockdividendspersharedeclared": 0.1012,
        "othercomprehensiveincomeforeigncurrencytransactionandtranslationadjustmentbeforetaxperiodincreasedecrease": -49000000,
        "othercomprehensiveincomeunrealizedgainlossonderivativesarisingduringperiodbeforetax": -4000000,
        "othercomprehensiveincomedefinedbenefitplansnetunamortizedgainlossarisingduringperiodbeforetax": -2000000,
        "othercomprehensiveincomefinalizationofpensionandnonpensionpostretirementplanvaluationbeforetax": -2000000,
        "othercomprehensiveincomelossbeforetaxperiodincreasedecrease": -57000000,
        "othercomprehensiveincomelosstax": 2000000,
        "othercomprehensiveincomelossnetoftaxperiodincreasedecrease": -55000000,
        "comprehensiveincomenetoftax": 118000000
    },
    {
        "date": "2011-09-29",
        "symbol": "XYL",
        "period": "Q3",
        "salesrevenuenet": 939000000,
        "costofrevenue": 574000000,
        "grossprofit": 365000000,
        "sellinggeneralandadministrativeexpense": 215000000,
        "researchanddevelopmentexpense": 23000000,
        "separationcosts": -46000000,
        "restructuringcharges": 2000000,
        "operatingincomeloss": 79000000,
        "interestexpense": 1000000,
        "nonoperatingincomeexpense": 4000000,
        "incomelossfromcontinuingoperationsbeforeincometaxesminorityinterestandincomelossfromequitymethodinvestments": 82000000,
        "incometaxexpensebenefit": 5000000,
        "netincomeloss": 77000000
    }
]