[
    {
        "date": "2024-09-29",
        "symbol": "ITW",
        "period": "Q3",
        "revenuefromcontractwithcustomerexcludingassessedtax": 3966000000,
        "costofgoodsandservicessold": 2230000000,
        "sellingadministrativeandresearchanddevelopmentexpenses": 658000000,
        "amortizationandimpairmentofintangibleassets": 26000000,
        "operatingincomeloss": 1052000000,
        "interestexpensenonoperating": 69000000,
        "othernonoperatingincome": 379000000,
        "incomelossincludingportionattributabletononcontrollinginterest": 1362000000,
        "incometaxexpensebenefit": 202000000,
        "profitloss": 1160000000,
        "earningspersharebasic": 3.92,
        "earningspersharediluted": 3.91,
        "weightedaveragenumberofsharesoutstandingbasic": 296100000,
        "weightedaveragenumberofdilutedsharesoutstanding": 297000000,
        "othercomprehensiveincomelossforeigncurrencytransactionandtranslationadjustmentnetoftax": 73000000,
        "othercomprehensiveincomelosspensionandotherpostretirementbenefitplansadjustmentnetoftax": -3000000,
        "othercomprehensiveincomelossnetoftax": 3000000,
        "comprehensiveincomenetoftaxincludingportionattributabletononcontrollinginterest": 1236000000
    },
    {
        "date": "2024-06-29",
        "symbol": "ITW",
        "period": "Q2",
        "revenuefromcontractwithcustomerexcludingassessedtax": 4027000000,
        "costofgoodsandservicessold": 2262000000,
        "sellingadministrativeandresearchanddevelopmentexpenses": 686000000,
        "amortizationandimpairmentofintangibleassets": 25000000,
        "operatingincomeloss": 1054000000,
        "interestexpensenonoperating": 75000000,
        "othernonoperatingincome": 26000000,
        "incomelossincludingportionattributabletononcontrollinginterest": 1005000000,
        "incometaxexpensebenefit": 246000000,
        "profitloss": 759000000,
        "earningspersharebasic": 2.55,
        "earningspersharediluted": 2.54,
        "weightedaveragenumberofsharesoutstandingbasic": 297600000,
        "weightedaveragenumberofdilutedsharesoutstanding": 298500000,
        "othercomprehensiveincomelossforeigncurrencytransactionandtranslationadjustmentnetoftax": -42000000,
        "othercomprehensiveincomelosspensionandotherpostretirementbenefitplansadjustmentnetoftax": -1000000,
        "othercomprehensiveincomelossnetoftax": -41000000,
        "comprehensiveincomenetoftaxincludingportionattributabletononcontrollinginterest": 718000000
    },
    {
        "date": "2024-03-30",
        "symbol": "ITW",
        "period": "Q1",
        "revenuefromcontractwithcustomerexcludingassessedtax": 3973000000,
        "costofgoodsandservicessold": 2145000000,
        "sellingadministrativeandresearchanddevelopmentexpenses": 676000000,
        "amortizationandimpairmentofintangibleassets": 25000000,
        "operatingincomeloss": 1127000000,
        "interestexpense": 71000000,
        "othernonoperatingincome": 16000000,
        "incomelossincludingportionattributabletononcontrollinginterest": 1072000000,
        "incometaxexpensebenefit": 253000000,
        "profitloss": 819000000,
        "earningspersharebasic": 2.74,
        "earningspersharediluted": 2.73,
        "weightedaveragenumberofsharesoutstandingbasic": 298900000,
        "weightedaveragenumberofdilutedsharesoutstanding": 300000000,
        "othercomprehensiveincomelossforeigncurrencytransactionandtranslationadjustmentnetoftax": -51000000,
        "othercomprehensiveincomelosspensionandotherpostretirementbenefitplansadjustmentnetoftax": -1000000,
        "othercomprehensiveincomelossnetoftax": -50000000,
        "comprehensiveincomenetoftaxincludingportionattributabletononcontrollinginterest": 769000000
    },
    {
        "date": "2023-12-30",
        "symbol": "ITW",
        "period": "Q4",
        "costofgoodsandservicessold": 2312000000,
        "sellingadministrativeandresearchanddevelopmentexpenses": 658000000,
        "amortizationandimpairmentofintangibleassets": 25000000,
        "operatingincomeloss": 988000000,
        "interestexpense": 70000000,
        "othernonoperatingincome": 9000000,
        "incomelossincludingportionattributabletononcontrollinginterest": 927000000,
        "incometaxexpensebenefit": 210000000,
        "profitloss": 717000000,
        "earningspersharebasic": 2.3899999999999997,
        "earningspersharediluted": 2.380000000000001,
        "othercomprehensiveincomelossforeigncurrencytransactionandtranslationadjustmentnetoftax": 102000000,
        "othercomprehensiveincomelossnetoftax": 68000000,
        "comprehensiveincomenetoftaxincludingportionattributabletononcontrollinginterest": 785000000
    },
    {
        "date": "2023-09-29",
        "symbol": "ITW",
        "period": "Q3",
        "revenuefromcontractwithcustomerincludingassessedtax": 4031000000,
        "costofgoodsandservicessold": 2319000000,
        "sellingadministrativeandresearchanddevelopmentexpenses": 615000000,
        "amortizationandimpairmentofintangibleassets": 27000000,
        "operatingincomeloss": 1070000000,
        "interestexpense": 67000000,
        "othernonoperatingincome": 10000000,
        "incomelossincludingportionattributabletononcontrollinginterest": 1013000000,
        "incometaxexpensebenefit": 241000000,
        "profitloss": 772000000,
        "earningspersharebasic": 2.55,
        "earningspersharediluted": 2.55,
        "weightedaveragenumberofsharesoutstandingbasic": 301900000,
        "weightedaveragenumberofdilutedsharesoutstanding": 303000000,
        "othercomprehensiveincomelossforeigncurrencytransactionandtranslationadjustmentnetoftax": -82000000,
        "othercomprehensiveincomelossnetoftax": -82000000,
        "comprehensiveincomenetoftaxincludingportionattributabletononcontrollinginterest": 690000000
    },
    {
        "date": "2023-06-29",
        "symbol": "ITW",
        "period": "Q2",
        "revenuefromcontractwithcustomerincludingassessedtax": -4000000,
        "costofgoodsandservicessold": 2344000000,
        "sellingadministrativeandresearchanddevelopmentexpenses": 690000000,
        "amortizationandimpairmentofintangibleassets": 30000000,
        "operatingincomeloss": 1010000000,
        "interestexpense": 69000000,
        "othernonoperatingincome": 20000000,
        "incomelossincludingportionattributabletononcontrollinginterest": 961000000,
        "incometaxexpensebenefit": 207000000,
        "profitloss": 754000000,
        "earningspersharebasic": 2.49,
        "earningspersharediluted": 2.48,
        "weightedaveragenumberofsharesoutstandingbasic": 303300000,
        "weightedaveragenumberofdilutedsharesoutstanding": 304200000,
        "othercomprehensiveincomelossforeigncurrencytransactionandtranslationadjustmentnetoftax": -16000000,
        "othercomprehensiveincomelossnetoftax": -16000000,
        "comprehensiveincomenetoftaxincludingportionattributabletononcontrollinginterest": 738000000
    },
    {
        "date": "2023-03-30",
        "symbol": "ITW",
        "period": "Q1",
        "revenuefromcontractwithcustomerincludingassessedtax": -4000000,
        "costofgoodsandservicessold": 2341000000,
        "sellingadministrativeandresearchanddevelopmentexpenses": 675000000,
        "amortizationandimpairmentofintangibleassets": 31000000,
        "operatingincomeloss": 972000000,
        "interestexpense": 60000000,
        "othernonoperatingincome": 10000000,
        "incomelossincludingportionattributabletononcontrollinginterest": 922000000,
        "incometaxexpensebenefit": 208000000,
        "profitloss": 714000000,
        "earningspersharebasic": 2.34,
        "earningspersharediluted": 2.33,
        "weightedaveragenumberofsharesoutstandingbasic": 305000000,
        "weightedaveragenumberofdilutedsharesoutstanding": 306100000,
        "othercomprehensiveincomelossforeigncurrencytransactionandtranslationadjustmentnetoftax": 37000000,
        "othercomprehensiveincomelossnetoftax": 37000000,
        "comprehensiveincomenetoftaxincludingportionattributabletononcontrollinginterest": 751000000
    },
    {
        "date": "2022-12-30",
        "symbol": "ITW",
        "period": "Q4",
        "costofgoodsandservicessold": 2309000000,
        "sellingadministrativeandresearchanddevelopmentexpenses": 644000000,
        "amortizationandimpairmentofintangibleassets": 32000000,
        "operatingincomeloss": 986000000,
        "interestexpense": 56000000,
        "othernonoperatingincome": 191000000,
        "incometaxexpensebenefit": 214000000,
        "profitloss": 907000000,
        "earningspersharebasic": 2.950000000000001,
        "earningspersharediluted": 2.94,
        "othercomprehensiveincomelossforeigncurrencytransactionandtranslationadjustmentnetoftax": 152000000,
        "othercomprehensiveincomelossnetoftax": -353000000,
        "comprehensiveincomenetoftaxincludingportionattributabletononcontrollinginterest": 948000000
    },
    {
        "date": "2022-09-29",
        "symbol": "ITW",
        "period": "Q3",
        "revenuefromcontractwithcustomerincludingassessedtax": -5000000,
        "costofgoodsandservicessold": 2371000000,
        "sellingadministrativeandresearchanddevelopmentexpenses": 624000000,
        "amortizationandimpairmentofintangibleassets": 33000000,
        "operatingincomeloss": 983000000,
        "interestexpense": 52000000,
        "othernonoperatingincome": 26000000,
        "incomelossfromcontinuingoperationsbeforeincometaxesextraordinaryitemsnoncontrollinginterest": 957000000,
        "incometaxexpensebenefit": 230000000,
        "profitloss": 727000000,
        "earningspersharebasic": 2.36,
        "earningspersharediluted": 2.35,
        "weightedaveragenumberofsharesoutstandingbasic": 308800000,
        "weightedaveragenumberofdilutedsharesoutstanding": 309700000,
        "othercomprehensiveincomelossforeigncurrencytransactionandtranslationadjustmentnetoftax": -210000000,
        "othercomprehensiveincomedefinedbenefitplansadjustmentnetoftaxportionattributabletoparent": -5000000,
        "othercomprehensiveincomelossnetoftax": 5000000,
        "comprehensiveincomenetoftaxincludingportionattributabletononcontrollinginterest": 522000000
    },
    {
        "date": "2022-06-29",
        "symbol": "ITW",
        "period": "Q2",
        "revenuefromcontractwithcustomerincludingassessedtax": -4000000,
        "costofgoodsandservicessold": 2392000000,
        "sellingadministrativeandresearchanddevelopmentexpenses": 659000000,
        "amortizationandimpairmentofintangibleassets": 34000000,
        "operatingincomeloss": 926000000,
        "interestexpense": 47000000,
        "othernonoperatingincome": 24000000,
        "incomelossfromcontinuingoperationsbeforeincometaxesextraordinaryitemsnoncontrollinginterest": 903000000,
        "incometaxexpensebenefit": 165000000,
        "profitloss": 738000000,
        "earningspersharebasic": 2.37,
        "earningspersharediluted": 2.37,
        "weightedaveragenumberofsharesoutstandingbasic": 310600000,
        "weightedaveragenumberofdilutedsharesoutstanding": 311500000,
        "othercomprehensiveincomelossforeigncurrencytransactionandtranslationadjustmentnetoftax": -210000000,
        "othercomprehensiveincomedefinedbenefitplansadjustmentnetoftaxportionattributabletoparent": -4000000,
        "othercomprehensiveincomelossnetoftax": 4000000,
        "comprehensiveincomenetoftaxincludingportionattributabletononcontrollinginterest": 532000000
    },
    {
        "date": "2022-03-30",
        "symbol": "ITW",
        "period": "Q1",
        "revenuefromcontractwithcustomerincludingassessedtax": -6000000,
        "costofgoodsandservicessold": 2357000000,
        "sellingadministrativeandresearchanddevelopmentexpenses": 652000000,
        "amortizationandimpairmentofintangibleassets": 35000000,
        "operatingincomeloss": 895000000,
        "interestexpense": 48000000,
        "othernonoperatingincome": 14000000,
        "incomelossfromcontinuingoperationsbeforeincometaxesextraordinaryitemsnoncontrollinginterest": 861000000,
        "incometaxexpensebenefit": 199000000,
        "profitloss": 662000000,
        "earningspersharebasic": 2.12,
        "earningspersharediluted": 2.11,
        "weightedaveragenumberofsharesoutstandingbasic": 312500000,
        "weightedaveragenumberofdilutedsharesoutstanding": 313700000,
        "othercomprehensiveincomelossforeigncurrencytransactionandtranslationadjustmentnetoftax": 26000000,
        "othercomprehensiveincomedefinedbenefitplansadjustmentnetoftaxportionattributabletoparent": -5000000,
        "othercomprehensiveincomelossnetoftax": 5000000,
        "comprehensiveincomenetoftaxincludingportionattributabletononcontrollinginterest": 693000000
    },
    {
        "date": "2021-12-30",
        "symbol": "ITW",
        "period": "Q4",
        "costofgoodsandservicessold": 2191000000,
        "sellingadministrativeandresearchanddevelopmentexpenses": 621000000,
        "amortizationandimpairmentofintangibleassets": 33000000,
        "operatingincomeloss": 834000000,
        "interestexpense": 49000000,
        "othernonoperatingincome": 7000000,
        "incometaxexpensebenefit": 183000000,
        "profitloss": 609000000,
        "earningspersharebasic": 1.9400000000000013,
        "earningspersharediluted": 1.9300000000000002,
        "othercomprehensiveincomelossforeigncurrencytransactionandtranslationadjustmentnetoftax": 34000000,
        "othercomprehensiveincomelossnetoftax": 136000000,
        "comprehensiveincomenetoftaxincludingportionattributabletononcontrollinginterest": 745000000
    },
    {
        "date": "2021-09-29",
        "symbol": "ITW",
        "period": "Q3",
        "revenuefromcontractwithcustomerincludingassessedtax": 3556000000,
        "costofgoodsandservicessold": 2096000000,
        "sellingadministrativeandresearchanddevelopmentexpenses": 581000000,
        "amortizationandimpairmentofintangibleassets": 34000000,
        "operatingincomeloss": 845000000,
        "interestexpense": 49000000,
        "othernonoperatingincome": 10000000,
        "incomelossfromcontinuingoperationsbeforeincometaxesextraordinaryitemsnoncontrollinginterest": 806000000,
        "incometaxexpensebenefit": 167000000,
        "profitloss": 639000000,
        "earningspersharebasic": 2.03,
        "earningspersharediluted": 2.02,
        "weightedaveragenumberofsharesoutstandingbasic": 314600000,
        "weightedaveragenumberofdilutedsharesoutstanding": 315900000,
        "othercomprehensiveincomelossforeigncurrencytransactionandtranslationadjustmentnetoftax": -59000000,
        "othercomprehensiveincomedefinedbenefitplansadjustmentnetoftaxportionattributabletoparent": -11000000,
        "othercomprehensiveincomelossnetoftax": -48000000,
        "comprehensiveincomenetoftaxincludingportionattributabletononcontrollinginterest": 591000000
    },
    {
        "date": "2021-06-29",
        "symbol": "ITW",
        "period": "Q2",
        "revenuefromcontractwithcustomerincludingassessedtax": 3676000000,
        "costofgoodsandservicessold": 2163000000,
        "sellingadministrativeandresearchanddevelopmentexpenses": 588000000,
        "amortizationandimpairmentofintangibleassets": 32000000,
        "operatingincomeloss": 893000000,
        "interestexpense": 52000000,
        "othernonoperatingincome": 22000000,
        "incomelossfromcontinuingoperationsbeforeincometaxesminorityinterestandincomelossfromequitymethodinvestments": 863000000,
        "incometaxexpensebenefit": 88000000,
        "profitloss": 775000000,
        "earningspersharebasic": 2.46,
        "earningspersharediluted": 2.45,
        "weightedaveragenumberofsharesoutstandingbasic": 315600000,
        "weightedaveragenumberofdilutedsharesoutstanding": 316900000,
        "othercomprehensiveincomelossforeigncurrencytransactionandtranslationadjustmentnetoftax": 37000000,
        "othercomprehensiveincomedefinedbenefitplansadjustmentnetoftaxportionattributabletoparent": -11000000,
        "othercomprehensiveincomelossnetoftax": 48000000,
        "comprehensiveincomenetoftaxincludingportionattributabletononcontrollinginterest": 823000000
    },
    {
        "date": "2021-03-30",
        "symbol": "ITW",
        "period": "Q1",
        "revenuefromcontractwithcustomerincludingassessedtax": 3544000000,
        "costofgoodsandservicessold": 2039000000,
        "sellingadministrativeandresearchanddevelopmentexpenses": 566000000,
        "amortizationandimpairmentofintangibleassets": 34000000,
        "operatingincomeloss": 905000000,
        "interestexpense": 52000000,
        "othernonoperatingincome": 12000000,
        "incomelossfromcontinuingoperationsbeforeincometaxesminorityinterestandincomelossfromequitymethodinvestments": 865000000,
        "incometaxexpensebenefit": 194000000,
        "profitloss": 671000000,
        "earningspersharebasic": 2.12,
        "earningspersharediluted": 2.11,
        "weightedaveragenumberofsharesoutstandingbasic": 316600000,
        "weightedaveragenumberofdilutedsharesoutstanding": 317900000,
        "othercomprehensiveincomelossforeigncurrencytransactionandtranslationadjustmentnetoftax": -7000000,
        "othercomprehensiveincomedefinedbenefitplansadjustmentnetoftaxportionattributabletoparent": -11000000,
        "othercomprehensiveincomelossnetoftax": 4000000,
        "comprehensiveincomenetoftaxincludingportionattributabletononcontrollinginterest": 675000000
    },
    {
        "date": "2020-12-30",
        "symbol": "ITW",
        "period": "Q4",
        "costofgoodsandservicessold": 2000000000,
        "sellingadministrativeandresearchanddevelopmentexpenses": 557000000,
        "amortizationandimpairmentofintangibleassets": 35000000,
        "operatingincomeloss": 883000000,
        "interestexpense": 52000000,
        "othernonoperatingincome": -7000000,
        "incomelossfromcontinuingoperationsbeforeincometaxesminorityinterestandincomelossfromequitymethodinvestments": 824000000,
        "incometaxexpensebenefit": 182000000,
        "profitloss": 642000000,
        "earningspersharebasic": 2.0300000000000002,
        "earningspersharediluted": 2.02,
        "othercomprehensiveincomelossforeigncurrencytransactionandtranslationadjustmentnetoftax": 164000000,
        "comprehensiveincomenetoftaxincludingportionattributabletononcontrollinginterest": 837000000
    },
    {
        "date": "2020-09-29",
        "symbol": "ITW",
        "period": "Q3",
        "revenuefromcontractwithcustomerincludingassessedtax": 3307000000,
        "costofgoodsandservicessold": 1910000000,
        "sellingadministrativeandresearchanddevelopmentexpenses": 560000000,
        "amortizationandimpairmentofintangibleassets": 48000000,
        "operatingincomeloss": 789000000,
        "interestexpense": 52000000,
        "othernonoperatingincome": 2000000,
        "incomelossfromcontinuingoperationsbeforeincometaxesminorityinterestandincomelossfromequitymethodinvestments": 739000000,
        "incometaxexpensebenefit": 157000000,
        "profitloss": 582000000,
        "earningspersharebasic": 1.84,
        "earningspersharediluted": 1.83,
        "weightedaveragenumberofsharesoutstandingbasic": 316500000,
        "weightedaveragenumberofdilutedsharesoutstanding": 317900000,
        "othercomprehensiveincomelossforeigncurrencytransactionandtranslationadjustmentnetoftax": 63000000,
        "othercomprehensiveincomedefinedbenefitplansadjustmentnetoftaxportionattributabletoparent": -9000000,
        "othercomprehensiveincomelossnetoftax": 72000000,
        "comprehensiveincomenetoftaxincludingportionattributabletononcontrollinginterest": 654000000
    },
    {
        "date": "2020-06-29",
        "symbol": "ITW",
        "period": "Q2",
        "revenuefromcontractwithcustomerincludingassessedtax": 2564000000,
        "costofgoodsandservicessold": 1594000000,
        "sellingadministrativeandresearchanddevelopmentexpenses": 486000000,
        "amortizationandimpairmentofintangibleassets": 35000000,
        "operatingincomeloss": 449000000,
        "interestexpense": 51000000,
        "othernonoperatingincome": 8000000,
        "incomelossfromcontinuingoperationsbeforeincometaxesminorityinterestandincomelossfromequitymethodinvestments": 406000000,
        "incometaxexpensebenefit": 87000000,
        "profitloss": 319000000,
        "earningspersharebasic": 1.01,
        "earningspersharediluted": 1.01,
        "weightedaveragenumberofsharesoutstandingbasic": 316100000,
        "weightedaveragenumberofdilutedsharesoutstanding": 317400000,
        "othercomprehensiveincomelossforeigncurrencytransactionandtranslationadjustmentnetoftax": 64000000,
        "othercomprehensiveincomedefinedbenefitplansadjustmentnetoftaxportionattributabletoparent": -10000000,
        "othercomprehensiveincomelossnetoftax": 74000000,
        "comprehensiveincomenetoftaxincludingportionattributabletononcontrollinginterest": 393000000
    },
    {
        "date": "2020-03-30",
        "symbol": "ITW",
        "period": "Q1",
        "profitloss": 566000000,
        "othercomprehensiveincomelossforeigncurrencytransactionandtranslationadjustmentnetoftax": -287000000,
        "othercomprehensiveincomedefinedbenefitplansadjustmentnetoftaxportionattributabletoparent": -9000000,
        "othercomprehensiveincomelossnetoftax": -278000000,
        "comprehensiveincomenetoftaxincludingportionattributabletononcontrollinginterest": 288000000,
        "revenuefromcontractwithcustomerincludingassessedtax": 3228000000,
        "costofgoodsandservicessold": 1871000000,
        "sellingadministrativeandresearchanddevelopmentexpenses": 560000000,
        "amortizationandimpairmentofintangibleassets": 36000000,
        "operatingincomeloss": 761000000,
        "interestexpense": 51000000,
        "othernonoperatingincome": 25000000,
        "incomelossfromcontinuingoperationsbeforeincometaxesminorityinterestandincomelossfromequitymethodinvestments": 735000000,
        "incometaxexpensebenefit": 169000000,
        "earningspersharebasic": 1.78,
        "earningspersharediluted": 1.77,
        "weightedaveragenumberofsharesoutstandingbasic": 318300000,
        "weightedaveragenumberofdilutedsharesoutstanding": 319700000
    },
    {
        "date": "2019-12-30",
        "symbol": "ITW",
        "period": "Q4",
        "profitloss": 641000000,
        "othercomprehensiveincomelossforeigncurrencytransactionandtranslationadjustmentnetoftax": 132000000,
        "comprehensiveincomenetoftaxincludingportionattributabletononcontrollinginterest": 734000000,
        "costofgoodsandservicessold": 2022000000,
        "sellingadministrativeandresearchanddevelopmentexpenses": 586000000,
        "amortizationandimpairmentofintangibleassets": 37000000,
        "operatingincomeloss": 824000000,
        "interestexpense": 51000000,
        "othernonoperatingincome": 58000000,
        "incomelossfromcontinuingoperationsbeforeincometaxesminorityinterestandincomelossfromequitymethodinvestments": 831000000,
        "incometaxexpensebenefit": 190000000,
        "earningspersharebasic": 1.9900000000000004,
        "earningspersharediluted": 1.98
    },
    {
        "date": "2019-09-29",
        "symbol": "ITW",
        "period": "Q3",
        "profitloss": 660000000,
        "othercomprehensiveincomelossforeigncurrencytransactionandtranslationadjustmentnetoftax": -105000000,
        "othercomprehensiveincomedefinedbenefitplansadjustmentnetoftaxportionattributabletoparent": -4000000,
        "comprehensiveincomenetoftaxincludingportionattributabletononcontrollinginterest": 559000000,
        "revenuefromcontractwithcustomerincludingassessedtax": 3479000000,
        "costofgoodsandservicessold": 2007000000,
        "sellingadministrativeandresearchanddevelopmentexpenses": 566000000,
        "amortizationandimpairmentofintangibleassets": 38000000,
        "operatingincomeloss": 868000000,
        "interestexpense": 52000000,
        "othernonoperatingincome": 26000000,
        "incomelossfromcontinuingoperationsbeforeincometaxesminorityinterestandincomelossfromequitymethodinvestments": 842000000,
        "incometaxexpensebenefit": 182000000,
        "earningspersharebasic": 2.05,
        "earningspersharediluted": 2.04,
        "weightedaveragenumberofsharesoutstandingbasic": 322300000,
        "weightedaveragenumberofdilutedsharesoutstanding": 324000000
    },
    {
        "date": "2019-06-29",
        "symbol": "ITW",
        "period": "Q2",
        "profitloss": 623000000,
        "othercomprehensiveincomelossforeigncurrencytransactionandtranslationadjustmentnetoftax": -60000000,
        "othercomprehensiveincomedefinedbenefitplansadjustmentnetoftaxportionattributabletoparent": -5000000,
        "comprehensiveincomenetoftaxincludingportionattributabletononcontrollinginterest": 568000000,
        "revenuefromcontractwithcustomerincludingassessedtax": 3609000000,
        "costofgoodsandservicessold": 2099000000,
        "sellingadministrativeandresearchanddevelopmentexpenses": 598000000,
        "amortizationandimpairmentofintangibleassets": 41000000,
        "operatingincomeloss": 871000000,
        "interestexpense": 55000000,
        "othernonoperatingincome": 9000000,
        "incomelossfromcontinuingoperationsbeforeincometaxesminorityinterestandincomelossfromequitymethodinvestments": 825000000,
        "incometaxexpensebenefit": 202000000,
        "earningspersharebasic": 1.92,
        "earningspersharediluted": 1.91,
        "weightedaveragenumberofsharesoutstandingbasic": 324800000,
        "weightedaveragenumberofdilutedsharesoutstanding": 326600000
    },
    {
        "date": "2019-03-30",
        "symbol": "ITW",
        "period": "Q1",
        "profitloss": 597000000,
        "othercomprehensiveincomelossforeigncurrencytransactionandtranslationadjustmentnetoftax": 31000000,
        "othercomprehensiveincomedefinedbenefitplansadjustmentnetoftaxportionattributabletoparent": -4000000,
        "comprehensiveincomenetoftaxincludingportionattributabletononcontrollinginterest": 632000000,
        "revenuefromcontractwithcustomerincludingassessedtax": 3552000000,
        "costofgoodsandservicessold": 2059000000,
        "sellingadministrativeandresearchanddevelopmentexpenses": 611000000,
        "amortizationandimpairmentofintangibleassets": 43000000,
        "operatingincomeloss": 839000000,
        "interestexpense": 63000000,
        "othernonoperatingincome": 14000000,
        "incomelossfromcontinuingoperationsbeforeincometaxesminorityinterestandincomelossfromequitymethodinvestments": 790000000,
        "incometaxexpensebenefit": 193000000,
        "earningspersharebasic": 1.82,
        "earningspersharediluted": 1.81,
        "weightedaveragenumberofsharesoutstandingbasic": 327300000,
        "weightedaveragenumberofdilutedsharesoutstanding": 329600000
    },
    {
        "date": "2018-09-29",
        "symbol": "ITW",
        "period": "Q3",
        "profitloss": 638000000,
        "othercomprehensiveincomelossforeigncurrencytransactionandtranslationadjustmentnetoftax": -67000000,
        "othercomprehensiveincomedefinedbenefitplansadjustmentnetoftaxportionattributabletoparent": -8000000,
        "comprehensiveincomenetoftaxincludingportionattributabletononcontrollinginterest": 579000000,
        "revenues": 3613000000,
        "costofgoodsandservicessold": 2096000000,
        "sellingadministrativeandresearchanddevelopmentexpenses": 581000000,
        "amortizationandimpairmentofintangibleassets": 47000000,
        "operatingincomeloss": 889000000,
        "interestexpense": 64000000,
        "othernonoperatingincome": 10000000,
        "incomelossfromcontinuingoperationsbeforeincometaxesminorityinterestandincomelossfromequitymethodinvestments": 835000000,
        "incometaxexpensebenefit": 197000000,
        "earningspersharebasic": 1.91,
        "earningspersharediluted": 1.9,
        "commonstockdividendspersharecashpaid": 0.78,
        "commonstockdividendspersharedeclared": 1,
        "weightedaveragenumberofsharesoutstandingbasic": 333300000,
        "weightedaveragenumberofdilutedsharesoutstanding": 335300000
    },
    {
        "date": "2018-06-29",
        "symbol": "ITW",
        "period": "Q2",
        "profitloss": 666000000,
        "othercomprehensiveincomelossforeigncurrencytransactionandtranslationadjustmentnetoftax": -299000000,
        "othercomprehensiveincomedefinedbenefitplansadjustmentnetoftaxportionattributabletoparent": -9000000,
        "comprehensiveincomenetoftaxincludingportionattributabletononcontrollinginterest": 376000000,
        "revenues": 3831000000,
        "costofgoodsandservicessold": 2231000000,
        "sellingadministrativeandresearchanddevelopmentexpenses": 620000000,
        "amortizationandimpairmentofintangibleassets": 48000000,
        "operatingincomeloss": 932000000,
        "interestexpense": 64000000,
        "othernonoperatingincome": 26000000,
        "incomelossfromcontinuingoperationsbeforeincometaxesminorityinterestandincomelossfromequitymethodinvestments": 894000000,
        "incometaxexpensebenefit": 228000000,
        "earningspersharebasic": 1.98,
        "earningspersharediluted": 1.97,
        "commonstockdividendspersharecashpaid": 0.78,
        "commonstockdividendspersharedeclared": 0.78,
        "weightedaveragenumberofsharesoutstandingbasic": 336700000,
        "weightedaveragenumberofdilutedsharesoutstanding": 338900000
    },
    {
        "date": "2017-09-29",
        "symbol": "ITW",
        "period": "Q3",
        "profitloss": 640000000,
        "othercomprehensiveincomelossforeigncurrencytransactionandtranslationadjustmentnetoftax": 96000000,
        "othercomprehensiveincomedefinedbenefitplansadjustmentnetoftaxportionattributabletoparent": -13000000,
        "comprehensiveincomenetoftaxincludingportionattributabletononcontrollinginterest": 749000000,
        "salesrevenuenet": 3615000000,
        "costofgoodsandservicessold": 2094000000,
        "sellingadministrativeandresearchanddevelopmentexpenses": 589000000,
        "gainlossrelatedtolitigationsettlement": 80000000,
        "amortizationandimpairmentofintangibleassets": 51000000,
        "operatingincomeloss": 961000000,
        "interestexpense": 65000000,
        "othernonoperatingincome": 10000000,
        "incomelossfromcontinuingoperationsbeforeincometaxesminorityinterestandincomelossfromequitymethodinvestments": 906000000,
        "incometaxexpensebenefit": 266000000,
        "earningspersharebasic": 1.86,
        "earningspersharediluted": 1.85,
        "commonstockdividendspersharecashpaid": 0.65,
        "commonstockdividendspersharedeclared": 0.78,
        "weightedaveragenumberofsharesoutstandingbasic": 343400000,
        "weightedaveragenumberofdilutedsharesoutstanding": 346000000
    },
    {
        "date": "2017-06-29",
        "symbol": "ITW",
        "period": "Q2",
        "profitloss": 587000000,
        "othercomprehensiveincomelossforeigncurrencytransactionandtranslationadjustmentnetoftax": 117000000,
        "othercomprehensiveincomedefinedbenefitplansadjustmentnetoftaxportionattributabletoparent": -10000000,
        "comprehensiveincomenetoftaxincludingportionattributabletononcontrollinginterest": 714000000,
        "salesrevenuenet": 3599000000,
        "costofgoodsandservicessold": 2087000000,
        "sellingadministrativeandresearchanddevelopmentexpenses": 586000000,
        "amortizationandimpairmentofintangibleassets": 52000000,
        "operatingincomeloss": 874000000,
        "interestexpense": 65000000,
        "othernonoperatingincome": 10000000,
        "incomelossfromcontinuingoperationsbeforeincometaxesminorityinterestandincomelossfromequitymethodinvestments": 819000000,
        "incometaxexpensebenefit": 232000000,
        "earningspersharebasic": 1.7,
        "earningspersharediluted": 1.69,
        "commonstockdividendspersharecashpaid": 0.65,
        "commonstockdividendspersharedeclared": 0.65,
        "weightedaveragenumberofsharesoutstandingbasic": 344700000,
        "weightedaveragenumberofdilutedsharesoutstanding": 347500000
    },
    {
        "date": "2017-03-30",
        "symbol": "ITW",
        "period": "Q1",
        "profitloss": 536000000,
        "othercomprehensiveincomelossforeigncurrencytransactionandtranslationadjustmentnetoftax": 154000000,
        "othercomprehensiveincomedefinedbenefitplansadjustmentnetoftaxportionattributabletoparent": -10000000,
        "comprehensiveincomenetoftaxincludingportionattributabletononcontrollinginterest": 700000000,
        "salesrevenuenet": 3471000000,
        "costofgoodsandservicessold": 2004000000,
        "sellingadministrativeandresearchanddevelopmentexpenses": 605000000,
        "amortizationandimpairmentofintangibleassets": 53000000,
        "operatingincomeloss": 809000000,
        "interestexpense": 64000000,
        "othernonoperatingincome": 4000000,
        "incomelossfromcontinuingoperationsbeforeincometaxesminorityinterestandincomelossfromequitymethodinvestments": 749000000,
        "incometaxexpensebenefit": 213000000,
        "earningspersharebasic": 1.55,
        "earningspersharediluted": 1.54,
        "commonstockdividendspersharecashpaid": 0.65,
        "commonstockdividendspersharedeclared": 0.65,
        "weightedaveragenumberofsharesoutstandingbasic": 346200000,
        "weightedaveragenumberofdilutedsharesoutstanding": 349000000
    },
    {
        "date": "2016-09-29",
        "symbol": "ITW",
        "period": "Q3",
        "profitloss": 535000000,
        "othercomprehensiveincomelossforeigncurrencytransactionandtranslationadjustmentnetoftax": -5000000,
        "othercomprehensiveincomedefinedbenefitplansadjustmentnetoftaxportionattributabletoparent": -7000000,
        "comprehensiveincomenetoftaxincludingportionattributabletononcontrollinginterest": 537000000,
        "salesrevenuenet": 117000000,
        "costofgoodsandservicessold": 2027000000,
        "sellingadministrativeandresearchanddevelopmentexpenses": 604000000,
        "amortizationandimpairmentofintangibleassets": 56000000,
        "operatingincomeloss": 808000000,
        "interestexpense": 58000000,
        "othernonoperatingincome": 13000000,
        "incomelossfromcontinuingoperationsbeforeincometaxesminorityinterestandincomelossfromequitymethodinvestments": 763000000,
        "incometaxexpensebenefit": 228000000,
        "earningspersharebasic": 1.51,
        "earningspersharediluted": 1.5,
        "commonstockdividendspersharecashpaid": 0.55,
        "commonstockdividendspersharedeclared": 0.65,
        "weightedaveragenumberofsharesoutstandingbasic": 353500000,
        "weightedaveragenumberofdilutedsharesoutstanding": 355500000
    },
    {
        "date": "2016-06-29",
        "symbol": "ITW",
        "period": "Q2",
        "profitloss": 525000000,
        "othercomprehensiveincomelossforeigncurrencytransactionandtranslationadjustmentnetoftax": -144000000,
        "othercomprehensiveincomedefinedbenefitplansadjustmentnetoftaxportionattributabletoparent": -6000000,
        "comprehensiveincomenetoftaxincludingportionattributabletononcontrollinginterest": 387000000,
        "salesrevenuenet": 3431000000,
        "costofgoodsandservicessold": 1967000000,
        "sellingadministrativeandresearchanddevelopmentexpenses": 617000000,
        "amortizationandimpairmentofintangibleassets": 55000000,
        "operatingincomeloss": 792000000,
        "interestexpense": 58000000,
        "othernonoperatingincome": 17000000,
        "incomelossfromcontinuingoperationsbeforeincometaxesminorityinterestandincomelossfromequitymethodinvestments": 751000000,
        "incometaxexpensebenefit": 226000000,
        "earningspersharebasic": 1.47,
        "earningspersharediluted": 1.46,
        "commonstockdividendspersharecashpaid": 0.55,
        "commonstockdividendspersharedeclared": 0.55,
        "weightedaveragenumberofsharesoutstandingbasic": 356600000,
        "weightedaveragenumberofdilutedsharesoutstanding": 358500000
    },
    {
        "date": "2016-03-30",
        "symbol": "ITW",
        "period": "Q1",
        "profitloss": 468000000,
        "othercomprehensiveincomelossforeigncurrencytransactionandtranslationadjustmentnetoftax": 164000000,
        "othercomprehensiveincomedefinedbenefitplansadjustmentnetoftaxportionattributabletoparent": -8000000,
        "comprehensiveincomenetoftaxincludingportionattributabletononcontrollinginterest": 640000000,
        "salesrevenuenet": 3274000000,
        "costofgoodsandservicessold": 1896000000,
        "sellingadministrativeandresearchanddevelopmentexpenses": 597000000,
        "amortizationandimpairmentofintangibleassets": 59000000,
        "operatingincomeloss": 722000000,
        "interestexpense": 58000000,
        "othernonoperatingincome": 4000000,
        "incomelossfromcontinuingoperationsbeforeincometaxesminorityinterestandincomelossfromequitymethodinvestments": 668000000,
        "incometaxexpensebenefit": 200000000,
        "earningspersharebasic": 1.29,
        "earningspersharediluted": 1.29,
        "commonstockdividendspersharecashpaid": 0.55,
        "commonstockdividendspersharedeclared": 0.55,
        "weightedaveragenumberofsharesoutstandingbasic": 362000000,
        "weightedaveragenumberofdilutedsharesoutstanding": 363900000
    },
    {
        "date": "2015-12-30",
        "symbol": "ITW",
        "period": "Q4",
        "profitloss": 18000000,
        "othercomprehensiveincomelossforeigncurrencytransactionandtranslationadjustmentnetoftax": -117000000,
        "comprehensiveincomenetoftaxincludingportionattributabletononcontrollinginterest": 316000000,
        "salesrevenuenet": -9202000000,
        "costofgoodsandservicessold": 1941000000,
        "sellingadministrativeandresearchanddevelopmentexpenses": 598000000,
        "amortizationofintangibleassets": 57000000,
        "operatingincomeloss": -1773000000,
        "interestexpense": 58000000,
        "othernonoperatingincome": 13000000,
        "incomelossfromcontinuingoperationsbeforeincometaxesminorityinterestandincomelossfromequitymethodinvestments": 634000000,
        "incometaxexpensebenefit": 184000000,
        "incomelossfromcontinuingoperationsincludingportionattributabletononcontrollinginterest": 18000000,
        "incomelossfromcontinuingoperationsperbasicshare": 1.2300000000000002,
        "incomelossfromcontinuingoperationsperdilutedshare": 1.2300000000000004,
        "earningspersharebasic": 1.2300000000000002,
        "earningspersharediluted": 1.2300000000000004
    },
    {
        "date": "2015-09-29",
        "symbol": "ITW",
        "period": "Q3",
        "profitloss": 18000000,
        "othercomprehensiveincomelossforeigncurrencytransactionandtranslationadjustmentnetoftax": -335000000,
        "othercomprehensiveincomedefinedbenefitplansadjustmentnetoftaxportionattributabletoparent": -11000000,
        "comprehensiveincomenetoftaxincludingportionattributabletononcontrollinginterest": 187000000,
        "salesrevenuenet": 3354000000,
        "costofgoodsandservicessold": 1953000000,
        "sellingadministrativeandresearchanddevelopmentexpenses": 581000000,
        "amortizationofintangibleassets": 57000000,
        "goodwillandintangibleassetimpairment": 2000000,
        "operatingincomeloss": 761000000,
        "interestexpense": 59000000,
        "othernonoperatingincome": 23000000,
        "incomelossfromcontinuingoperationsbeforeincometaxesminorityinterestandincomelossfromequitymethodinvestments": 725000000,
        "incometaxexpensebenefit": 214000000,
        "incomelossfromcontinuingoperationsincludingportionattributabletononcontrollinginterest": 18000000,
        "incomelossfromcontinuingoperationsperbasicshare": 1.4,
        "incomelossfromcontinuingoperationsperdilutedshare": 1.39,
        "earningspersharebasic": 1.4,
        "earningspersharediluted": 1.39,
        "commonstockdividendspersharecashpaid": 0.485,
        "commonstockdividendspersharedeclared": 0.55,
        "weightedaveragenumberofsharesoutstandingbasic": 365100000,
        "weightedaveragenumberofdilutedsharesoutstanding": 367100000
    },
    {
        "date": "2015-06-29",
        "symbol": "ITW",
        "period": "Q2",
        "profitloss": 18000000,
        "othercomprehensiveincomelossforeigncurrencytransactionandtranslationadjustmentnetoftax": 169000000,
        "othercomprehensiveincomedefinedbenefitplansadjustmentnetoftaxportionattributabletoparent": -11000000,
        "comprehensiveincomenetoftaxincludingportionattributabletononcontrollinginterest": 660000000,
        "salesrevenuenet": 3434000000,
        "costofgoodsandservicessold": 2024000000,
        "sellingadministrativeandresearchanddevelopmentexpenses": 622000000,
        "amortizationofintangibleassets": 58000000,
        "operatingincomeloss": 730000000,
        "interestexpense": 55000000,
        "othernonoperatingincome": 21000000,
        "incomelossfromcontinuingoperationsbeforeincometaxesminorityinterestandincomelossfromequitymethodinvestments": 696000000,
        "incometaxexpensebenefit": 216000000,
        "incomelossfromcontinuingoperationsincludingportionattributabletononcontrollinginterest": 18000000,
        "incomelossfromcontinuingoperationsperbasicshare": 1.31,
        "incomelossfromcontinuingoperationsperdilutedshare": 1.3,
        "earningspersharebasic": 1.31,
        "earningspersharediluted": 1.3,
        "commonstockdividendspersharecashpaid": 0.485,
        "commonstockdividendspersharedeclared": 0.485,
        "weightedaveragenumberofsharesoutstandingbasic": 366200000,
        "weightedaveragenumberofdilutedsharesoutstanding": 368400000
    },
    {
        "date": "2015-03-30",
        "symbol": "ITW",
        "period": "Q1",
        "profitloss": 18000000,
        "othercomprehensiveincomelossforeigncurrencytransactionandtranslationadjustmentnetoftax": -577000000,
        "othercomprehensiveincomedefinedbenefitplansadjustmentnetoftaxportionattributabletoparent": -9000000,
        "comprehensiveincomenetoftaxincludingportionattributabletononcontrollinginterest": -110000000,
        "salesrevenuenet": 3342000000,
        "costofgoodsandservicessold": 1970000000,
        "sellingadministrativeandresearchanddevelopmentexpenses": 616000000,
        "amortizationofintangibleassets": 59000000,
        "operatingincomeloss": 697000000,
        "interestexpense": 54000000,
        "othernonoperatingincome": 21000000,
        "incomelossfromcontinuingoperationsbeforeincometaxesminorityinterestandincomelossfromequitymethodinvestments": 664000000,
        "incometaxexpensebenefit": 206000000,
        "incomelossfromcontinuingoperationsincludingportionattributabletononcontrollinginterest": 18000000,
        "incomelossfromcontinuingoperationsperbasicshare": 1.22,
        "incomelossfromcontinuingoperationsperdilutedshare": 1.21,
        "earningspersharebasic": 1.22,
        "earningspersharediluted": 1.21,
        "commonstockdividendspersharecashpaid": 0.485,
        "commonstockdividendspersharedeclared": 0.485,
        "weightedaveragenumberofsharesoutstandingbasic": 376600000,
        "weightedaveragenumberofdilutedsharesoutstanding": 379200000
    },
    {
        "date": "2014-12-30",
        "symbol": "ITW",
        "period": "Q4",
        "profitloss": 34000000,
        "othercomprehensiveincomelossforeigncurrencytransactionandtranslationadjustmentnetoftax": -402000000,
        "comprehensiveincomenetoftaxincludingportionattributabletononcontrollinginterest": -60000000,
        "salesrevenuenet": -9987000000,
        "costofgoodsandservicessold": 2114000000,
        "sellingadministrativeandresearchanddevelopmentexpenses": 644000000,
        "amortizationofintangibleassets": 60000000,
        "operatingincomeloss": -1723000000,
        "interestexpense": 54000000,
        "othernonoperatingincome": 25000000,
        "incomelossfromcontinuingoperationsbeforeincometaxesminorityinterestandincomelossfromequitymethodinvestments": 657000000,
        "incometaxexpensebenefit": 196000000,
        "incomelossfromcontinuingoperationsincludingportionattributabletononcontrollinginterest": 50000000,
        "incomelossfromdiscontinuedoperationsnetoftax": -12000000,
        "incomelossfromcontinuingoperationsperbasicshare": 1.1800000000000004,
        "incomelossfromcontinuingoperationsperdilutedshare": 1.1699999999999997,
        "incomelossfromdiscontinuedoperationsnetoftaxperbasicshare": -0.010000000000000356,
        "incomelossfromdiscontinuedoperationsnetoftaxperdilutedshare": -0.010000000000000356,
        "earningspersharebasic": 1.1700000000000004,
        "earningspersharediluted": 1.1700000000000002
    },
    {
        "date": "2014-09-29",
        "symbol": "ITW",
        "period": "Q3",
        "profitloss": 18000000,
        "othercomprehensiveincomelossforeigncurrencytransactionandtranslationadjustmentnetoftax": -515000000,
        "othercomprehensiveincomedefinedbenefitplansadjustmentnetoftaxportionattributabletoparent": -8000000,
        "comprehensiveincomenetoftaxincludingportionattributabletononcontrollinginterest": 24000000,
        "salesrevenuenet": 3692000000,
        "costofgoodsandservicessold": 2182000000,
        "sellingadministrativeandresearchanddevelopmentexpenses": 675000000,
        "amortizationofintangibleassets": 60000000,
        "goodwillandintangibleassetimpairment": 3000000,
        "operatingincomeloss": 772000000,
        "interestexpense": 68000000,
        "othernonoperatingincome": 20000000,
        "incomelossfromcontinuingoperationsbeforeincometaxesminorityinterestandincomelossfromequitymethodinvestments": 724000000,
        "incometaxexpensebenefit": 217000000,
        "incomelossfromcontinuingoperationsincludingportionattributabletononcontrollinginterest": 2000000,
        "incomelossfromdiscontinuedoperationsnetoftax": 24000000,
        "incomelossfromcontinuingoperationsperbasicshare": 1.29,
        "incomelossfromcontinuingoperationsperdilutedshare": 1.28,
        "incomelossfromdiscontinuedoperationsnetoftaxperbasicshare": 0.06,
        "incomelossfromdiscontinuedoperationsnetoftaxperdilutedshare": 0.06,
        "earningspersharebasic": 1.35,
        "earningspersharediluted": 1.34,
        "commonstockdividendspersharecashpaid": 0.42,
        "commonstockdividendspersharedeclared": 0.49,
        "weightedaveragenumberofsharesoutstandingbasic": 394000000,
        "weightedaveragenumberofdilutedsharesoutstanding": 396800000
    },
    {
        "date": "2014-06-29",
        "symbol": "ITW",
        "period": "Q2",
        "profitloss": 21000000,
        "othercomprehensiveincomelossforeigncurrencytransactionandtranslationadjustmentnetoftax": -50000000,
        "othercomprehensiveincomedefinedbenefitplansadjustmentnetoftaxportionattributabletoparent": 11000000,
        "comprehensiveincomenetoftaxincludingportionattributabletononcontrollinginterest": 1431000000,
        "salesrevenuenet": 3719000000,
        "costofgoodsandservicessold": 2219000000,
        "sellingadministrativeandresearchanddevelopmentexpenses": 677000000,
        "amortizationofintangibleassets": 60000000,
        "operatingincomeloss": 763000000,
        "interestexpense": 64000000,
        "othernonoperatingincome": 7000000,
        "incomelossfromcontinuingoperationsbeforeincometaxesminorityinterestandincomelossfromequitymethodinvestments": 706000000,
        "incometaxexpensebenefit": 212000000,
        "incomelossfromcontinuingoperationsincludingportionattributabletononcontrollinginterest": 1000000,
        "incomelossfromdiscontinuedoperationsnetoftax": -9000000,
        "incomelossfromcontinuingoperationsperbasicshare": 1.22,
        "incomelossfromcontinuingoperationsperdilutedshare": 1.21,
        "incomelossfromdiscontinuedoperationsnetoftaxperbasicshare": 2.47,
        "incomelossfromdiscontinuedoperationsnetoftaxperdilutedshare": 2.45,
        "earningspersharebasic": 3.69,
        "earningspersharediluted": 3.66,
        "commonstockdividendspersharecashpaid": 0.42,
        "commonstockdividendspersharedeclared": 0.42,
        "weightedaveragenumberofsharesoutstandingbasic": 404700000,
        "weightedaveragenumberofdilutedsharesoutstanding": 407600000
    },
    {
        "date": "2014-03-30",
        "symbol": "ITW",
        "period": "Q1",
        "profitloss": 1000000,
        "othercomprehensiveincomelossforeigncurrencytransactionandtranslationadjustmentnetoftax": 28000000,
        "othercomprehensiveincomedefinedbenefitplansadjustmentnetoftaxportionattributabletoparent": -8000000,
        "comprehensiveincomenetoftaxincludingportionattributabletononcontrollinginterest": 509000000,
        "salesrevenuenet": 3569000000,
        "costofgoodsandservicessold": 2158000000,
        "sellingadministrativeandresearchanddevelopmentexpenses": 682000000,
        "amortizationofintangibleassets": 62000000,
        "operatingincomeloss": 667000000,
        "interestexpense": 64000000,
        "othernonoperatingincome": 9000000,
        "incomelossfromcontinuingoperationsbeforeincometaxesminorityinterestandincomelossfromequitymethodinvestments": 612000000,
        "incometaxexpensebenefit": 184000000,
        "incomelossfromcontinuingoperationsincludingportionattributabletononcontrollinginterest": 16000000,
        "incomelossfromdiscontinuedoperationsnetoftax": 2000000,
        "incomelossfromcontinuingoperationsperbasicshare": 1.01,
        "incomelossfromcontinuingoperationsperdilutedshare": 1.01,
        "incomelossfromdiscontinuedoperationsnetoftaxperbasicshare": 0.11,
        "incomelossfromdiscontinuedoperationsnetoftaxperdilutedshare": 0.11,
        "earningspersharebasic": 1.12,
        "earningspersharediluted": 1.11,
        "commonstockdividendspersharecashpaid": 0.42,
        "commonstockdividendspersharedeclared": 0.42,
        "weightedaveragenumberofsharesoutstandingbasic": 421900000,
        "weightedaveragenumberofdilutedsharesoutstanding": 425000000
    },
    {
        "date": "2013-09-29",
        "symbol": "ITW",
        "period": "Q3",
        "profitloss": 32000000,
        "othercomprehensiveincomelossforeigncurrencytransactionandtranslationadjustmentnetoftax": 242000000,
        "othercomprehensiveincomedefinedbenefitplansadjustmentnetoftaxportionattributabletoparent": -38000000,
        "comprehensiveincomenetoftaxincludingportionattributabletononcontrollinginterest": 732000000,
        "salesrevenuenet": 3568000000,
        "costofgoodsandservicessold": 2148000000,
        "sellingadministrativeandresearchanddevelopmentexpenses": 676000000,
        "amortizationofintangibleassets": 64000000,
        "goodwillandintangibleassetimpairment": 2000000,
        "operatingincomeloss": 678000000,
        "interestexpense": 60000000,
        "othernonoperatingincome": 10000000,
        "incomelossfromcontinuingoperationsbeforeincometaxesminorityinterestandincomelossfromequitymethodinvestments": 628000000,
        "incometaxexpensebenefit": 222000000,
        "incomelossfromcontinuingoperationsincludingportionattributabletononcontrollinginterest": 3000000,
        "incomelossfromdiscontinuedoperationsnetoftax": 5000000,
        "incomelossfromcontinuingoperationsperbasicshare": 0.91,
        "incomelossfromcontinuingoperationsperdilutedshare": 0.9,
        "incomelossfromdiscontinuedoperationsnetoftaxperbasicshare": 0.1,
        "incomelossfromdiscontinuedoperationsnetoftaxperdilutedshare": 0.1,
        "earningspersharebasic": 1.01,
        "earningspersharediluted": 1.01,
        "commonstockdividendspersharecashpaid": 0.38,
        "commonstockdividendspersharedeclared": 0.42,
        "weightedaveragenumberofsharesoutstandingbasic": 445900000,
        "weightedaveragenumberofdilutedsharesoutstanding": 448900000
    },
    {
        "date": "2013-06-29",
        "symbol": "ITW",
        "period": "Q2",
        "profitloss": 84000000,
        "othercomprehensiveincomelossforeigncurrencytransactionandtranslationadjustmentnetoftax": -251000000,
        "othercomprehensiveincomedefinedbenefitplansadjustmentnetoftaxportionattributabletoparent": -108000000,
        "comprehensiveincomenetoftaxincludingportionattributabletononcontrollinginterest": 322000000,
        "salesrevenuenet": 4219000000,
        "costofgoodsandservicessold": 2619000000,
        "sellingadministrativeandresearchanddevelopmentexpenses": 833000000,
        "amortizationofintangibleassets": 65000000,
        "operatingincomeloss": 702000000,
        "interestexpense": 59000000,
        "othernonoperatingincome": 11000000,
        "incomelossfromcontinuingoperationsbeforeincometaxesminorityinterestandincomelossfromequitymethodinvestments": 654000000,
        "incometaxexpensebenefit": 190000000,
        "incomelossfromcontinuingoperationsincludingportionattributabletononcontrollinginterest": -19000000,
        "incomelossfromdiscontinuedoperationsnetoftax": 1000000,
        "incomelossfromcontinuingoperationsperbasicshare": 1.0299999999999998,
        "incomelossfromcontinuingoperationsperdilutedshare": 1.0199999999999998,
        "incomelossfromdiscontinuedoperationsnetoftaxperbasicshare": 0,
        "incomelossfromdiscontinuedoperationsnetoftaxperdilutedshare": 0,
        "earningspersharebasic": 1.04,
        "earningspersharediluted": 1.03,
        "commonstockdividendspersharedeclared": 0.38,
        "weightedaveragenumberofsharesoutstandingbasic": -1000000,
        "weightedaveragenumberofdilutedsharesoutstanding": -1100000
    },
    {
        "date": "2013-03-30",
        "symbol": "ITW",
        "period": "Q1",
        "profitloss": 4000000,
        "othercomprehensiveincomelossforeigncurrencytransactionandtranslationadjustmentnetoftax": -150000000,
        "othercomprehensiveincomedefinedbenefitplansadjustmentnetoftaxportionattributabletoparent": -12000000,
        "comprehensiveincomenetoftaxincludingportionattributabletononcontrollinginterest": 216000000,
        "salesrevenuenet": 4009000000,
        "costofgoodsandservicessold": 2502000000,
        "sellingadministrativeandresearchanddevelopmentexpenses": 779000000,
        "amortizationofintangibleassets": 68000000,
        "operatingincomeloss": 660000000,
        "interestexpense": 60000000,
        "othernonoperatingincome": 46000000,
        "incomelossfromcontinuingoperationsbeforeincometaxesminorityinterestandincomelossfromequitymethodinvestments": 646000000,
        "incometaxexpensebenefit": 187000000,
        "incomelossfromcontinuingoperationsincludingportionattributabletononcontrollinginterest": 27000000,
        "incomelossfromdiscontinuedoperationsnetoftax": -105000000,
        "incomelossfromcontinuingoperationsperbasicshare": 1.02,
        "incomelossfromcontinuingoperationsperdilutedshare": 1.01,
        "incomelossfromdiscontinuedoperationsnetoftaxperbasicshare": -0.23,
        "incomelossfromdiscontinuedoperationsnetoftaxperdilutedshare": -0.23,
        "earningspersharebasic": 0.78,
        "earningspersharediluted": 0.78,
        "commonstockdividendspersharedeclared": 0.38,
        "weightedaveragenumberofsharesoutstandingbasic": 451700000,
        "weightedaveragenumberofdilutedsharesoutstanding": 454800000
    },
    {
        "date": "2010-03-30",
        "symbol": "ITW",
        "period": "Q1",
        "salesrevenuenet": 3606389000,
        "costofgoodsandservicessold": 2320752000,
        "sellingadministrativeandresearchanddevelopmentexpenses": 748604000,
        "amortizationofintangibleassets": 53103000,
        "operatingincomeloss": 483930000,
        "interestexpense": 44577000,
        "nonoperatingincomeexpense": 5978000,
        "incomelossfromcontinuingoperationsbeforeincometaxesminorityinterestandincomelossfromequitymethodinvestments": 445331000,
        "incometaxexpensebenefit": 151000000,
        "incomelossfromcontinuingoperationsincludingportionattributabletononcontrollinginterest": 294331000,
        "profitloss": 294331000,
        "incomelossfromcontinuingoperationsperbasicshare": 0.59,
        "incomelossfromcontinuingoperationsperdilutedshare": 0.58,
        "earningspersharebasic": 0.59,
        "earningspersharediluted": 0.58,
        "commonstockdividendspersharecashpaid": 0.31,
        "commonstockdividendspersharedeclared": 0.31,
        "weightedaveragenumberofsharesoutstandingbasic": 502424000,
        "weightedaveragenumberofdilutedsharesoutstanding": 505014000
    }
]