[
    {
        "date": "2024-09-28",
        "symbol": "GD",
        "period": "Q3",
        "revenuefromcontractwithcustomerexcludingassessedtax": 11671000000,
        "costofgoodsandservicessold": 4095000000,
        "generalandadministrativeexpense": 635000000,
        "costsandexpenses": 10490000000,
        "operatingincomeloss": 1181000000,
        "othernonoperatingincomeexpense": 15000000,
        "interestincomeexpensenet": -82000000,
        "incomelossfromcontinuingoperationsbeforeincometaxesextraordinaryitemsnoncontrollinginterest": 1114000000,
        "incometaxexpensebenefit": 184000000,
        "netincomeloss": 930000000,
        "incomelossfromcontinuingoperationsperbasicshare": 3.39,
        "incomelossfromcontinuingoperationsperdilutedshare": 3.35,
        "othercomprehensiveincomelosscashflowhedgegainlossafterreclassificationandtax": 31000000,
        "othercomprehensiveincomeforeigncurrencytransactionandtranslationadjustmentbeforetaxportionattributabletoparent": 279000000,
        "othercomprehensiveincomelosspensionandotherpostretirementbenefitplansadjustmentbeforetax": -44000000,
        "othercomprehensiveincomelossbeforetax": 354000000,
        "othercomprehensiveincomelosstax": 19000000,
        "othercomprehensiveincomelossnetoftax": 335000000,
        "comprehensiveincomenetoftax": 1265000000
    },
    {
        "date": "2024-06-29",
        "symbol": "GD",
        "period": "Q2",
        "revenuefromcontractwithcustomerexcludingassessedtax": 7160000000,
        "costofgoodsandservicessold": 6127000000,
        "generalandadministrativeexpense": 644000000,
        "costsandexpenses": 10820000000,
        "operatingincomeloss": 1156000000,
        "othernonoperatingincomeexpense": 18000000,
        "interestincomeexpensenet": -84000000,
        "incomelossfromcontinuingoperationsbeforeincometaxesextraordinaryitemsnoncontrollinginterest": 1090000000,
        "incometaxexpensebenefit": 185000000,
        "netincomeloss": 905000000,
        "incomelossfromcontinuingoperationsperbasicshare": 3.3,
        "incomelossfromcontinuingoperationsperdilutedshare": 3.26,
        "othercomprehensiveincomelosscashflowhedgegainlossafterreclassificationandtax": -20000000,
        "othercomprehensiveincomeforeigncurrencytransactionandtranslationadjustmentbeforetaxportionattributabletoparent": 3000000,
        "othercomprehensiveincomelosspensionandotherpostretirementbenefitplansadjustmentbeforetax": -41000000,
        "othercomprehensiveincomelossbeforetax": 24000000,
        "othercomprehensiveincomelosstax": 2000000,
        "othercomprehensiveincomelossnetoftax": 22000000,
        "comprehensiveincomenetoftax": 927000000
    },
    {
        "date": "2024-03-30",
        "symbol": "GD",
        "period": "Q1",
        "revenuefromcontractwithcustomerexcludingassessedtax": 6134000000,
        "costofgoodsandservicessold": 5189000000,
        "generalandadministrativeexpense": 627000000,
        "costsandexpenses": 9695000000,
        "operatingincomeloss": 1036000000,
        "othernonoperatingincomeexpense": 14000000,
        "interestincomeexpensenet": -82000000,
        "incomelossfromcontinuingoperationsbeforeincometaxesextraordinaryitemsnoncontrollinginterest": 968000000,
        "incometaxexpensebenefit": 169000000,
        "netincomeloss": 799000000,
        "incomelossfromcontinuingoperationsperbasicshare": 2.92,
        "incomelossfromcontinuingoperationsperdilutedshare": 2.88,
        "othercomprehensiveincomelosscashflowhedgegainlossafterreclassificationandtax": -42000000,
        "othercomprehensiveincomeforeigncurrencytransactionandtranslationadjustmentbeforetaxportionattributabletoparent": -298000000,
        "othercomprehensiveincomelosspensionandotherpostretirementbenefitplansadjustmentbeforetax": -40000000,
        "othercomprehensiveincomelossbeforetax": -300000000,
        "othercomprehensiveincomelosstax": -3000000,
        "othercomprehensiveincomelossnetoftax": -297000000,
        "comprehensiveincomenetoftax": 502000000
    },
    {
        "date": "2023-12-30",
        "symbol": "GD",
        "period": "Q4",
        "revenuefromcontractwithcustomerexcludingassessedtax": 7122000000,
        "costofgoodsandservicessold": 5887000000,
        "generalandadministrativeexpense": 635000000,
        "costsandexpenses": 10380000000,
        "operatingincomeloss": 1288000000,
        "othernonoperatingincomeexpense": 17000000,
        "interestincomeexpensenet": -78000000,
        "incomelossfromcontinuingoperationsbeforeincometaxesextraordinaryitemsnoncontrollinginterest": 1227000000,
        "incometaxexpensebenefit": 222000000,
        "netincomeloss": 1005000000,
        "othercomprehensiveincomelosscashflowhedgegainlossafterreclassificationandtax": 43000000,
        "othercomprehensiveincomeforeigncurrencytransactionandtranslationadjustmentbeforetaxportionattributabletoparent": 350000000,
        "othercomprehensiveincomelosspensionandotherpostretirementbenefitplansadjustmentbeforetax": -196000000,
        "othercomprehensiveincomelossbeforetax": 589000000,
        "othercomprehensiveincomelosstax": 50000000,
        "othercomprehensiveincomelossnetoftax": 539000000,
        "comprehensiveincomenetoftax": 1544000000
    },
    {
        "date": "2023-09-30",
        "symbol": "GD",
        "period": "Q3",
        "revenuefromcontractwithcustomerexcludingassessedtax": 6163000000,
        "costofgoodsandservicessold": 5148000000,
        "generalandadministrativeexpense": 601000000,
        "costsandexpenses": 9514000000,
        "operatingincomeloss": 1057000000,
        "othernonoperatingincomeexpense": 19000000,
        "interestincomeexpensenet": -85000000,
        "incomelossfromcontinuingoperationsbeforeincometaxesextraordinaryitemsnoncontrollinginterest": 991000000,
        "incometaxexpensebenefit": 155000000,
        "netincomeloss": 836000000,
        "incomelossfromcontinuingoperationsperbasicshare": 3.07,
        "incomelossfromcontinuingoperationsperdilutedshare": 3.04,
        "othercomprehensiveincomelosscashflowhedgegainlossafterreclassificationandtax": -14000000,
        "othercomprehensiveincomeforeigncurrencytransactionandtranslationadjustmentbeforetaxportionattributabletoparent": -128000000,
        "othercomprehensiveincomelosspensionandotherpostretirementbenefitplansadjustmentbeforetax": -169000000,
        "othercomprehensiveincomelossbeforetax": 27000000,
        "othercomprehensiveincomelosstax": 30000000,
        "othercomprehensiveincomelossnetoftax": -3000000,
        "comprehensiveincomenetoftax": 833000000
    },
    {
        "date": "2023-07-01",
        "symbol": "GD",
        "period": "Q2",
        "revenuefromcontractwithcustomerexcludingassessedtax": 5797000000,
        "costofgoodsandservicessold": 4915000000,
        "generalandadministrativeexpense": 605000000,
        "costsandexpenses": 9190000000,
        "operatingincomeloss": 962000000,
        "othernonoperatingincomeexpense": 13000000,
        "interestincomeexpensenet": -89000000,
        "incomelossfromcontinuingoperationsbeforeincometaxesextraordinaryitemsnoncontrollinginterest": 886000000,
        "incometaxexpensebenefit": 142000000,
        "netincomeloss": 744000000,
        "incomelossfromcontinuingoperationsperbasicshare": 2.72,
        "incomelossfromcontinuingoperationsperdilutedshare": 2.7,
        "othercomprehensiveincomelosscashflowhedgegainlossafterreclassificationandtax": -12000000,
        "othercomprehensiveincomeforeigncurrencytransactionandtranslationadjustmentbeforetaxportionattributabletoparent": 100000000,
        "othercomprehensiveincomelosspensionandotherpostretirementbenefitplansadjustmentbeforetax": -184000000,
        "othercomprehensiveincomelossbeforetax": 272000000,
        "othercomprehensiveincomelosstax": 37000000,
        "othercomprehensiveincomelossnetoftax": 235000000,
        "comprehensiveincomenetoftax": 979000000
    },
    {
        "date": "2023-04-01",
        "symbol": "GD",
        "period": "Q1",
        "revenuefromcontractwithcustomerexcludingassessedtax": 5513000000,
        "costofgoodsandservicessold": 4641000000,
        "generalandadministrativeexpense": 586000000,
        "costsandexpenses": 8943000000,
        "operatingincomeloss": 938000000,
        "othernonoperatingincomeexpense": 33000000,
        "interestincomeexpensenet": -91000000,
        "incomelossfromcontinuingoperationsbeforeincometaxesextraordinaryitemsnoncontrollinginterest": 880000000,
        "incometaxexpensebenefit": 150000000,
        "netincomeloss": 730000000,
        "incomelossfromcontinuingoperationsperbasicshare": 2.66,
        "incomelossfromcontinuingoperationsperdilutedshare": 2.64,
        "othercomprehensiveincomelosscashflowhedgegainlossafterreclassificationandtax": -7000000,
        "othercomprehensiveincomeforeigncurrencytransactionandtranslationadjustmentbeforetaxportionattributabletoparent": 91000000,
        "othercomprehensiveincomelosspensionandotherpostretirementbenefitplansadjustmentbeforetax": -173000000,
        "othercomprehensiveincomelossbeforetax": 257000000,
        "othercomprehensiveincomelosstax": 35000000,
        "othercomprehensiveincomelossnetoftax": 222000000,
        "comprehensiveincomenetoftax": 952000000
    },
    {
        "date": "2022-12-30",
        "symbol": "GD",
        "period": "Q4",
        "revenuefromcontractwithcustomerexcludingassessedtax": 6821000000,
        "costofgoodsandservicessold": 5595000000,
        "generalandadministrativeexpense": 604000000,
        "costsandexpenses": 9624000000,
        "operatingincomeloss": 1227000000,
        "othernonoperatingincomeexpense": 69000000,
        "interestincomeexpensenet": -85000000,
        "incomelossfromcontinuingoperationsbeforeincometaxesextraordinaryitemsnoncontrollinginterest": 1211000000,
        "incometaxexpensebenefit": 219000000,
        "netincomeloss": 992000000,
        "othercomprehensiveincomelosscashflowhedgegainlossafterreclassificationandtax": 33000000,
        "othercomprehensiveincomeforeigncurrencytransactionandtranslationadjustmentbeforetaxportionattributabletoparent": 222000000,
        "othercomprehensiveincomelosspensionandotherpostretirementbenefitplansadjustmentbeforetax": -107000000,
        "othercomprehensiveincomelossbeforetax": 362000000,
        "othercomprehensiveincomelosstax": 36000000,
        "othercomprehensiveincomelossnetoftax": 326000000,
        "comprehensiveincomenetoftax": 1318000000
    },
    {
        "date": "2022-10-01",
        "symbol": "GD",
        "period": "Q3",
        "revenuefromcontractwithcustomerexcludingassessedtax": 5935000000,
        "costofgoodsandservicessold": 4905000000,
        "generalandadministrativeexpense": 567000000,
        "costsandexpenses": 8877000000,
        "operatingincomeloss": 1098000000,
        "othernonoperatingincomeexpense": 41000000,
        "interestincomeexpensenet": -86000000,
        "incomelossfromcontinuingoperationsbeforeincometaxesextraordinaryitemsnoncontrollinginterest": 1053000000,
        "incometaxexpensebenefit": 151000000,
        "netincomeloss": 902000000,
        "incomelossfromcontinuingoperationsperbasicshare": 3.29,
        "incomelossfromcontinuingoperationsperdilutedshare": 3.26,
        "othercomprehensiveincomelosscashflowhedgegainlossafterreclassificationandtax": -67000000,
        "othercomprehensiveincomeforeigncurrencytransactionandtranslationadjustmentbeforetaxportionattributabletoparent": -311000000,
        "othercomprehensiveincomelosspensionandotherpostretirementbenefitplansadjustmentbeforetax": -45000000,
        "othercomprehensiveincomelossbeforetax": -333000000,
        "othercomprehensiveincomelosstax": -8000000,
        "othercomprehensiveincomelossnetoftax": -325000000,
        "comprehensiveincomenetoftax": 577000000
    },
    {
        "date": "2022-07-02",
        "symbol": "GD",
        "period": "Q2",
        "revenuefromcontractwithcustomerexcludingassessedtax": 5057000000,
        "costofgoodsandservicessold": 4169000000,
        "generalandadministrativeexpense": 614000000,
        "costsandexpenses": 8211000000,
        "operatingincomeloss": 978000000,
        "othernonoperatingincomeexpense": 40000000,
        "interestincomeexpensenet": -95000000,
        "incomelossfromcontinuingoperationsbeforeincometaxesextraordinaryitemsnoncontrollinginterest": 923000000,
        "incometaxexpensebenefit": 157000000,
        "netincomeloss": 766000000,
        "incomelossfromcontinuingoperationsperbasicshare": 2.77,
        "incomelossfromcontinuingoperationsperdilutedshare": 2.75,
        "othercomprehensiveincomelosscashflowhedgegainlossafterreclassificationandtax": -102000000,
        "othercomprehensiveincomeforeigncurrencytransactionandtranslationadjustmentbeforetaxportionattributabletoparent": -251000000,
        "othercomprehensiveincomelosspensionandotherpostretirementbenefitplansadjustmentbeforetax": -47000000,
        "othercomprehensiveincomelossbeforetax": -306000000,
        "othercomprehensiveincomelosstax": -18000000,
        "othercomprehensiveincomelossnetoftax": -288000000,
        "comprehensiveincomenetoftax": 478000000
    },
    {
        "date": "2022-04-02",
        "symbol": "GD",
        "period": "Q1",
        "revenuefromcontractwithcustomerexcludingassessedtax": 5209000000,
        "costofgoodsandservicessold": 4312000000,
        "generalandadministrativeexpense": 626000000,
        "costsandexpenses": 8484000000,
        "operatingincomeloss": 908000000,
        "othernonoperatingincomeexpense": 39000000,
        "interestincomeexpensenet": -98000000,
        "incomelossfromcontinuingoperationsbeforeincometaxesextraordinaryitemsnoncontrollinginterest": 849000000,
        "incometaxexpensebenefit": 119000000,
        "netincomeloss": 730000000,
        "incomelossfromcontinuingoperationsperbasicshare": 2.63,
        "incomelossfromcontinuingoperationsperdilutedshare": 2.61,
        "othercomprehensiveincomelosscashflowhedgegainlossafterreclassificationandtax": -54000000,
        "othercomprehensiveincomeforeigncurrencytransactionandtranslationadjustmentbeforetaxportionattributabletoparent": 62000000,
        "othercomprehensiveincomelosspensionandotherpostretirementbenefitplansadjustmentbeforetax": -42000000,
        "othercomprehensiveincomelossbeforetax": 50000000,
        "othercomprehensiveincomelosstax": -5000000,
        "othercomprehensiveincomelossnetoftax": 55000000,
        "comprehensiveincomenetoftax": 785000000
    },
    {
        "date": "2021-12-30",
        "symbol": "GD",
        "period": "Q4",
        "revenuefromcontractwithcustomerexcludingassessedtax": 6395000000,
        "costofgoodsandservicessold": 5275000000,
        "generalandadministrativeexpense": 580000000,
        "costsandexpenses": 9106000000,
        "operatingincomeloss": 1186000000,
        "othernonoperatingincomeexpense": 39000000,
        "interestincomeexpensenet": -93000000,
        "incometaxexpensebenefit": 180000000,
        "netincomeloss": 952000000,
        "othercomprehensiveincomeforeigncurrencytransactionandtranslationadjustmentbeforetaxportionattributabletoparent": -26000000,
        "othercomprehensiveincomelosspensionandotherpostretirementbenefitplansadjustmentbeforetax": -2105000000,
        "othercomprehensiveincomelossbeforetax": 2039000000,
        "othercomprehensiveincomelossnetoftax": 1601000000,
        "comprehensiveincomenetoftax": 2553000000
    },
    {
        "date": "2021-10-02",
        "symbol": "GD",
        "period": "Q3",
        "revenuefromcontractwithcustomerexcludingassessedtax": 5518000000,
        "costofgoodsandservicessold": 4552000000,
        "generalandadministrativeexpense": 550000000,
        "costsandexpenses": 8488000000,
        "operatingincomeloss": 1080000000,
        "othernonoperatingincomeexpense": 34000000,
        "interestincomeexpensenet": -99000000,
        "incomelossfromcontinuingoperationsbeforeincometaxesextraordinaryitemsnoncontrollinginterest": 1015000000,
        "incometaxexpensebenefit": 155000000,
        "netincomeloss": 860000000,
        "incomelossfromcontinuingoperationsperbasicshare": 3.09,
        "incomelossfromcontinuingoperationsperdilutedshare": 3.07,
        "othercomprehensiveincomelosscashflowhedgegainlossafterreclassificationandtax": -48000000,
        "othercomprehensiveincomeforeigncurrencytransactionandtranslationadjustmentbeforetaxportionattributabletoparent": -107000000,
        "othercomprehensiveincomelosspensionandotherpostretirementbenefitplansadjustmentbeforetax": -88000000,
        "othercomprehensiveincomelossbeforetax": -67000000,
        "othercomprehensiveincomelosstax": 7000000,
        "othercomprehensiveincomelossnetoftax": -74000000,
        "comprehensiveincomenetoftax": 786000000
    },
    {
        "date": "2021-07-03",
        "symbol": "GD",
        "period": "Q2",
        "revenuefromcontractwithcustomerexcludingassessedtax": 5160000000,
        "costofgoodsandservicessold": 4259000000,
        "generalandadministrativeexpense": 556000000,
        "costsandexpenses": 8261000000,
        "operatingincomeloss": 959000000,
        "othernonoperatingincomeexpense": 31000000,
        "interestincomeexpensenet": -109000000,
        "incomelossfromcontinuingoperationsbeforeincometaxesminorityinterestandincomelossfromequitymethodinvestments": 881000000,
        "incometaxexpensebenefit": 144000000,
        "netincomeloss": 737000000,
        "incomelossfromcontinuingoperationsperbasicshare": 2.63,
        "incomelossfromcontinuingoperationsperdilutedshare": 2.61,
        "othercomprehensiveincomeunrealizedgainlossonderivativesarisingduringperiodbeforetax": 5000000,
        "othercomprehensiveincomeforeigncurrencytransactionandtranslationadjustmentbeforetaxportionattributabletoparent": 68000000,
        "othercomprehensiveincomelosspensionandotherpostretirementbenefitplansadjustmentbeforetax": -71000000,
        "othercomprehensiveincomelossbeforetax": 144000000,
        "othercomprehensiveincomelosstax": 13000000,
        "othercomprehensiveincomelossnetoftax": 131000000,
        "comprehensiveincomenetoftax": 868000000
    },
    {
        "date": "2021-04-03",
        "symbol": "GD",
        "period": "Q1",
        "revenuefromcontractwithcustomerexcludingassessedtax": 5355000000,
        "costofgoodsandservicessold": 4438000000,
        "generalandadministrativeexpense": 559000000,
        "costsandexpenses": 8451000000,
        "operatingincomeloss": 938000000,
        "othernonoperatingincomeexpense": 30000000,
        "interestincomeexpensenet": -123000000,
        "incomelossfromcontinuingoperationsbeforeincometaxesminorityinterestandincomelossfromequitymethodinvestments": 845000000,
        "incometaxexpensebenefit": 137000000,
        "netincomeloss": 708000000,
        "incomelossfromcontinuingoperationsperbasicshare": 2.49,
        "incomelossfromcontinuingoperationsperdilutedshare": 2.48,
        "othercomprehensiveincomeunrealizedgainlossonderivativesarisingduringperiodbeforetax": -91000000,
        "othercomprehensiveincomeforeigncurrencytransactionandtranslationadjustmentbeforetaxportionattributabletoparent": -38000000,
        "othercomprehensiveincomelosspensionandotherpostretirementbenefitplansadjustmentbeforetax": -101000000,
        "othercomprehensiveincomelossbeforetax": -28000000,
        "othercomprehensiveincomelossnetoftax": -28000000,
        "comprehensiveincomenetoftax": 680000000
    },
    {
        "date": "2020-12-30",
        "symbol": "GD",
        "period": "Q4",
        "revenuefromcontractwithcustomerexcludingassessedtax": 6339000000,
        "costofgoodsandservicessold": 5154000000,
        "generalandadministrativeexpense": 560000000,
        "costsandexpenses": 9214000000,
        "operatingincomeloss": 1267000000,
        "othernonoperatingincomeexpense": 38000000,
        "interestincomeexpensenet": -120000000,
        "incomelossfromcontinuingoperationsbeforeincometaxesminorityinterestandincomelossfromequitymethodinvestments": 1185000000,
        "incometaxexpensebenefit": 183000000,
        "netincomeloss": 1002000000,
        "incomelossfromcontinuingoperationsperbasicshare": 3.499999999999999,
        "incomelossfromcontinuingoperationsperdilutedshare": 3.4899999999999998,
        "othercomprehensiveincomeunrealizedgainlossonderivativesarisingduringperiodbeforetax": 185000000,
        "othercomprehensiveincomeforeigncurrencytransactionandtranslationadjustmentbeforetaxportionattributabletoparent": 294000000,
        "othercomprehensiveincomelosspensionandotherpostretirementbenefitplansadjustmentbeforetax": 671000000,
        "othercomprehensiveincomelossbeforetax": -193000000,
        "othercomprehensiveincomelosstax": -97000000,
        "othercomprehensiveincomelossnetoftax": -96000000,
        "comprehensiveincomenetoftax": 906000000
    },
    {
        "date": "2020-09-26",
        "symbol": "GD",
        "period": "Q3",
        "netincomeloss": 834000000,
        "othercomprehensiveincomeunrealizedgainlossonderivativesarisingduringperiodbeforetax": 110000000,
        "othercomprehensiveincomeforeigncurrencytransactionandtranslationadjustmentbeforetaxportionattributabletoparent": 139000000,
        "othercomprehensiveincomelosspensionandotherpostretirementbenefitplansadjustmentbeforetax": -66000000,
        "othercomprehensiveincomelossbeforetax": 315000000,
        "othercomprehensiveincomelosstax": 43000000,
        "othercomprehensiveincomelossnetoftax": 272000000,
        "comprehensiveincomenetoftax": 1106000000,
        "revenuefromcontractwithcustomerexcludingassessedtax": 5454000000,
        "costofgoodsandservicessold": 4452000000,
        "generalandadministrativeexpense": 511000000,
        "costsandexpenses": 8347000000,
        "operatingincomeloss": 1084000000,
        "othernonoperatingincomeexpense": 12000000,
        "interestincomeexpensenet": -118000000,
        "incomelossfromcontinuingoperationsbeforeincometaxesminorityinterestandincomelossfromequitymethodinvestments": 978000000,
        "incometaxexpensebenefit": 144000000,
        "incomelossfromcontinuingoperationsperbasicshare": 2.91,
        "incomelossfromcontinuingoperationsperdilutedshare": 2.9
    },
    {
        "date": "2020-06-27",
        "symbol": "GD",
        "period": "Q2",
        "netincomeloss": 625000000,
        "othercomprehensiveincomeunrealizedgainlossonderivativesarisingduringperiodbeforetax": 170000000,
        "othercomprehensiveincomeforeigncurrencytransactionandtranslationadjustmentbeforetaxportionattributabletoparent": 159000000,
        "othercomprehensiveincomelosspensionandotherpostretirementbenefitplansadjustmentbeforetax": -75000000,
        "othercomprehensiveincomelossbeforetax": 404000000,
        "othercomprehensiveincomelosstax": 60000000,
        "othercomprehensiveincomelossnetoftax": 344000000,
        "comprehensiveincomenetoftax": 969000000,
        "revenuefromcontractwithcustomerexcludingassessedtax": 5505000000,
        "costofgoodsandservicessold": 4603000000,
        "generalandadministrativeexpense": 574000000,
        "costsandexpenses": 8423000000,
        "operatingincomeloss": 841000000,
        "interestincomeexpensenet": -132000000,
        "othernonoperatingincomeexpense": 18000000,
        "incomelossfromcontinuingoperationsbeforeincometaxesminorityinterestandincomelossfromequitymethodinvestments": 727000000,
        "incometaxexpensebenefit": 102000000,
        "incomelossfromcontinuingoperationsperbasicshare": 2.18,
        "incomelossfromcontinuingoperationsperdilutedshare": 2.18
    },
    {
        "date": "2020-03-28",
        "symbol": "GD",
        "period": "Q1",
        "netincomeloss": 706000000,
        "othercomprehensiveincomeunrealizedgainlossonderivativesarisingduringperiodbeforetax": -99000000,
        "othercomprehensiveincomeunrealizedholdinggainlossonsecuritiesarisingduringperiodbeforetax": 1000000,
        "othercomprehensiveincomeforeigncurrencytransactionandtranslationadjustmentbeforetaxportionattributabletoparent": -239000000,
        "othercomprehensiveincomelosspensionandotherpostretirementbenefitplansadjustmentbeforetax": -77000000,
        "othercomprehensiveincomelossbeforetax": -260000000,
        "othercomprehensiveincomelosstax": -8000000,
        "othercomprehensiveincomelossnetoftax": -252000000,
        "comprehensiveincomenetoftax": 454000000,
        "revenuefromcontractwithcustomerexcludingassessedtax": 4890000000,
        "costofgoodsandservicessold": 3983000000,
        "generalandadministrativeexpense": 547000000,
        "costsandexpenses": 7808000000,
        "operatingincomeloss": 941000000,
        "interestincomeexpensenet": -107000000,
        "othernonoperatingincomeexpense": 14000000,
        "incomelossfromcontinuingoperationsbeforeincometaxesminorityinterestandincomelossfromequitymethodinvestments": 848000000,
        "incometaxexpensebenefit": 142000000,
        "incomelossfromcontinuingoperationsperbasicshare": 2.45,
        "incomelossfromcontinuingoperationsperdilutedshare": 2.43
    },
    {
        "date": "2019-12-30",
        "symbol": "GD",
        "period": "Q4",
        "netincomeloss": 1020000000,
        "othercomprehensiveincomeunrealizedgainlossonderivativesarisingduringperiodbeforetax": 27000000,
        "othercomprehensiveincomeforeigncurrencytransactionandtranslationadjustmentbeforetaxportionattributabletoparent": 139000000,
        "othercomprehensiveincomelosspensionandotherpostretirementbenefitplansadjustmentbeforetax": 1074000000,
        "othercomprehensiveincomelossbeforetax": -909000000,
        "othercomprehensiveincomelosstax": -221000000,
        "othercomprehensiveincomelossnetoftax": -688000000,
        "comprehensiveincomenetoftax": 332000000,
        "revenuefromcontractwithcustomerexcludingassessedtax": 10782000000,
        "costofgoodsandservicessold": 1954000000,
        "generalandadministrativeexpense": 629000000,
        "costsandexpenses": 9445000000,
        "operatingincomeloss": 1328000000,
        "interestincomeexpensenet": -110000000,
        "othernonoperatingincomeexpense": -4000000,
        "incomelossfromcontinuingoperationsbeforeincometaxesminorityinterestandincomelossfromequitymethodinvestments": 1214000000,
        "incometaxexpensebenefit": 194000000,
        "incomelossfromcontinuingoperationsperbasicshare": 3.5300000000000002,
        "incomelossfromcontinuingoperationsperdilutedshare": 3.5100000000000002
    },
    {
        "date": "2019-09-28",
        "symbol": "GD",
        "period": "Q3",
        "netincomeloss": 913000000,
        "othercomprehensiveincomeunrealizedgainlossonderivativesarisingduringperiodbeforetax": 2000000,
        "othercomprehensiveincomeunrealizedholdinggainlossonsecuritiesarisingduringperiodbeforetax": 1000000,
        "othercomprehensiveincomeforeigncurrencytransactionandtranslationadjustmentbeforetaxportionattributabletoparent": -109000000,
        "othercomprehensiveincomelosspensionandotherpostretirementbenefitplansadjustmentbeforetax": -66000000,
        "othercomprehensiveincomelossbeforetax": -40000000,
        "othercomprehensiveincomelosstax": 15000000,
        "othercomprehensiveincomelossnetoftax": -55000000,
        "comprehensiveincomenetoftax": 858000000,
        "revenuefromcontractwithcustomerexcludingassessedtax": 5789000000,
        "costofgoodsandservicessold": 4640000000,
        "generalandadministrativeexpense": 572000000,
        "costsandexpenses": 8545000000,
        "operatingincomeloss": 1216000000,
        "interestincomeexpensenet": -114000000,
        "othernonoperatingincomeexpense": -12000000,
        "incomelossfromcontinuingoperationsbeforeincometaxesminorityinterestandincomelossfromequitymethodinvestments": 1090000000,
        "incometaxexpensebenefit": 177000000,
        "incomelossfromcontinuingoperations": 913000000,
        "incomelossfromcontinuingoperationsperbasicshare": 3.17,
        "earningspersharebasic": 3.17,
        "incomelossfromcontinuingoperationsperdilutedshare": 3.14,
        "earningspersharediluted": 3.14
    },
    {
        "date": "2019-06-29",
        "symbol": "GD",
        "period": "Q2",
        "netincomeloss": 806000000,
        "othercomprehensiveincomeunrealizedgainlossonderivativesarisingduringperiodbeforetax": 51000000,
        "othercomprehensiveincomeforeigncurrencytransactionandtranslationadjustmentbeforetaxportionattributabletoparent": 125000000,
        "othercomprehensiveincomelosspensionandotherpostretirementbenefitplansadjustmentbeforetax": -59000000,
        "othercomprehensiveincomelossbeforetax": 235000000,
        "othercomprehensiveincomelosstax": 28000000,
        "othercomprehensiveincomelossnetoftax": 207000000,
        "comprehensiveincomenetoftax": 1013000000,
        "revenuefromcontractwithcustomerexcludingassessedtax": 5401000000,
        "costofgoodsandservicessold": 4342000000,
        "generalandadministrativeexpense": 596000000,
        "costsandexpenses": 8465000000,
        "operatingincomeloss": 1090000000,
        "interestincomeexpensenet": -119000000,
        "othernonoperatingincomeexpense": 12000000,
        "incomelossfromcontinuingoperationsbeforeincometaxesminorityinterestandincomelossfromequitymethodinvestments": 983000000,
        "incometaxexpensebenefit": 177000000,
        "incomelossfromcontinuingoperationsperbasicshare": 2.8,
        "incomelossfromcontinuingoperationsperdilutedshare": 2.77
    },
    {
        "date": "2019-03-30",
        "symbol": "GD",
        "period": "Q1",
        "netincomeloss": 745000000,
        "othercomprehensiveincomeunrealizedgainlossonderivativesarisingduringperiodbeforetax": 17000000,
        "othercomprehensiveincomeforeigncurrencytransactionandtranslationadjustmentbeforetaxportionattributabletoparent": 31000000,
        "othercomprehensiveincomelosspensionandotherpostretirementbenefitplansadjustmentbeforetax": -63000000,
        "othercomprehensiveincomelossbeforetax": 111000000,
        "othercomprehensiveincomelosstax": 16000000,
        "othercomprehensiveincomelossnetoftax": 95000000,
        "comprehensiveincomenetoftax": 840000000,
        "revenuefromcontractwithcustomerexcludingassessedtax": 1158000000,
        "costofgoodsandservicessold": 7633000000,
        "generalandadministrativeexpense": 614000000,
        "costsandexpenses": 8247000000,
        "operatingincomeloss": 1014000000,
        "interestincomeexpensenet": -117000000,
        "othernonoperatingincomeexpense": 18000000,
        "incomelossfromcontinuingoperationsbeforeincometaxesminorityinterestandincomelossfromequitymethodinvestments": 915000000,
        "incometaxexpensebenefit": 170000000,
        "incomelossfromcontinuingoperationsperbasicshare": 2.59,
        "incomelossfromcontinuingoperationsperdilutedshare": 2.56
    },
    {
        "date": "2018-12-30",
        "symbol": "GD",
        "period": "Q4",
        "netincomeloss": 4419000000,
        "othercomprehensiveincomeunrealizedgainlossonderivativesarisingduringperiodbeforetax": -4000000,
        "othercomprehensiveincomeforeigncurrencytransactionandtranslationadjustmentbeforetaxportionattributabletoparent": -170000000,
        "othercomprehensiveincomelosspensionandotherpostretirementbenefitplansadjustmentbeforetax": 336000000,
        "othercomprehensiveincomelossbeforetax": -482000000,
        "othercomprehensiveincomelosstax": -65000000,
        "othercomprehensiveincomelossnetoftax": -417000000,
        "comprehensiveincomenetoftax": -2352000000,
        "generalandadministrativeexpense": -507000000,
        "costsandexpenses": 9152000000,
        "operatingincomeloss": 334000000,
        "interestincomeexpensenet": -100000000,
        "othernonoperatingincomeexpense": -6000000,
        "incomelossfromcontinuingoperationsbeforeincometaxesminorityinterestandincomelossfromequitymethodinvestments": -104000000,
        "incometaxexpensebenefit": -222000000,
        "incomelossfromcontinuingoperationsperbasicshare": 3.0999999999999988,
        "incomelossfromcontinuingoperationsperdilutedshare": 3.06
    },
    {
        "date": "2018-09-29",
        "symbol": "GD",
        "period": "Q3",
        "netincomeloss": -962000000,
        "othercomprehensiveincomeunrealizedgainlossonderivativesarisingduringperiodbeforetax": 61000000,
        "othercomprehensiveincomeforeigncurrencytransactionandtranslationadjustmentbeforetaxportionattributabletoparent": 85000000,
        "othercomprehensiveincomelosspensionandotherpostretirementbenefitplansadjustmentbeforetax": -84000000,
        "othercomprehensiveincomelossbeforetax": 230000000,
        "othercomprehensiveincomelosstax": 33000000,
        "othercomprehensiveincomelossnetoftax": 197000000,
        "comprehensiveincomenetoftax": -1112000000,
        "revenuefromcontractwithcustomerexcludingassessedtax": 1230000000,
        "costofgoodsandservicessold": 3797000000,
        "generalandadministrativeexpense": 15000000,
        "costsandexpenses": 7959000000,
        "operatingincomeloss": 179000000,
        "interestincomeexpensenet": -105000000,
        "othernonoperatingincomeexpense": -16000000,
        "incomelossfromcontinuingoperationsbeforeincometaxesminorityinterestandincomelossfromequitymethodinvestments": -110000000,
        "incometaxexpensebenefit": -12000000,
        "incomelossfromcontinuingoperations": 864000000,
        "incomelossfromdiscontinuedoperationsnetoftax": -13000000,
        "incomelossfromcontinuingoperationsperbasicshare": 2.92,
        "incomelossfromdiscontinuedoperationsnetoftaxperbasicshare": -0.04,
        "earningspersharebasic": 2.88,
        "incomelossfromcontinuingoperationsperdilutedshare": 2.89,
        "incomelossfromdiscontinuedoperationsnetoftaxperdilutedshare": -0.04,
        "earningspersharediluted": 0.27
    },
    {
        "date": "2018-06-30",
        "symbol": "GD",
        "period": "Q2",
        "netincomeloss": -911000000,
        "othercomprehensiveincomeunrealizedgainlossonderivativesarisingduringperiodbeforetax": -18000000,
        "othercomprehensiveincomeforeigncurrencytransactionandtranslationadjustmentbeforetaxportionattributabletoparent": -216000000,
        "othercomprehensiveincomelosspensionandotherpostretirementbenefitplansadjustmentbeforetax": -79000000,
        "othercomprehensiveincomelossbeforetax": -155000000,
        "othercomprehensiveincomelosstax": 12000000,
        "othercomprehensiveincomelossnetoftax": -167000000,
        "comprehensiveincomenetoftax": -699000000,
        "salesrevenuegoodsnet": 4754000000,
        "salesrevenueservicesnet": 4432000000,
        "revenues": 1147000000,
        "costofgoodssold": 3702000000,
        "costofservices": 3807000000,
        "generalandadministrativeexpense": 45000000,
        "costsandexpenses": 8098000000,
        "operatingincomeloss": -38000000,
        "interestincomeexpensenet": -94000000,
        "othernonoperatingincomeexpense": -38000000,
        "incomelossfromcontinuingoperationsbeforeincometaxesminorityinterestandincomelossfromequitymethodinvestments": -168000000,
        "incometaxexpensebenefit": -43000000,
        "incomelossfromcontinuingoperationsperbasicshare": 2.65,
        "incomelossfromcontinuingoperationsperdilutedshare": 2.62
    },
    {
        "date": "2018-03-31",
        "symbol": "GD",
        "period": "Q1",
        "netincomeloss": 799000000,
        "othercomprehensiveincomeunrealizedgainlossonderivativesarisingduringperiodbeforetax": -3000000,
        "othercomprehensiveincomeforeigncurrencytransactionandtranslationadjustmentbeforetaxportionattributabletoparent": 1000000,
        "othercomprehensiveincomelosspensionandotherpostretirementbenefitplansadjustmentbeforetax": -84000000,
        "othercomprehensiveincomelossbeforetax": 82000000,
        "othercomprehensiveincomelosstax": 15000000,
        "othercomprehensiveincomelossnetoftax": 67000000,
        "comprehensiveincomenetoftax": 866000000,
        "salesrevenuegoodsnet": 4576000000,
        "salesrevenueservicesnet": 2959000000,
        "revenues": 2034000000,
        "costofgoodssold": 3546000000,
        "costofservices": 2444000000,
        "generalandadministrativeexpense": 537000000,
        "costsandexpenses": 6527000000,
        "operatingincomeloss": 184000000,
        "interestincomeexpensenet": -27000000,
        "othernonoperatingincomeexpense": -21000000,
        "incomelossfromcontinuingoperationsbeforeincometaxesminorityinterestandincomelossfromequitymethodinvestments": 960000000,
        "incometaxexpensebenefit": 161000000,
        "incomelossfromcontinuingoperationsperbasicshare": 2.7,
        "incomelossfromcontinuingoperationsperdilutedshare": 2.65,
        "earningspersharediluted": 0.25
    },
    {
        "date": "2017-09-30",
        "symbol": "GD",
        "period": "Q3",
        "netincomeloss": -772000000,
        "othercomprehensiveincomeunrealizedgainlossonderivativesarisingduringperiodbeforetax": 138000000,
        "othercomprehensiveincomeunrealizedholdinggainlossonsecuritiesarisingduringperiodbeforetax": 1000000,
        "othercomprehensiveincomeforeigncurrencytransactionandtranslationadjustmentbeforetaxportionattributabletoparent": 128000000,
        "othercomprehensiveincomelosspensionandotherpostretirementbenefitplansadjustmentbeforetax": -61000000,
        "othercomprehensiveincomelossbeforetax": 328000000,
        "othercomprehensiveincomelosstax": 57000000,
        "othercomprehensiveincomelossnetoftax": 271000000,
        "comprehensiveincomenetoftax": -1019000000,
        "salesrevenuegoodsnet": 4718000000,
        "salesrevenueservicesnet": 2862000000,
        "revenues": 1931000000,
        "costofgoodssold": 3634000000,
        "costofservices": 2384000000,
        "generalandadministrativeexpense": 15000000,
        "costsandexpenses": 6528000000,
        "operatingincomeloss": -12000000,
        "interestincomeexpensenet": -24000000,
        "othernonoperatingincomeexpense": 2000000,
        "incomelossfromcontinuingoperationsbeforeincometaxesminorityinterestandincomelossfromequitymethodinvestments": -34000000,
        "incometaxexpensebenefit": -26000000,
        "incomelossfromcontinuingoperations": 764000000,
        "incomelossfromcontinuingoperationsperbasicshare": 2.56,
        "earningspersharebasic": 2.56,
        "incomelossfromcontinuingoperationsperdilutedshare": 2.52,
        "earningspersharediluted": 0.22
    },
    {
        "date": "2017-07-01",
        "symbol": "GD",
        "period": "Q2",
        "netincomeloss": 749000000,
        "othercomprehensiveincomeunrealizedgainlossonderivativesarisingduringperiodbeforetax": 135000000,
        "othercomprehensiveincomeunrealizedholdinggainlossonsecuritiesarisingduringperiodbeforetax": 2000000,
        "othercomprehensiveincomeforeigncurrencytransactionandtranslationadjustmentbeforetaxportionattributabletoparent": 199000000,
        "othercomprehensiveincomelosspensionandotherpostretirementbenefitplansadjustmentbeforetax": -63000000,
        "othercomprehensiveincomelossbeforetax": 399000000,
        "othercomprehensiveincomelosstax": 59000000,
        "othercomprehensiveincomelossnetoftax": 340000000,
        "comprehensiveincomenetoftax": -2781000000,
        "salesrevenuegoodsnet": 4654000000,
        "salesrevenueservicesnet": 3021000000,
        "revenues": -3428000000,
        "costofgoodssold": 3582000000,
        "costofservices": 2532000000,
        "generalandadministrativeexpense": -457000000,
        "costsandexpenses": 6619000000,
        "operatingincomeloss": -1057000000,
        "interestincomeexpensenet": -22000000,
        "incomelossfromcontinuingoperationsbeforeincometaxesminorityinterestandincomelossfromequitymethodinvestments": -1078000000,
        "incometaxexpensebenefit": -340000000,
        "incomelossfromcontinuingoperations": 749000000,
        "incomelossfromcontinuingoperationsperbasicshare": 2.5000000000000004,
        "earningspersharebasic": 2.5000000000000004,
        "incomelossfromcontinuingoperationsperdilutedshare": 2.4600000000000004,
        "earningspersharediluted": -2.12
    },
    {
        "date": "2017-04-01",
        "symbol": "GD",
        "period": "Q1",
        "netincomeloss": 763000000,
        "othercomprehensiveincomeunrealizedgainlossonderivativesarisingduringperiodbeforetax": 13000000,
        "othercomprehensiveincomeunrealizedholdinggainlossonsecuritiesarisingduringperiodbeforetax": 5000000,
        "othercomprehensiveincomeforeigncurrencytransactionandtranslationadjustmentbeforetaxportionattributabletoparent": 82000000,
        "othercomprehensiveincomelosspensionandotherpostretirementbenefitplansadjustmentbeforetax": -69000000,
        "othercomprehensiveincomelossbeforetax": 169000000,
        "othercomprehensiveincomelosstax": 44000000,
        "othercomprehensiveincomelossnetoftax": 125000000,
        "comprehensiveincomenetoftax": 888000000,
        "salesrevenuegoodsnet": 4467000000,
        "salesrevenueservicesnet": 2974000000,
        "revenues": 7441000000,
        "costofgoodssold": 3436000000,
        "costofservices": 2489000000,
        "generalandadministrativeexpense": 481000000,
        "costsandexpenses": 6406000000,
        "operatingincomeloss": 1035000000,
        "interestincomeexpensenet": -25000000,
        "incomelossfromcontinuingoperationsbeforeincometaxesminorityinterestandincomelossfromequitymethodinvestments": 1010000000,
        "incometaxexpensebenefit": 247000000,
        "incomelossfromcontinuingoperations": 763000000,
        "incomelossfromcontinuingoperationsperbasicshare": 2.53,
        "earningspersharebasic": 2.53,
        "incomelossfromcontinuingoperationsperdilutedshare": 2.48,
        "earningspersharediluted": 2.48
    },
    {
        "date": "2016-10-01",
        "symbol": "GD",
        "period": "Q3",
        "netincomeloss": -755000000,
        "othercomprehensiveincomeunrealizedgainlossonderivativesarisingduringperiodbeforetax": 102000000,
        "othercomprehensiveincomeunrealizedholdinggainlossonsecuritiesarisingduringperiodbeforetax": -1000000,
        "othercomprehensiveincomeforeigncurrencytransactionandtranslationadjustmentbeforetaxportionattributabletoparent": -43000000,
        "othercomprehensiveincomelosspensionandotherpostretirementbenefitplansadjustmentbeforetax": -65000000,
        "othercomprehensiveincomelossbeforetax": 123000000,
        "othercomprehensiveincomelosstax": 49000000,
        "othercomprehensiveincomelossnetoftax": 74000000,
        "comprehensiveincomenetoftax": -783000000,
        "salesrevenuegoodsnet": 4844000000,
        "salesrevenueservicesnet": 2887000000,
        "revenues": 2043000000,
        "costofgoodssold": 3757000000,
        "costofservices": 2434000000,
        "generalandadministrativeexpense": 10000000,
        "costsandexpenses": 6662000000,
        "operatingincomeloss": -9000000,
        "interestincomeexpensenet": -23000000,
        "othernonoperatingincomeexpense": 1000000,
        "incomelossfromcontinuingoperationsbeforeincometaxesminorityinterestandincomelossfromequitymethodinvestments": -30000000,
        "incometaxexpensebenefit": -42000000,
        "incomelossfromcontinuingoperations": 767000000,
        "incomelossfromdiscontinuedoperationsnetoftax": -84000000,
        "incomelossfromcontinuingoperationsperbasicshare": 2.52,
        "incomelossfromdiscontinuedoperationsnetoftaxperbasicshare": -0.27,
        "earningspersharebasic": 2.25,
        "incomelossfromcontinuingoperationsperdilutedshare": 2.48,
        "incomelossfromdiscontinuedoperationsnetoftaxperdilutedshare": -0.27,
        "earningspersharediluted": 2.21,
        "discontinuedoperationtaxeffectofdiscontinuedoperation": -46000000
    },
    {
        "date": "2016-07-02",
        "symbol": "GD",
        "period": "Q2",
        "netincomeloss": 758000000,
        "othercomprehensiveincomeunrealizedgainlossonderivativesarisingduringperiodbeforetax": -24000000,
        "othercomprehensiveincomeunrealizedholdinggainlossonsecuritiesarisingduringperiodbeforetax": 5000000,
        "othercomprehensiveincomeforeigncurrencytransactionandtranslationadjustmentbeforetaxportionattributabletoparent": -56000000,
        "othercomprehensiveincomelosspensionandotherpostretirementbenefitplansadjustmentbeforetax": -66000000,
        "othercomprehensiveincomelossbeforetax": -9000000,
        "othercomprehensiveincomelosstax": 15000000,
        "othercomprehensiveincomelossnetoftax": -24000000,
        "comprehensiveincomenetoftax": -2818000000,
        "salesrevenuegoodsnet": 4848000000,
        "salesrevenueservicesnet": 2817000000,
        "revenues": 1987000000,
        "costofgoodssold": 3746000000,
        "costofservices": 2363000000,
        "generalandadministrativeexpense": -440000000,
        "costsandexpenses": 6595000000,
        "operatingincomeloss": -215000000,
        "interestincomeexpensenet": -24000000,
        "othernonoperatingincomeexpense": 0,
        "incomelossfromcontinuingoperationsbeforeincometaxesminorityinterestandincomelossfromequitymethodinvestments": -1099000000,
        "incometaxexpensebenefit": -341000000,
        "incomelossfromcontinuingoperations": 758000000,
        "incomelossfromdiscontinuedoperationsnetoftax": 0,
        "incomelossfromcontinuingoperationsperbasicshare": 2.49,
        "incomelossfromdiscontinuedoperationsnetoftaxperbasicshare": 0,
        "earningspersharebasic": 2.49,
        "incomelossfromcontinuingoperationsperdilutedshare": 2.4299999999999997,
        "incomelossfromdiscontinuedoperationsnetoftaxperdilutedshare": 0,
        "earningspersharediluted": 2.4300000000000006
    },
    {
        "date": "2016-04-02",
        "symbol": "GD",
        "period": "Q1",
        "netincomeloss": 717000000,
        "othercomprehensiveincomeunrealizedgainlossonderivativesarisingduringperiodbeforetax": 182000000,
        "othercomprehensiveincomeunrealizedholdinggainlossonsecuritiesarisingduringperiodbeforetax": -9000000,
        "othercomprehensiveincomeforeigncurrencytransactionandtranslationadjustmentbeforetaxportionattributabletoparent": 181000000,
        "othercomprehensiveincomelosspensionandotherpostretirementbenefitplansadjustmentbeforetax": -60000000,
        "othercomprehensiveincomelossbeforetax": 414000000,
        "othercomprehensiveincomelosstax": 69000000,
        "othercomprehensiveincomelossnetoftax": 345000000,
        "comprehensiveincomenetoftax": 1062000000,
        "salesrevenuegoodsnet": 4864000000,
        "salesrevenueservicesnet": 2860000000,
        "revenues": 2131000000,
        "costofgoodssold": 3784000000,
        "costofservices": 2427000000,
        "generalandadministrativeexpense": 460000000,
        "costsandexpenses": 6671000000,
        "operatingincomeloss": 192000000,
        "interestincomeexpensenet": -22000000,
        "othernonoperatingincomeexpense": 10000000,
        "incomelossfromcontinuingoperationsbeforeincometaxesminorityinterestandincomelossfromequitymethodinvestments": 1041000000,
        "incometaxexpensebenefit": 311000000,
        "incomelossfromcontinuingoperations": 730000000,
        "incomelossfromdiscontinuedoperationsnetoftax": -13000000,
        "incomelossfromcontinuingoperationsperbasicshare": 2.37,
        "incomelossfromdiscontinuedoperationsnetoftaxperbasicshare": -0.04,
        "earningspersharebasic": 2.33,
        "incomelossfromcontinuingoperationsperdilutedshare": 2.34,
        "incomelossfromdiscontinuedoperationsnetoftaxperdilutedshare": -0.04,
        "earningspersharediluted": 2.3
    },
    {
        "date": "2015-10-03",
        "symbol": "GD",
        "period": "Q3",
        "netincomeloss": 733000000,
        "othercomprehensiveincomeunrealizedgainlossonderivativesarisingduringperiodbeforetax": 53000000,
        "othercomprehensiveincomeunrealizedholdinggainlossonsecuritiesarisingduringperiodbeforetax": -4000000,
        "othercomprehensiveincomeforeigncurrencytransactionandtranslationadjustmentbeforetaxportionattributabletoparent": -195000000,
        "othercomprehensiveincomelosspensionandotherpostretirementbenefitplansadjustmentbeforetax": -99000000,
        "othercomprehensiveincomelossbeforetax": -47000000,
        "othercomprehensiveincomelosstax": 46000000,
        "othercomprehensiveincomelossnetoftax": -93000000,
        "comprehensiveincomenetoftax": 640000000,
        "discontinuedoperationtaxeffectofdiscontinuedoperation": -7000000,
        "salesrevenuegoodsnet": 5119000000,
        "salesrevenueservicesnet": 2875000000,
        "revenues": 957000000,
        "costofgoodssold": 4037000000,
        "costofservices": 2447000000,
        "generalandadministrativeexpense": 9000000,
        "costsandexpenses": 6960000000,
        "operatingincomeloss": -10000000,
        "interestincomeexpensenet": -23000000,
        "othernonoperatingincomeexpense": 2000000,
        "incomelossfromcontinuingoperationsbeforeincometaxesminorityinterestandincomelossfromequitymethodinvestments": -31000000,
        "incometaxexpensebenefit": -47000000,
        "incomelossfromcontinuingoperations": 733000000,
        "incomelossfromcontinuingoperationsperbasicshare": 2.31,
        "earningspersharebasic": 2.31,
        "incomelossfromcontinuingoperationsperdilutedshare": 2.28,
        "earningspersharediluted": 2.28
    },
    {
        "date": "2015-07-04",
        "symbol": "GD",
        "period": "Q2",
        "netincomeloss": 752000000,
        "othercomprehensiveincomeunrealizedgainlossonderivativesarisingduringperiodbeforetax": -1000000,
        "othercomprehensiveincomeforeigncurrencytransactionandtranslationadjustmentbeforetaxportionattributabletoparent": 69000000,
        "othercomprehensiveincomelosspensionandotherpostretirementbenefitplansadjustmentbeforetax": -91000000,
        "othercomprehensiveincomelossbeforetax": 157000000,
        "othercomprehensiveincomelosstax": 33000000,
        "othercomprehensiveincomelossnetoftax": 124000000,
        "comprehensiveincomenetoftax": 876000000,
        "salesrevenuegoodsnet": 5138000000,
        "salesrevenueservicesnet": 2744000000,
        "revenues": 999000000,
        "costofgoodssold": 4031000000,
        "costofservices": 2303000000,
        "generalandadministrativeexpense": 12000000,
        "costsandexpenses": 6801000000,
        "operatingincomeloss": -8000000,
        "interestincomeexpensenet": -20000000,
        "othernonoperatingincomeexpense": 0,
        "incomelossfromcontinuingoperationsbeforeincometaxesminorityinterestandincomelossfromequitymethodinvestments": -28000000,
        "incometaxexpensebenefit": -16000000,
        "incomelossfromcontinuingoperations": 752000000,
        "incomelossfromcontinuingoperationsperbasicshare": 2.3000000000000003,
        "earningspersharebasic": 2.3000000000000003,
        "incomelossfromcontinuingoperationsperdilutedshare": 2.27,
        "earningspersharediluted": 2.27
    },
    {
        "date": "2015-04-04",
        "symbol": "GD",
        "period": "Q1",
        "netincomeloss": 716000000,
        "othercomprehensiveincomeunrealizedgainlossonderivativesarisingduringperiodbeforetax": -383000000,
        "othercomprehensiveincomeunrealizedholdinggainlossonsecuritiesarisingduringperiodbeforetax": 2000000,
        "othercomprehensiveincomeforeigncurrencytransactionandtranslationadjustmentbeforetaxportionattributabletoparent": -104000000,
        "othercomprehensiveincomelosspensionandotherpostretirementbenefitplansadjustmentbeforetax": -97000000,
        "othercomprehensiveincomelossbeforetax": -388000000,
        "othercomprehensiveincomelosstax": -104000000,
        "othercomprehensiveincomelossnetoftax": -284000000,
        "comprehensiveincomenetoftax": 432000000,
        "salesrevenuegoodsnet": 4932000000,
        "salesrevenueservicesnet": 2852000000,
        "revenues": 1016000000,
        "costofgoodssold": 3819000000,
        "costofservices": 2435000000,
        "generalandadministrativeexpense": 12000000,
        "costsandexpenses": 6757000000,
        "operatingincomeloss": -13000000,
        "interestincomeexpensenet": -23000000,
        "othernonoperatingincomeexpense": 1000000,
        "incomelossfromcontinuingoperationsbeforeincometaxesminorityinterestandincomelossfromequitymethodinvestments": -35000000,
        "incometaxexpensebenefit": -25000000,
        "incomelossfromcontinuingoperations": 716000000,
        "incomelossfromcontinuingoperationsperbasicshare": 2.18,
        "earningspersharebasic": 2.18,
        "incomelossfromcontinuingoperationsperdilutedshare": 2.14,
        "earningspersharediluted": 2.14
    },
    {
        "date": "2014-09-27",
        "symbol": "GD",
        "period": "Q3",
        "netincomeloss": 1241000000,
        "othercomprehensiveincomeunrealizedgainlossonderivativesarisingduringperiodbeforetax": -60000000,
        "othercomprehensiveincomeunrealizedholdinggainlossonsecuritiesarisingduringperiodbeforetax": 1000000,
        "othercomprehensiveincomeforeigncurrencytransactionandtranslationadjustmentbeforetaxportionattributabletoparent": -235000000,
        "othercomprehensiveincomelosspensionandotherpostretirementbenefitplansadjustmentbeforetax": -61000000,
        "othercomprehensiveincomelossbeforetax": -233000000,
        "othercomprehensiveincomelosstax": 0,
        "othercomprehensiveincomelossnetoftax": -254000000,
        "comprehensiveincomenetoftax": 463000000,
        "salesrevenuegoodsnet": 4849000000,
        "salesrevenueservicesnet": 2843000000,
        "revenues": 17624000000,
        "costofgoodssold": 3812000000,
        "costofservices": 2408000000,
        "generalandadministrativeexpense": 58000000,
        "costsandexpenses": 13145000000,
        "operatingincomeloss": 852000000,
        "interestincomeexpensenet": -21000000,
        "othernonoperatingincomeexpense": 5000000,
        "incomelossfromcontinuingoperationsbeforeincometaxesminorityinterestandincomelossfromequitymethodinvestments": -371000000,
        "incometaxexpensebenefit": 269000000,
        "earningspersharebasic": 2.09,
        "earningspersharediluted": 2.05
    },
    {
        "date": "2014-06-28",
        "symbol": "GD",
        "period": "Q2",
        "netincomeloss": 541000000,
        "othercomprehensiveincomeunrealizedgainlossonderivativesarisingduringperiodbeforetax": -13000000,
        "othercomprehensiveincomeunrealizedholdinggainlossonsecuritiesarisingduringperiodbeforetax": 3000000,
        "othercomprehensiveincomeforeigncurrencytransactionandtranslationadjustmentbeforetaxportionattributabletoparent": 74000000,
        "othercomprehensiveincomelosspensionandotherpostretirementbenefitplansadjustmentbeforetax": -55000000,
        "othercomprehensiveincomelossbeforetax": 119000000,
        "othercomprehensiveincomelosstax": 20000000,
        "othercomprehensiveincomelossnetoftax": 99000000,
        "comprehensiveincomenetoftax": 640000000,
        "discontinuedoperationtaxeffectofdiscontinuedoperation": -38000000,
        "salesrevenuegoodsnet": 4659000000,
        "salesrevenueservicesnet": 2815000000,
        "revenues": 1037000000,
        "costofgoodssold": 3637000000,
        "costofservices": 2402000000,
        "generalandadministrativeexpense": 71000000,
        "costsandexpenses": 6525000000,
        "operatingincomeloss": 805000000,
        "interestincomeexpensenet": -25000000,
        "othernonoperatingincomeexpense": -2000000,
        "incomelossfromcontinuingoperationsbeforeincometaxesminorityinterestandincomelossfromequitymethodinvestments": 809000000,
        "incometaxexpensebenefit": 270000000,
        "incomelossfromcontinuingoperations": 646000000,
        "incomelossfromdiscontinuedoperationsnetoftax": -105000000,
        "incomelossfromcontinuingoperationsperbasicshare": 1.92,
        "incomelossfromdiscontinuedoperationsnetoftaxperbasicshare": -0.31,
        "earningspersharebasic": 1.61,
        "incomelossfromcontinuingoperationsperdilutedshare": 1.88,
        "incomelossfromdiscontinuedoperationsnetoftaxperdilutedshare": -0.3,
        "earningspersharediluted": 1.58
    },
    {
        "date": "2014-03-29",
        "symbol": "GD",
        "period": "Q1",
        "netincomeloss": 50000000,
        "othercomprehensiveincomeunrealizedgainlossonderivativesarisingduringperiodbeforetax": 4000000,
        "othercomprehensiveincomeunrealizedholdinggainlossonsecuritiesarisingduringperiodbeforetax": 3000000,
        "othercomprehensiveincomeforeigncurrencytransactionandtranslationadjustmentbeforetaxportionattributabletoparent": -65000000,
        "othercomprehensiveincomelosspensionandotherpostretirementbenefitplansadjustmentbeforetax": -61000000,
        "othercomprehensiveincomelossbeforetax": 3000000,
        "othercomprehensiveincomelosstax": 21000000,
        "othercomprehensiveincomelossnetoftax": 3000000,
        "comprehensiveincomenetoftax": 577000000,
        "salesrevenuegoodsnet": 4497000000,
        "salesrevenueservicesnet": 2827000000,
        "revenues": 931000000,
        "costofgoodssold": 3518000000,
        "costofservices": 2436000000,
        "generalandadministrativeexpense": 117000000,
        "costsandexpenses": -2000000,
        "operatingincomeloss": 827000000,
        "interestincomeexpensenet": -22000000,
        "othernonoperatingincomeexpense": 2000000,
        "incomelossfromcontinuingoperationsbeforeincometaxesminorityinterestandincomelossfromequitymethodinvestments": -42000000,
        "incometaxexpensebenefit": 249000000,
        "earningspersharebasic": 1.74,
        "earningspersharediluted": 1.71
    },
    {
        "date": "2013-09-28",
        "symbol": "GD",
        "period": "Q3",
        "netincomeloss": 596000000,
        "othercomprehensiveincomeunrealizedgainlossonderivativesarisingduringperiodbeforetax": 12000000,
        "othercomprehensiveincomeforeigncurrencytransactionandtranslationadjustmentbeforetaxportionattributabletoparent": 152000000,
        "othercomprehensiveincomelosspensionandotherpostretirementbenefitplansadjustmentbeforetax": -95000000,
        "othercomprehensiveincomelossbeforetax": 259000000,
        "othercomprehensiveincomelosstax": 39000000,
        "othercomprehensiveincomelossnetoftax": 220000000,
        "comprehensiveincomenetoftax": 235000000,
        "salesrevenuegoodsnet": 4796000000,
        "salesrevenueservicesnet": 3000000000,
        "revenues": 6924000000,
        "costofgoodssold": 3742000000,
        "costofservices": 2591000000,
        "generalandadministrativeexpense": 410000000,
        "costsandexpenses": 6839000000,
        "operatingincomeloss": -22000000,
        "interestincomeexpensenet": -1000000,
        "othernonoperatingincomeexpense": 2000000,
        "incomelossfromcontinuingoperationsbeforeincometaxesminorityinterestandincomelossfromequitymethodinvestments": -42000000,
        "incometaxexpensebenefit": -15000000,
        "earningspersharebasic": 1.86,
        "earningspersharediluted": 1.84
    },
    {
        "date": "2013-06-29",
        "symbol": "GD",
        "period": "Q2",
        "netincomeloss": 684000000,
        "othercomprehensiveincomeunrealizedgainlossonderivativesarisingduringperiodbeforetax": 0,
        "othercomprehensiveincomeunrealizedholdinggainlossonsecuritiesarisingduringperiodbeforetax": 3000000,
        "othercomprehensiveincomeforeigncurrencytransactionandtranslationadjustmentbeforetaxportionattributabletoparent": -66000000,
        "othercomprehensiveincomelosspensionandotherpostretirementbenefitplansadjustmentbeforetax": -104000000,
        "othercomprehensiveincomelossbeforetax": 41000000,
        "othercomprehensiveincomelosstax": 36000000,
        "othercomprehensiveincomelossnetoftax": 0,
        "comprehensiveincomenetoftax": 733000000,
        "salesrevenuegoodsnet": 4878000000,
        "salesrevenueservicesnet": 3033000000,
        "revenues": -4393000000,
        "costofgoodssold": 3837000000,
        "costofservices": 2590000000,
        "generalandadministrativeexpense": 95000000,
        "costsandexpenses": 4000000,
        "operatingincomeloss": 1562000000,
        "interestincomeexpensenet": 24000000,
        "incomelossfromcontinuingoperationsbeforeincometaxesminorityinterestandincomelossfromequitymethodinvestments": 226000000,
        "incometaxexpensebenefit": 283000000,
        "earningspersharebasic": 1.83,
        "earningspersharediluted": 1.81
    },
    {
        "date": "2013-03-30",
        "symbol": "GD",
        "period": "Q1",
        "netincomeloss": 527000000,
        "othercomprehensiveincomeunrealizedgainlossonderivativesarisingduringperiodbeforetax": -12000000,
        "othercomprehensiveincomeunrealizedholdinggainlossonsecuritiesarisingduringperiodbeforetax": 4000000,
        "othercomprehensiveincomeforeigncurrencytransactionandtranslationadjustmentbeforetaxportionattributabletoparent": -178000000,
        "othercomprehensiveincomelosspensionandotherpostretirementbenefitplansadjustmentbeforetax": -100000000,
        "othercomprehensiveincomelossbeforetax": -86000000,
        "othercomprehensiveincomelosstax": 33000000,
        "othercomprehensiveincomelossnetoftax": -8000000,
        "comprehensiveincomenetoftax": 452000000,
        "salesrevenuegoodsnet": 4459000000,
        "salesrevenueservicesnet": 2945000000,
        "revenues": 6388000000,
        "costofgoodssold": 3529000000,
        "costofservices": 2521000000,
        "generalandadministrativeexpense": 81000000,
        "costsandexpenses": 8000000,
        "operatingincomeloss": 112000000,
        "interestincomeexpensenet": -23000000,
        "incomelossfromcontinuingoperationsbeforeincometaxesminorityinterestandincomelossfromequitymethodinvestments": -46000000,
        "incometaxexpensebenefit": 230000000,
        "earningspersharebasic": 1.62,
        "earningspersharediluted": 1.62
    },
    {
        "date": "2012-09-29",
        "symbol": "GD",
        "period": "Q3",
        "netincomeloss": 575000000,
        "othercomprehensiveincomeunrealizedgainlossonderivativesarisingduringperiodbeforetax": 7000000,
        "othercomprehensiveincomeunrealizedholdinggainlossonsecuritiesarisingduringperiodbeforetax": 5000000,
        "othercomprehensiveincomeforeigncurrencytransactionandtranslationadjustmentbeforetaxportionattributabletoparent": 129000000,
        "othercomprehensiveincomelosspensionandotherpostretirementbenefitplansadjustmentbeforetax": -56000000,
        "othercomprehensiveincomelossbeforetax": 197000000,
        "othercomprehensiveincomelosstax": 52000000,
        "othercomprehensiveincomelossnetoftax": 145000000,
        "comprehensiveincomenetoftax": 170000000,
        "salesrevenuegoodsnet": 4967000000,
        "salesrevenueservicesnet": 2967000000,
        "revenues": 1250000000,
        "costofgoodssold": 4012000000,
        "costofservices": 2507000000,
        "generalandadministrativeexpense": 100000000,
        "costsandexpenses": 7029000000,
        "operatingincomeloss": 100000000,
        "interestincomeexpensenet": -39000000,
        "othernonoperatingincomeexpense": -2000000,
        "incomelossfromcontinuingoperationsbeforeincometaxesminorityinterestandincomelossfromequitymethodinvestments": 819000000,
        "incometaxexpensebenefit": 244000000,
        "incomelossfromcontinuingoperations": 600000000,
        "incomelossfromcontinuingoperationsperbasicshare": 1.71,
        "earningspersharebasic": 1.71,
        "incomelossfromcontinuingoperationsperdilutedshare": 1.7,
        "earningspersharediluted": 1.7
    },
    {
        "date": "2012-06-30",
        "symbol": "GD",
        "period": "Q2",
        "salesrevenuegoodsnet": 4987000000,
        "salesrevenueservicesnet": 2935000000,
        "revenues": 2149000000,
        "costofgoodssold": 3936000000,
        "costofservices": 2491000000,
        "generalandadministrativeexpense": 397000000,
        "costsandexpenses": 6952000000,
        "operatingincomeloss": 322000000,
        "interestincomeexpensenet": -37000000,
        "othernonoperatingincomeexpense": -3000000,
        "incomelossfromcontinuingoperationsbeforeincometaxesminorityinterestandincomelossfromequitymethodinvestments": 833000000,
        "incometaxexpensebenefit": 308000000,
        "incomelossfromcontinuingoperations": 634000000,
        "netincomeloss": 525000000,
        "incomelossfromcontinuingoperationsperbasicshare": 1.79,
        "earningspersharebasic": 1.79,
        "incomelossfromcontinuingoperationsperdilutedshare": 1.77,
        "earningspersharediluted": 1.77,
        "othercomprehensiveincomeunrealizedgainlossonderivativesarisingduringperiodbeforetax": -55000000,
        "othercomprehensiveincomeunrealizedholdinggainlossonsecuritiesarisingduringperiodbeforetax": -3000000,
        "othercomprehensiveincomeforeigncurrencytransactionandtranslationadjustmentbeforetaxportionattributabletoparent": -207000000,
        "othercomprehensiveincomelosspensionandotherpostretirementbenefitplansadjustmentbeforetax": -64000000,
        "othercomprehensiveincomelossbeforetax": -201000000,
        "othercomprehensiveincomelosstax": -11000000,
        "othercomprehensiveincomelossnetoftax": -190000000,
        "comprehensiveincomenetoftax": 520000000
    },
    {
        "date": "2012-03-31",
        "symbol": "GD",
        "period": "Q1",
        "salesrevenuegoodsnet": 4718000000,
        "salesrevenueservicesnet": 2861000000,
        "revenues": 1282000000,
        "costofgoodssold": 3764000000,
        "costofservices": 2420000000,
        "generalandadministrativeexpense": 22000000,
        "costsandexpenses": 6719000000,
        "operatingincomeloss": -17000000,
        "interestincomeexpensenet": -39000000,
        "incomelossfromcontinuingoperationsbeforeincometaxesminorityinterestandincomelossfromequitymethodinvestments": -57000000,
        "incometaxexpensebenefit": -18000000,
        "netincomeloss": 564000000,
        "earningspersharebasic": 1.58,
        "earningspersharediluted": 1.57,
        "othercomprehensiveincomeunrealizedgainlossonderivativesarisingduringperiodbeforetax": 14000000,
        "othercomprehensiveincomeunrealizedholdinggainlossonsecuritiesarisingduringperiodbeforetax": 5000000,
        "othercomprehensiveincomeforeigncurrencytransactionandtranslationadjustmentbeforetaxportionattributabletoparent": 169000000,
        "othercomprehensiveincomedefinedbenefitplansadjustmentbeforetaxperiodincreasedecrease": 57000000,
        "othercomprehensiveincomelossbeforetaxportionattributabletoparent": 245000000,
        "othercomprehensiveincomelosstaxportionattributabletoparent": -45000000,
        "othercomprehensiveincomelossnetoftaxportionattributabletoparent": 200000000,
        "comprehensiveincomenetoftax": 764000000
    },
    {
        "date": "2011-10-01",
        "symbol": "GD",
        "period": "Q3",
        "salesrevenuegoodsnet": 5070000000,
        "salesrevenueservicesnet": 2783000000,
        "revenues": 2680000000,
        "costofgoodssold": 3991000000,
        "costofservices": 2372000000,
        "generalandadministrativeexpense": 23000000,
        "costsandexpenses": 6855000000,
        "operatingincomeloss": 310000000,
        "interestincomeexpensenet": -38000000,
        "othernonoperatingincomeexpense": 1000000,
        "incomelossfromcontinuingoperationsbeforeincometaxesminorityinterestandincomelossfromequitymethodinvestments": -59000000,
        "incometaxexpensebenefit": -21000000,
        "incomelossfromcontinuingoperations": 665000000,
        "incomelossfromdiscontinuedoperationsnetoftax": -13000000,
        "netincomeloss": 652000000,
        "incomelossfromcontinuingoperationsperbasicshare": 1.84,
        "incomelossfromdiscontinuedoperationsnetoftaxperbasicshare": -0.03,
        "earningspersharebasic": 1.81,
        "incomelossfromcontinuingoperationsperdilutedshare": 1.83,
        "incomelossfromdiscontinuedoperationsnetoftaxperdilutedshare": -0.03,
        "earningspersharediluted": 1.8
    },
    {
        "date": "2011-07-02",
        "symbol": "GD",
        "period": "Q2",
        "salesrevenuegoodsnet": 5055000000,
        "salesrevenueservicesnet": 2824000000,
        "revenues": 1517000000,
        "costofgoodssold": 4005000000,
        "costofservices": 2420000000,
        "generalandadministrativeexpense": 22000000,
        "costsandexpenses": 6930000000,
        "operatingincomeloss": -19000000,
        "interestincomeexpensenet": -31000000,
        "othernonoperatingincomeexpense": -2000000,
        "incomelossfromcontinuingoperationsbeforeincometaxesminorityinterestandincomelossfromequitymethodinvestments": -51000000,
        "incometaxexpensebenefit": -17000000,
        "incomelossfromcontinuingoperations": 666000000,
        "incomelossfromdiscontinuedoperationsnetoftax": -13000000,
        "netincomeloss": 653000000,
        "incomelossfromcontinuingoperationsperbasicshare": 1.81,
        "incomelossfromdiscontinuedoperationsnetoftaxperbasicshare": -0.04,
        "earningspersharebasic": 1.77,
        "incomelossfromcontinuingoperationsperdilutedshare": 1.79,
        "incomelossfromdiscontinuedoperationsnetoftaxperdilutedshare": -0.03,
        "earningspersharediluted": 1.76
    },
    {
        "date": "2011-04-02",
        "symbol": "GD",
        "period": "Q1",
        "salesrevenuegoodsnet": 5061000000,
        "salesrevenueservicesnet": 2737000000,
        "revenues": 1415000000,
        "costofgoodssold": 4009000000,
        "costofservices": 2351000000,
        "generalandadministrativeexpense": 22000000,
        "costsandexpenses": 6869000000,
        "operatingincomeloss": -21000000,
        "interestincomeexpensenet": -34000000,
        "othernonoperatingincomeexpense": 1000000,
        "incomelossfromcontinuingoperationsbeforeincometaxesminorityinterestandincomelossfromequitymethodinvestments": -52000000,
        "incometaxexpensebenefit": -15000000,
        "incomelossfromcontinuingoperations": 618000000,
        "netincomeloss": 618000000,
        "incomelossfromcontinuingoperationsperbasicshare": 1.66,
        "earningspersharebasic": 1.66,
        "incomelossfromcontinuingoperationsperdilutedshare": 1.64,
        "earningspersharediluted": 1.64
    },
    {
        "date": "2010-10-02",
        "symbol": "GD",
        "period": "Q3",
        "salesrevenuegoodsnet": 5290000000,
        "salesrevenueservicesnet": 2721000000,
        "revenues": -5102000000,
        "costofgoodssold": 4218000000,
        "costofservices": 2346000000,
        "generalandadministrativeexpense": -446000000,
        "costsandexpenses": 7045000000,
        "operatingincomeloss": -957000000,
        "interestincomeexpensenet": -38000000,
        "incomelossfromcontinuingoperationsbeforeincometaxesminorityinterestandincomelossfromequitymethodinvestments": -995000000,
        "incometaxexpensebenefit": -318000000,
        "incomelossfromcontinuingoperations": 649000000,
        "incomelossfromdiscontinuedoperationsnetoftax": 1000000,
        "netincomeloss": 650000000,
        "incomelossfromcontinuingoperationsperbasicshare": 1.6999999999999997,
        "incomelossfromdiscontinuedoperationsnetoftaxperbasicshare": 0.01,
        "earningspersharebasic": 1.7100000000000002,
        "incomelossfromcontinuingoperationsperdilutedshare": 1.6900000000000004,
        "incomelossfromdiscontinuedoperationsnetoftaxperdilutedshare": 0.01,
        "earningspersharediluted": 1.7000000000000004
    },
    {
        "date": "2010-07-03",
        "symbol": "GD",
        "period": "Q2",
        "salesrevenuegoodsnet": 5415000000,
        "salesrevenueservicesnet": 2689000000,
        "revenues": 1383000000,
        "costofgoodssold": 4328000000,
        "costofservices": 2313000000,
        "generalandadministrativeexpense": 21000000,
        "costsandexpenses": 7119000000,
        "operatingincomeloss": -22000000,
        "interestincomeexpensenet": -42000000,
        "othernonoperatingincomeexpense": 1000000,
        "incomelossfromcontinuingoperationsbeforeincometaxesminorityinterestandincomelossfromequitymethodinvestments": -65000000,
        "incometaxexpensebenefit": -20000000,
        "incomelossfromcontinuingoperations": 651000000,
        "incomelossfromdiscontinuedoperationsnetoftax": -3000000,
        "netincomeloss": 648000000,
        "incomelossfromcontinuingoperationsperbasicshare": 1.7,
        "incomelossfromdiscontinuedoperationsnetoftaxperbasicshare": -0.01,
        "earningspersharebasic": 1.69,
        "incomelossfromcontinuingoperationsperdilutedshare": 1.68,
        "incomelossfromdiscontinuedoperationsnetoftaxperdilutedshare": -0.01,
        "earningspersharediluted": 1.67
    },
    {
        "date": "2010-04-03",
        "symbol": "GD",
        "period": "Q1",
        "salesrevenuegoodsnet": 5162000000,
        "salesrevenueservicesnet": 2588000000,
        "revenues": 7750000000,
        "costofgoodssold": 4144000000,
        "costofservices": 2202000000,
        "generalandadministrativeexpense": 486000000,
        "costsandexpenses": 6832000000,
        "operatingincomeloss": 918000000,
        "interestincomeexpensenet": -44000000,
        "incomelossfromcontinuingoperationsbeforeincometaxesminorityinterestandincomelossfromequitymethodinvestments": 874000000,
        "incometaxexpensebenefit": 275000000,
        "incomelossfromcontinuingoperations": 599000000,
        "incomelossfromdiscontinuedoperationsnetoftax": -2000000,
        "netincomeloss": 597000000,
        "incomelossfromcontinuingoperationsperbasicshare": 1.56,
        "incomelossfromdiscontinuedoperationsnetoftaxperbasicshare": -0.01,
        "earningspersharebasic": 1.55,
        "incomelossfromcontinuingoperationsperdilutedshare": 1.54,
        "incomelossfromdiscontinuedoperationsnetoftaxperdilutedshare": -0.01,
        "earningspersharediluted": 1.53
    },
    {
        "date": "2009-10-03",
        "symbol": "GD",
        "period": "Q3",
        "salesrevenuegoodsnet": 5180000000,
        "salesrevenueservicesnet": 2539000000,
        "revenues": 7719000000,
        "costofgoodssold": 4515000000,
        "costofservices": 2330000000,
        "costsandexpenses": 6845000000,
        "operatingincomeloss": 874000000,
        "interestincomeexpensenet": -40000000,
        "othernonoperatingincomeexpense": -6000000,
        "incomelossfromcontinuingoperationsbeforeincometaxesminorityinterestandincomelossfromequitymethodinvestments": 828000000,
        "incometaxexpensebenefit": 253000000,
        "incomelossfromcontinuingoperations": 575000000,
        "incomelossfromdiscontinuedoperationsnetoftax": -3000000,
        "netincomeloss": 572000000,
        "incomelossfromcontinuingoperationsperbasicshare": 1.49,
        "incomelossfromdiscontinuedoperationsnetoftaxperbasicshare": -0.01,
        "earningspersharebasic": 1.48,
        "incomelossfromcontinuingoperationsperdilutedshare": 1.48,
        "incomelossfromdiscontinuedoperationsnetoftaxperdilutedshare": -0.01,
        "earningspersharediluted": 1.47,
        "generalandadministrativeexpense": 452000000,
        "commonstockdividendspersharecashpaid": 0.38
    }
]