[
    {
        "date": "2024-09-29",
        "symbol": "BSX",
        "period": "Q3",
        "revenuefromcontractwithcustomerexcludingassessedtax": -5964000000,
        "costofgoodsandservicessold": 1312000000,
        "grossprofit": 2897000000,
        "sellinggeneralandadministrativeexpense": 1562000000,
        "researchanddevelopmentexpenseexcludingacquiredinprocesscost": 407000000,
        "royaltyexpense": 5000000,
        "amortizationofintangibleassets": 204000000,
        "businesscombinationcontingentconsiderationarrangementschangeinamountofcontingentconsiderationliability1": -23000000,
        "restructuringcharges": 8000000,
        "operatingexpenses": 2164000000,
        "operatingincomeloss": 733000000,
        "interestexpense": 79000000,
        "othernonoperatingincomeexpense": 14000000,
        "incomelossfromcontinuingoperationsbeforeincometaxesextraordinaryitemsnoncontrollinginterest": 669000000,
        "incometaxexpensebenefit": 200000000,
        "profitloss": 469000000,
        "netincomelossattributabletononcontrollinginterest": -3000000,
        "netincomelossavailabletocommonstockholdersbasic": 469000000,
        "earningspersharebasic": 0.32,
        "earningspersharediluted": 0.32,
        "weightedaveragenumberofsharesoutstandingbasic": 1470600000,
        "weightedaveragenumberofdilutedsharesoutstanding": 1484500000,
        "othercomprehensiveincomelossforeigncurrencytransactionandtranslationadjustmentnetoftax": -181000000,
        "othercomprehensiveincomelosscashflowhedgegainlossafterreclassificationandtax": -101000000,
        "othercomprehensiveincomelossnetoftax": -286000000,
        "comprehensiveincomenetoftaxincludingportionattributabletononcontrollinginterest": 186000000,
        "comprehensiveincomenetoftax": 176000000
    },
    {
        "date": "2024-06-29",
        "symbol": "BSX",
        "period": "Q2",
        "revenuefromcontractwithcustomerexcludingassessedtax": 4120000000,
        "costofgoodsandservicessold": 1270000000,
        "grossprofit": 2850000000,
        "sellinggeneralandadministrativeexpense": 1446000000,
        "researchanddevelopmentexpenseexcludingacquiredinprocesscost": 383000000,
        "royaltyexpense": 9000000,
        "amortizationofintangibleassets": 213000000,
        "impairmentofintangibleassetsexcludinggoodwill": 276000000,
        "businesscombinationcontingentconsiderationarrangementschangeinamountofcontingentconsiderationliability1": 2000000,
        "restructuringcharges": 1000000,
        "operatingexpenses": 2330000000,
        "operatingincomeloss": 520000000,
        "interestexpense": 77000000,
        "othernonoperatingincomeexpense": -23000000,
        "incomelossfromcontinuingoperationsbeforeincometaxesextraordinaryitemsnoncontrollinginterest": 420000000,
        "incometaxexpensebenefit": 98000000,
        "profitloss": 322000000,
        "netincomelossattributabletononcontrollinginterest": -2000000,
        "netincomelossavailabletocommonstockholdersbasic": 324000000,
        "earningspersharebasic": 0.22,
        "earningspersharediluted": 0.22,
        "weightedaveragenumberofsharesoutstandingbasic": 1470600000,
        "weightedaveragenumberofdilutedsharesoutstanding": 1484200000,
        "othercomprehensiveincomelossforeigncurrencytransactionandtranslationadjustmentnetoftax": 45000000,
        "othercomprehensiveincomelosscashflowhedgegainlossafterreclassificationandtax": -16000000,
        "othercomprehensiveincomelossnetoftax": 30000000,
        "comprehensiveincomenetoftaxincludingportionattributabletononcontrollinginterest": 352000000,
        "othercomprehensiveincomelossnetoftaxportionattributabletononcontrollinginterest": -1000000,
        "comprehensiveincomenetoftaxattributabletononcontrollinginterest": -4000000,
        "comprehensiveincomenetoftax": 356000000
    },
    {
        "date": "2024-03-30",
        "symbol": "BSX",
        "period": "Q1",
        "revenuefromcontractwithcustomerexcludingassessedtax": 3856000000,
        "costofgoodsandservicessold": 1209000000,
        "grossprofit": 2648000000,
        "sellinggeneralandadministrativeexpense": 1364000000,
        "researchanddevelopmentexpenseexcludingacquiredinprocesscost": 366000000,
        "royaltyexpense": 10000000,
        "amortizationofintangibleassets": 214000000,
        "businesscombinationcontingentconsiderationarrangementschangeinamountofcontingentconsiderationliability1": 17000000,
        "restructuringcharges": 3000000,
        "operatingexpenses": 1973000000,
        "operatingincomeloss": 675000000,
        "interestexpense": 69000000,
        "othernonoperatingincomeexpense": 2000000,
        "incomelossfromcontinuingoperationsbeforeincometaxesextraordinaryitemsnoncontrollinginterest": 608000000,
        "incometaxexpensebenefit": 115000000,
        "profitloss": 493000000,
        "netincomelossattributabletononcontrollinginterest": 1000000,
        "netincomelossavailabletocommonstockholdersbasic": 495000000,
        "earningspersharebasic": 0.34,
        "earningspersharediluted": 0.33,
        "weightedaveragenumberofsharesoutstandingbasic": 1468400000,
        "weightedaveragenumberofdilutedsharesoutstanding": 1481700000,
        "othercomprehensiveincomelossforeigncurrencytransactionandtranslationadjustmentnetoftax": 57000000,
        "othercomprehensiveincomelosscashflowhedgegainlossafterreclassificationandtax": 22000000,
        "othercomprehensiveincomelossnetoftax": 78000000,
        "comprehensiveincomenetoftaxincludingportionattributabletononcontrollinginterest": 572000000,
        "othercomprehensiveincomelossbeforetaxportionattributabletononcontrollinginterest": -6000000,
        "comprehensiveincomenetoftax": 578000000
    },
    {
        "date": "2021-09-29",
        "symbol": "BSX",
        "period": "Q3",
        "revenuefromcontractwithcustomerexcludingassessedtax": 2932000000,
        "costofgoodsandservicessold": 900000000,
        "grossprofit": 2032000000,
        "sellinggeneralandadministrativeexpense": 1067000000,
        "researchanddevelopmentexpenseexcludingacquiredinprocesscost": 310000000,
        "royaltyexpense": 14000000,
        "amortizationofintangibleassets": 184000000,
        "businesscombinationcontingentconsiderationarrangementschangeinamountofcontingentconsiderationliability1": -26000000,
        "restructuringcharges": 10000000,
        "litigationsettlementexpense": 0,
        "gainlossonsaleofbusiness": 39000000,
        "operatingexpenses": 1645000000,
        "operatingincomeloss": 387000000,
        "interestexpense": 86000000,
        "othernonoperatingincomeexpense": 181000000,
        "incomelossfromcontinuingoperationsbeforeincometaxesextraordinaryitemsnoncontrollinginterest": 483000000,
        "incometaxexpensebenefit": 63000000,
        "profitloss": 419000000,
        "dividendspreferredstockstock": 14000000,
        "netincomelossavailabletocommonstockholdersbasic": 405000000,
        "earningspersharebasic": 0.29000000000000004,
        "earningspersharediluted": 0.28,
        "weightedaveragenumberofsharesoutstandingbasic": 1300000,
        "weightedaveragenumberofdilutedsharesoutstanding": 1300000,
        "othercomprehensiveincomelossforeigncurrencytransactionandtranslationadjustmentnetoftax": -49000000,
        "othercomprehensiveincomelosscashflowhedgegainlossafterreclassificationandtax": 50000000,
        "othercomprehensiveincomelosspensionandotherpostretirementbenefitplansadjustmentnetoftax": 2000000,
        "othercomprehensiveincomelossnetoftax": 1000000,
        "comprehensiveincomenetoftaxincludingportionattributabletononcontrollinginterest": 420000000
    },
    {
        "date": "2021-06-29",
        "symbol": "BSX",
        "period": "Q2",
        "revenuefromcontractwithcustomerexcludingassessedtax": 3077000000,
        "costofgoodsandservicessold": 945000000,
        "grossprofit": 2132000000,
        "sellinggeneralandadministrativeexpense": 1120000000,
        "researchanddevelopmentexpenseexcludingacquiredinprocesscost": 298000000,
        "royaltyexpense": 12000000,
        "amortizationofintangibleassets": 180000000,
        "businesscombinationcontingentconsiderationarrangementschangeinamountofcontingentconsiderationliability1": -85000000,
        "restructuringcharges": 3000000,
        "litigationsettlementexpense": 298000000,
        "gainlossonsaleofbusiness": 3000000,
        "operatingexpenses": 1870000000,
        "operatingincomeloss": 262000000,
        "interestexpense": 86000000,
        "othernonoperatingincomeexpense": -26000000,
        "incomelossfromcontinuingoperationsbeforeincometaxesextraordinaryitemsnoncontrollinginterest": 149000000,
        "incometaxexpensebenefit": -37000000,
        "profitloss": 186000000,
        "dividendspreferredstockstock": 14000000,
        "netincomelossavailabletocommonstockholdersbasic": 173000000,
        "earningspersharebasic": 0.11999999999999997,
        "earningspersharediluted": 0.11999999999999997,
        "weightedaveragenumberofsharesoutstandingbasic": 1300000,
        "weightedaveragenumberofdilutedsharesoutstanding": 900000,
        "othercomprehensiveincomelossforeigncurrencytransactionandtranslationadjustmentnetoftax": 2000000,
        "othercomprehensiveincomelosscashflowhedgegainlossafterreclassificationandtax": -18000000,
        "othercomprehensiveincomelosspensionandotherpostretirementbenefitplansadjustmentnetoftax": -2000000,
        "othercomprehensiveincomelossnetoftax": -17000000,
        "comprehensiveincomenetoftaxincludingportionattributabletononcontrollinginterest": 170000000
    },
    {
        "date": "2021-03-30",
        "symbol": "BSX",
        "period": "Q1",
        "revenuefromcontractwithcustomerexcludingassessedtax": 2752000000,
        "costofgoodsandservicessold": 894000000,
        "grossprofit": 1858000000,
        "sellinggeneralandadministrativeexpense": 1019000000,
        "researchanddevelopmentexpenseexcludingacquiredinprocesscost": 276000000,
        "royaltyexpense": 12000000,
        "amortizationofintangibleassets": 185000000,
        "businesscombinationcontingentconsiderationarrangementschangeinamountofcontingentconsiderationliability1": -6000000,
        "restructuringcharges": 5000000,
        "litigationsettlementexpense": 4000000,
        "gainlossonsaleofbusiness": 6000000,
        "operatingexpenses": 1488000000,
        "operatingincomeloss": 370000000,
        "interestexpense": 82000000,
        "othernonoperatingincomeexpense": 37000000,
        "incomelossfromcontinuingoperationsbeforeincometaxesextraordinaryitemsnoncontrollinginterest": 325000000,
        "incometaxexpensebenefit": -16000000,
        "profitloss": 341000000,
        "dividendspreferredstockstock": 14000000,
        "netincomelossavailabletocommonstockholdersbasic": 327000000,
        "earningspersharebasic": 0.23,
        "earningspersharediluted": 0.23,
        "weightedaveragenumberofsharesoutstandingbasic": 1418700000,
        "weightedaveragenumberofdilutedsharesoutstanding": 1430800000,
        "othercomprehensiveincomelossforeigncurrencytransactionandtranslationadjustmentnetoftax": -83000000,
        "othercomprehensiveincomelosscashflowhedgegainlossafterreclassificationandtax": 129000000,
        "othercomprehensiveincomelosspensionandotherpostretirementbenefitplansadjustmentnetoftax": 1000000,
        "othercomprehensiveincomelossnetoftax": 47000000,
        "comprehensiveincomenetoftaxincludingportionattributabletononcontrollinginterest": 388000000
    },
    {
        "date": "2020-12-30",
        "symbol": "BSX",
        "period": "Q4",
        "revenuefromcontractwithcustomerexcludingassessedtax": 432000000,
        "costofgoodsandservicessold": 1000000000,
        "grossprofit": 1708000000,
        "sellinggeneralandadministrativeexpense": 1027000000,
        "researchanddevelopmentexpenseexcludingacquiredinprocesscost": 286000000,
        "royaltyexpense": 13000000,
        "amortizationofintangibleassets": 194000000,
        "impairmentofintangibleassetsexcludinggoodwill": 8000000,
        "restructuringcharges": 36000000,
        "operatingexpenses": 1658000000,
        "operatingincomeloss": -70000000,
        "interestexpense": 96000000,
        "othernonoperatingincomeexpense": 352000000,
        "incomelossfromcontinuingoperationsbeforeincometaxesextraordinaryitemsnoncontrollinginterest": 307000000,
        "incometaxexpensebenefit": 96000000,
        "profitloss": 210000000,
        "earningspersharebasic": 0.13999999999999999,
        "earningspersharediluted": 0.13999999999999999,
        "weightedaveragenumberofsharesoutstandingbasic": -1418300000,
        "weightedaveragenumberofdilutedsharesoutstanding": -1418300000,
        "othercomprehensiveincomelossforeigncurrencytransactionandtranslationadjustmentnetoftax": 179000000,
        "othercomprehensiveincomelosscashflowhedgegainlossafterreclassificationandtax": -121000000,
        "othercomprehensiveincomelossnetoftax": 56000000,
        "comprehensiveincomenetoftaxincludingportionattributabletononcontrollinginterest": 266000000
    },
    {
        "date": "2020-09-29",
        "symbol": "BSX",
        "period": "Q3",
        "revenuefromcontractwithcustomerexcludingassessedtax": 2659000000,
        "costofgoodsandservicessold": 869000000,
        "grossprofit": 1790000000,
        "sellinggeneralandadministrativeexpense": 984000000,
        "researchanddevelopmentexpenseexcludingacquiredinprocesscost": 315000000,
        "royaltyexpense": 12000000,
        "amortizationofintangibleassets": 197000000,
        "impairmentofintangibleassetsexcludinggoodwill": 219000000,
        "businesscombinationcontingentconsiderationarrangementschangeinamountofcontingentconsiderationliability1": 6000000,
        "restructuringcharges": 3000000,
        "litigationsettlementexpense": 260000000,
        "operatingexpenses": 1995000000,
        "operatingincomeloss": -205000000,
        "interestexpense": 86000000,
        "othernonoperatingincomeexpense": 64000000,
        "incomelossfromcontinuingoperationsbeforeincometaxesextraordinaryitemsnoncontrollinginterest": -227000000,
        "incometaxexpensebenefit": -72000000,
        "profitloss": -155000000,
        "dividendspreferredstockstock": 14000000,
        "netincomelossavailabletocommonstockholdersbasic": -169000000,
        "earningspersharebasic": -0.12,
        "earningspersharediluted": -0.12,
        "weightedaveragenumberofsharesoutstandingbasic": 1430900000,
        "weightedaveragenumberofdilutedsharesoutstanding": 1430900000,
        "othercomprehensiveincomelossforeigncurrencytransactionandtranslationadjustmentnetoftax": 84000000,
        "othercomprehensiveincomelosscashflowhedgegainlossafterreclassificationandtax": -64000000,
        "othercomprehensiveincomelossnetoftax": 20000000,
        "comprehensiveincomenetoftaxincludingportionattributabletononcontrollinginterest": -135000000
    },
    {
        "date": "2020-06-29",
        "symbol": "BSX",
        "period": "Q2",
        "revenuefromcontractwithcustomerexcludingassessedtax": 4279000000,
        "costofgoodsandservicessold": 790000000,
        "grossprofit": 1213000000,
        "sellinggeneralandadministrativeexpense": 798000000,
        "researchanddevelopmentexpenseexcludingacquiredinprocesscost": 242000000,
        "royaltyexpense": 8000000,
        "amortizationofintangibleassets": 197000000,
        "impairmentofintangibleassetsexcludinggoodwill": 35000000,
        "businesscombinationcontingentconsiderationarrangementschangeinamountofcontingentconsiderationliability1": 0,
        "restructuringcharges": 3000000,
        "operatingexpenses": 1284000000,
        "operatingincomeloss": 49000000,
        "interestexpense": 91000000,
        "othernonoperatingincomeexpense": -18000000,
        "incomelossfromcontinuingoperationsbeforeincometaxesextraordinaryitemsnoncontrollinginterest": -181000000,
        "incometaxexpensebenefit": -34000000,
        "profitloss": -148000000,
        "earningspersharebasic": -0.11,
        "earningspersharediluted": -0.11,
        "weightedaveragenumberofsharesoutstandingbasic": 6700000,
        "weightedaveragenumberofdilutedsharesoutstanding": -9400000,
        "othercomprehensiveincomelossforeigncurrencytransactionandtranslationadjustmentnetoftax": -10000000,
        "othercomprehensiveincomelosscashflowhedgegainlossafterreclassificationandtax": -27000000,
        "othercomprehensiveincomelossnetoftax": -38000000,
        "comprehensiveincomenetoftaxincludingportionattributabletononcontrollinginterest": -185000000
    },
    {
        "date": "2020-03-30",
        "symbol": "BSX",
        "period": "Q1",
        "profitloss": 11000000,
        "othercomprehensiveincomelossforeigncurrencytransactionandtranslationadjustmentnetoftax": -177000000,
        "othercomprehensiveincomelosscashflowhedgegainlossafterreclassificationandtax": 75000000,
        "othercomprehensiveincomelossnetoftax": -101000000,
        "comprehensiveincomenetoftaxincludingportionattributabletononcontrollinginterest": -91000000,
        "revenuefromcontractwithcustomerexcludingassessedtax": 2543000000,
        "costofgoodsandservicessold": 806000000,
        "grossprofit": 1737000000,
        "sellinggeneralandadministrativeexpense": 978000000,
        "researchanddevelopmentexpenseexcludingacquiredinprocesscost": 300000000,
        "royaltyexpense": 12000000,
        "amortizationofintangibleassets": 201000000,
        "impairmentofintangibleassetsexcludinggoodwill": 198000000,
        "businesscombinationcontingentconsiderationarrangementschangeinamountofcontingentconsiderationliability1": -108000000,
        "restructuringcharges": 10000000,
        "operatingexpenses": 1591000000,
        "operatingincomeloss": 146000000,
        "interestexpense": 88000000,
        "othernonoperatingincomeexpense": -36000000,
        "incomelossfromcontinuingoperationsbeforeincometaxesextraordinaryitemsnoncontrollinginterest": 22000000,
        "incometaxexpensebenefit": 12000000,
        "earningspersharebasic": 0.01,
        "earningspersharediluted": 0.01,
        "weightedaveragenumberofsharesoutstandingbasic": 1397400000,
        "weightedaveragenumberofdilutedsharesoutstanding": 1413500000
    },
    {
        "date": "2019-12-30",
        "symbol": "BSX",
        "period": "Q4",
        "profitloss": 3996000000,
        "othercomprehensiveincomelossforeigncurrencytransactionandtranslationadjustmentnetoftax": 191000000,
        "othercomprehensiveincomelosscashflowhedgegainlossafterreclassificationandtax": -40000000,
        "othercomprehensiveincomelossnetoftax": 132000000,
        "comprehensiveincomenetoftaxincludingportionattributabletononcontrollinginterest": 4128000000,
        "revenuefromcontractwithcustomerexcludingassessedtax": 2904000000,
        "costofgoodsandservicessold": 851000000,
        "grossprofit": 2054000000,
        "sellinggeneralandadministrativeexpense": 1092000000,
        "researchanddevelopmentexpenseexcludingacquiredinprocesscost": 308000000,
        "royaltyexpense": 17000000,
        "amortizationofintangibleassets": 201000000,
        "businesscombinationcontingentconsiderationarrangementschangeinamountofcontingentconsiderationliability1": -26000000,
        "restructuringcharges": 28000000,
        "litigationsettlementexpense": 223000000,
        "operatingexpenses": 1844000000,
        "operatingincomeloss": 210000000,
        "interestexpense": 179000000,
        "othernonoperatingincomeexpense": -36000000,
        "incomelossfromcontinuingoperationsbeforeincometaxesextraordinaryitemsnoncontrollinginterest": -6000000,
        "incometaxexpensebenefit": -4002000000,
        "earningspersharebasic": 2.87,
        "earningspersharediluted": 2.8300000000000005,
        "weightedaveragenumberofsharesoutstandingbasic": 900000,
        "weightedaveragenumberofdilutedsharesoutstanding": 900000
    },
    {
        "date": "2019-09-29",
        "symbol": "BSX",
        "period": "Q3",
        "profitloss": 126000000,
        "othercomprehensiveincomelossforeigncurrencytransactionandtranslationadjustmentnetoftax": -3000000,
        "othercomprehensiveincomelosscashflowhedgegainlossafterreclassificationandtax": 62000000,
        "othercomprehensiveincomelossnetoftax": 60000000,
        "comprehensiveincomenetoftaxincludingportionattributabletononcontrollinginterest": 186000000,
        "revenuefromcontractwithcustomerexcludingassessedtax": 2707000000,
        "costofgoodsandservicessold": 777000000,
        "grossprofit": 1930000000,
        "sellinggeneralandadministrativeexpense": 1012000000,
        "researchanddevelopmentexpenseexcludingacquiredinprocesscost": 307000000,
        "royaltyexpense": 16000000,
        "amortizationofintangibleassets": 177000000,
        "impairmentofintangibleassetsexcludinggoodwill": 0,
        "businesscombinationcontingentconsiderationarrangementschangeinamountofcontingentconsiderationliability1": 9000000,
        "restructuringcharges": 3000000,
        "litigationsettlementexpense": 25000000,
        "operatingexpenses": 1547000000,
        "operatingincomeloss": 383000000,
        "interestexpense": 96000000,
        "othernonoperatingincomeexpense": -197000000,
        "incomelossfromcontinuingoperationsbeforeincometaxesextraordinaryitemsnoncontrollinginterest": 91000000,
        "incometaxexpensebenefit": -35000000,
        "earningspersharebasic": 0.09000000000000002,
        "earningspersharediluted": 0.09000000000000002,
        "weightedaveragenumberofsharesoutstandingbasic": 1200000,
        "weightedaveragenumberofdilutedsharesoutstanding": 1200000
    },
    {
        "date": "2019-06-29",
        "symbol": "BSX",
        "period": "Q2",
        "profitloss": 154000000,
        "othercomprehensiveincomelossforeigncurrencytransactionandtranslationadjustmentnetoftax": 1000000,
        "othercomprehensiveincomelosscashflowhedgegainlossafterreclassificationandtax": -9000000,
        "othercomprehensiveincomelosspensionandotherpostretirementbenefitplansadjustmentnetoftax": 0,
        "othercomprehensiveincomelossnetoftax": -9000000,
        "comprehensiveincomenetoftaxincludingportionattributabletononcontrollinginterest": 144000000,
        "revenuefromcontractwithcustomerexcludingassessedtax": 2631000000,
        "costofgoodsandservicessold": 758000000,
        "grossprofit": 1873000000,
        "sellinggeneralandadministrativeexpense": 968000000,
        "researchanddevelopmentexpenseexcludingacquiredinprocesscost": 279000000,
        "royaltyexpense": 16000000,
        "amortizationofintangibleassets": 161000000,
        "impairmentofintangibleassetsexcludinggoodwill": 38000000,
        "businesscombinationcontingentconsiderationarrangementschangeinamountofcontingentconsiderationliability1": 10000000,
        "restructuringcharges": 1000000,
        "litigationsettlementexpense": 15000000,
        "operatingexpenses": 1489000000,
        "operatingincomeloss": 384000000,
        "interestexpense": 89000000,
        "othernonoperatingincomeexpense": -150000000,
        "incomelossfromcontinuingoperationsbeforeincometaxesextraordinaryitemsnoncontrollinginterest": 145000000,
        "incometaxexpensebenefit": -9000000,
        "earningspersharebasic": 0.10999999999999999,
        "earningspersharediluted": 0.10999999999999999,
        "weightedaveragenumberofsharesoutstandingbasic": 1700000,
        "weightedaveragenumberofdilutedsharesoutstanding": 100000
    },
    {
        "date": "2019-03-30",
        "symbol": "BSX",
        "period": "Q1",
        "profitloss": 424000000,
        "othercomprehensiveincomelossforeigncurrencytransactionandtranslationadjustmentnetoftax": 6000000,
        "othercomprehensiveincomelosscashflowhedgegainlossafterreclassificationandtax": 49000000,
        "othercomprehensiveincomelosspensionandotherpostretirementbenefitplansadjustmentnetoftax": 1000000,
        "othercomprehensiveincomelossnetoftax": 54000000,
        "comprehensiveincomenetoftaxincludingportionattributabletononcontrollinginterest": 479000000,
        "revenuefromcontractwithcustomerexcludingassessedtax": 2493000000,
        "costofgoodsandservicessold": 730000000,
        "grossprofit": 1763000000,
        "sellinggeneralandadministrativeexpense": 869000000,
        "researchanddevelopmentexpenseexcludingacquiredinprocesscost": 280000000,
        "royaltyexpense": 16000000,
        "amortizationofintangibleassets": 160000000,
        "impairmentofintangibleassetsexcludinggoodwill": 67000000,
        "businesscombinationcontingentconsiderationarrangementschangeinamountofcontingentconsiderationliability1": -28000000,
        "restructuringcharges": 6000000,
        "litigationsettlementexpense": -148000000,
        "operatingexpenses": 1222000000,
        "operatingincomeloss": 541000000,
        "interestexpense": 109000000,
        "othernonoperatingincomeexpense": 25000000,
        "incomelossfromcontinuingoperationsbeforeincometaxesextraordinaryitemsnoncontrollinginterest": 457000000,
        "incometaxexpensebenefit": 33000000,
        "earningspersharebasic": 0.31,
        "earningspersharediluted": 0.3,
        "weightedaveragenumberofsharesoutstandingbasic": 1387700000,
        "weightedaveragenumberofdilutedsharesoutstanding": 1408400000
    },
    {
        "date": "2018-09-29",
        "symbol": "BSX",
        "period": "Q3",
        "profitloss": 432000000,
        "othercomprehensiveincomelossforeigncurrencytransactionandtranslationadjustmentnetoftax": -7000000,
        "othercomprehensiveincomelossnetoftax": 39000000,
        "comprehensiveincomenetoftaxincludingportionattributabletononcontrollinginterest": 471000000,
        "costofgoodsandservicessold": 673000000,
        "grossprofit": 1721000000,
        "sellinggeneralandadministrativeexpense": 870000000,
        "researchanddevelopmentexpenseexcludingacquiredinprocesscost": 289000000,
        "royaltyexpense": 17000000,
        "amortizationofintangibleassets": 149000000,
        "impairmentofintangibleassetsexcludinggoodwill": 0,
        "businesscombinationcontingentconsiderationarrangementschangeinamountofcontingentconsiderationliability1": -13000000,
        "restructuringcharges": 7000000,
        "operatingexpenses": 1333000000,
        "operatingincomeloss": 388000000,
        "interestexpense": 59000000,
        "othernonoperatingincomeexpense": 127000000,
        "incomelossfromcontinuingoperationsbeforeincometaxesextraordinaryitemsnoncontrollinginterest": 456000000,
        "incometaxexpensebenefit": 24000000,
        "earningspersharebasic": 0.31000000000000005,
        "earningspersharediluted": 0.31000000000000005,
        "weightedaveragenumberofsharesoutstandingbasic": -1377000000,
        "weightedaveragenumberofdilutedsharesoutstanding": -1395900000
    },
    {
        "date": "2018-06-29",
        "symbol": "BSX",
        "period": "Q2",
        "profitloss": 555000000,
        "othercomprehensiveincomelossforeigncurrencytransactionandtranslationadjustmentnetoftax": -45000000,
        "othercomprehensiveincomelosscashflowhedgegainlossafterreclassificationandtax": 158000000,
        "othercomprehensiveincomeunrealizedgainlossonderivativesarisingduringperiodnetoftax": 167000000,
        "othercomprehensiveincomelossnetoftax": 112000000,
        "comprehensiveincomenetoftaxincludingportionattributabletononcontrollinginterest": 668000000,
        "revenuefromcontractwithcustomerexcludingassessedtax": 1096000000,
        "costofgoodsandservicessold": 739000000,
        "grossprofit": 1751000000,
        "sellinggeneralandadministrativeexpense": 886000000,
        "researchanddevelopmentexpenseexcludingacquiredinprocesscost": 275000000,
        "royaltyexpense": 17000000,
        "amortizationofintangibleassets": 147000000,
        "impairmentofintangibleassetsexcludinggoodwill": 34000000,
        "businesscombinationcontingentconsiderationarrangementschangeinamountofcontingentconsiderationliability1": -4000000,
        "restructuringcharges": 2000000,
        "operatingexpenses": 1359000000,
        "operatingincomeloss": 392000000,
        "interestexpense": 57000000,
        "othernonoperatingincomeexpense": 12000000,
        "incomelossfromcontinuingoperationsbeforeincometaxesextraordinaryitemsnoncontrollinginterest": 347000000,
        "incometaxexpensebenefit": -209000000,
        "earningspersharebasic": 0.4,
        "earningspersharediluted": 0.4,
        "weightedaveragenumberofsharesoutstandingbasic": 1380500000,
        "weightedaveragenumberofdilutedsharesoutstanding": 1398900000
    },
    {
        "date": "2018-03-30",
        "symbol": "BSX",
        "period": "Q1",
        "profitloss": 298000000,
        "othercomprehensiveincomelossforeigncurrencytransactionandtranslationadjustmentnetoftax": 10000000,
        "othercomprehensiveincomeunrealizedgainlossonderivativesarisingduringperiodnetoftax": -80000000,
        "othercomprehensiveincomelossnetoftax": -69000000,
        "comprehensiveincomenetoftaxincludingportionattributabletononcontrollinginterest": 228000000,
        "salesrevenuenet": 736000000,
        "costofgoodsandservicessold": 672000000,
        "grossprofit": 1707000000,
        "sellinggeneralandadministrativeexpense": 860000000,
        "researchanddevelopmentexpenseexcludingacquiredinprocesscost": 261000000,
        "royaltyexpense": 18000000,
        "amortizationofintangibleassets": 141000000,
        "impairmentofintangibleassetsexcludinggoodwill": 1000000,
        "restructuringcharges": 12000000,
        "businesscombinationcontingentconsiderationarrangementschangeinamountofcontingentconsiderationliability1": 5000000,
        "operatingexpenses": 1300000000,
        "operatingincomeloss": 407000000,
        "interestexpense": 61000000,
        "othernonoperatingincomeexpense": -23000000,
        "incomelossfromcontinuingoperationsbeforeincometaxesextraordinaryitemsnoncontrollinginterest": 323000000,
        "incometaxexpensebenefit": 26000000,
        "earningspersharebasic": 0.22,
        "earningspersharediluted": 0.21,
        "weightedaveragenumberofsharesoutstandingbasic": 1376500000,
        "weightedaveragenumberofdilutedsharesoutstanding": 1396800000
    },
    {
        "date": "2017-09-29",
        "symbol": "BSX",
        "period": "Q3",
        "profitloss": 283000000,
        "othercomprehensiveincomelossforeigncurrencytransactionandtranslationadjustmentnetoftax": 25000000,
        "othercomprehensiveincomeunrealizedgainlossonderivativesarisingduringperiodnetoftax": -24000000,
        "othercomprehensiveincomelossnetoftax": 2000000,
        "comprehensiveincomenetoftaxincludingportionattributabletononcontrollinginterest": 285000000,
        "salesrevenuenet": 2223000000,
        "costofgoodsandservicessold": 637000000,
        "grossprofit": 1586000000,
        "sellinggeneralandadministrativeexpense": 799000000,
        "researchanddevelopmentexpenseexcludingacquiredinprocesscost": 255000000,
        "royaltyexpense": 16000000,
        "amortizationofintangibleassets": 139000000,
        "restructuringcharges": -2000000,
        "businesscombinationcontingentconsiderationarrangementschangeinamountofcontingentconsiderationliability1": -4000000,
        "litigationsettlementexpense": -12000000,
        "operatingexpenses": 1208000000,
        "operatingincomeloss": 378000000,
        "interestexpense": 57000000,
        "othernonoperatingincomeexpense": -34000000,
        "incomelossfromcontinuingoperationsbeforeincometaxesextraordinaryitemsnoncontrollinginterest": 310000000,
        "incometaxexpensebenefit": 27000000,
        "earningspersharebasic": 0.21000000000000005,
        "earningspersharediluted": 0.20000000000000004,
        "weightedaveragenumberofsharesoutstandingbasic": -1366100000,
        "weightedaveragenumberofdilutedsharesoutstanding": -1389500000
    },
    {
        "date": "2017-06-29",
        "symbol": "BSX",
        "period": "Q2",
        "profitloss": 146000000,
        "othercomprehensiveincomelossforeigncurrencytransactionandtranslationadjustmentnetoftax": 13000000,
        "othercomprehensiveincomeunrealizedgainlossonderivativesarisingduringperiodnetoftax": -21000000,
        "othercomprehensiveincomelossavailableforsalesecuritiesadjustmentnetoftax": 2000000,
        "othercomprehensiveincomelosspensionandotherpostretirementbenefitplansadjustmentnetoftax": 1000000,
        "othercomprehensiveincomelossnetoftax": -7000000,
        "comprehensiveincomenetoftaxincludingportionattributabletononcontrollinginterest": 139000000,
        "salesrevenuenet": 2257000000,
        "costofgoodsandservicessold": 632000000,
        "grossprofit": 1625000000,
        "sellinggeneralandadministrativeexpense": 815000000,
        "researchanddevelopmentexpenseexcludingacquiredinprocesscost": 244000000,
        "royaltyexpense": 17000000,
        "amortizationofintangibleassets": 142000000,
        "restructuringcharges": 1000000,
        "businesscombinationcontingentconsiderationarrangementschangeinamountofcontingentconsiderationliability1": -24000000,
        "litigationsettlementexpense": 205000000,
        "operatingexpenses": 1400000000,
        "operatingincomeloss": 225000000,
        "interestexpense": 58000000,
        "othernonoperatingincomeexpense": -53000000,
        "incomelossfromcontinuingoperationsbeforeincometaxesextraordinaryitemsnoncontrollinginterest": 91000000,
        "incometaxexpensebenefit": -55000000,
        "earningspersharebasic": 0.11,
        "earningspersharediluted": 0.11,
        "weightedaveragenumberofsharesoutstandingbasic": 1369800000,
        "weightedaveragenumberofdilutedsharesoutstanding": 1391100000
    },
    {
        "date": "2017-03-30",
        "symbol": "BSX",
        "period": "Q1",
        "profitloss": 290000000,
        "othercomprehensiveincomelossforeigncurrencytransactionandtranslationadjustmentnetoftax": 8000000,
        "othercomprehensiveincomeunrealizedgainlossonderivativesarisingduringperiodnetoftax": -55000000,
        "othercomprehensiveincomelossnetoftax": -47000000,
        "comprehensiveincomenetoftaxincludingportionattributabletononcontrollinginterest": 243000000,
        "salesrevenuenet": 2160000000,
        "costofgoodsandservicessold": 650000000,
        "grossprofit": 1510000000,
        "sellinggeneralandadministrativeexpense": 794000000,
        "researchanddevelopmentexpenseexcludingacquiredinprocesscost": 235000000,
        "royaltyexpense": 17000000,
        "amortizationofintangibleassets": 143000000,
        "businesscombinationcontingentconsiderationarrangementschangeinamountofcontingentconsiderationliability1": -50000000,
        "restructuringcharges": 4000000,
        "litigationsettlementexpense": 3000000,
        "operatingexpenses": 1146000000,
        "operatingincomeloss": 364000000,
        "interestexpense": 57000000,
        "othernonoperatingincomeexpense": -2000000,
        "incomelossfromcontinuingoperationsbeforeincometaxesextraordinaryitemsnoncontrollinginterest": 305000000,
        "incometaxexpensebenefit": 15000000,
        "earningspersharebasic": 0.21,
        "earningspersharediluted": 0.21,
        "weightedaveragenumberofsharesoutstandingbasic": 1365400000,
        "weightedaveragenumberofdilutedsharesoutstanding": 1390200000
    },
    {
        "date": "2016-09-29",
        "symbol": "BSX",
        "period": "Q3",
        "profitloss": 228000000,
        "othercomprehensiveincomelossforeigncurrencytransactionandtranslationadjustmentnetoftax": 2000000,
        "othercomprehensiveincomeunrealizedgainlossonderivativesarisingduringperiodnetoftax": -31000000,
        "othercomprehensiveincomelossnetoftax": -29000000,
        "comprehensiveincomenetoftaxincludingportionattributabletononcontrollinginterest": 199000000,
        "salesrevenuenet": 2105000000,
        "costofgoodsandservicessold": 594000000,
        "grossprofit": 1511000000,
        "sellinggeneralandadministrativeexpense": 772000000,
        "researchanddevelopmentexpenseexcludingacquiredinprocesscost": 232000000,
        "royaltyexpense": 20000000,
        "amortizationofintangibleassets": 136000000,
        "impairmentofintangibleassetsexcludinggoodwill": 7000000,
        "businesscombinationcontingentconsiderationarrangementschangeinamountofcontingentconsiderationliability1": -13000000,
        "restructuringcharges": 2000000,
        "litigationsettlementexpense": 4000000,
        "operatingexpenses": 1163000000,
        "operatingincomeloss": 348000000,
        "interestexpense": 58000000,
        "othernonoperatingincomeexpense": -33000000,
        "incomelossfromcontinuingoperationsbeforeincometaxesextraordinaryitemsnoncontrollinginterest": 257000000,
        "incometaxexpensebenefit": 29000000,
        "earningspersharebasic": 0.17,
        "earningspersharediluted": 0.17,
        "weightedaveragenumberofsharesoutstandingbasic": 1360600000,
        "weightedaveragenumberofdilutedsharesoutstanding": 1379700000
    },
    {
        "date": "2016-06-29",
        "symbol": "BSX",
        "period": "Q2",
        "profitloss": -207000000,
        "othercomprehensiveincomelossforeigncurrencytransactionandtranslationadjustmentnetoftax": -21000000,
        "othercomprehensiveincomeunrealizedgainlossonderivativesarisingduringperiodnetoftax": -84000000,
        "othercomprehensiveincomelossnetoftax": -105000000,
        "comprehensiveincomenetoftaxincludingportionattributabletononcontrollinginterest": -312000000,
        "salesrevenuenet": 2126000000,
        "costofgoodsandservicessold": 639000000,
        "grossprofit": 1487000000,
        "sellinggeneralandadministrativeexpense": 779000000,
        "researchanddevelopmentexpenseexcludingacquiredinprocesscost": 222000000,
        "royaltyexpense": 20000000,
        "amortizationofintangibleassets": 135000000,
        "businesscombinationcontingentconsiderationarrangementschangeinamountofcontingentconsiderationliability1": 33000000,
        "restructuringcharges": 14000000,
        "litigationsettlementexpense": 618000000,
        "operatingexpenses": 1821000000,
        "operatingincomeloss": -334000000,
        "interestexpense": 59000000,
        "othernonoperatingincomeexpense": -4000000,
        "incomelossfromcontinuingoperationsbeforeincometaxesextraordinaryitemsnoncontrollinginterest": -397000000,
        "incometaxexpensebenefit": -190000000,
        "earningspersharebasic": -0.15,
        "earningspersharediluted": -0.15,
        "weightedaveragenumberofsharesoutstandingbasic": 1357400000,
        "weightedaveragenumberofdilutedsharesoutstanding": 1357400000
    },
    {
        "date": "2016-03-30",
        "symbol": "BSX",
        "period": "Q1",
        "profitloss": 202000000,
        "othercomprehensiveincomelossforeigncurrencytransactionandtranslationadjustmentnetoftax": 16000000,
        "othercomprehensiveincomeunrealizedgainlossonderivativesarisingduringperiodnetoftax": -69000000,
        "othercomprehensiveincomelossnetoftax": -53000000,
        "comprehensiveincomenetoftaxincludingportionattributabletononcontrollinginterest": 149000000,
        "salesrevenuenet": 1964000000,
        "costofgoodsandservicessold": 573000000,
        "grossprofit": 1391000000,
        "sellinggeneralandadministrativeexpense": 716000000,
        "researchanddevelopmentexpenseexcludingacquiredinprocesscost": 210000000,
        "royaltyexpense": 19000000,
        "amortizationofintangibleassets": 136000000,
        "businesscombinationcontingentconsiderationarrangementschangeinamountofcontingentconsiderationliability1": 4000000,
        "restructuringcharges": 1000000,
        "litigationsettlementexpense": 10000000,
        "operatingexpenses": 1098000000,
        "operatingincomeloss": 293000000,
        "interestexpense": 59000000,
        "othernonoperatingincomeexpense": -6000000,
        "incomelossfromcontinuingoperationsbeforeincometaxesextraordinaryitemsnoncontrollinginterest": 228000000,
        "incometaxexpensebenefit": 26000000,
        "earningspersharebasic": 0.15,
        "earningspersharediluted": 0.15,
        "weightedaveragenumberofsharesoutstandingbasic": 1350400000,
        "weightedaveragenumberofdilutedsharesoutstanding": 1369900000
    },
    {
        "date": "2015-09-29",
        "symbol": "BSX",
        "period": "Q3",
        "profitloss": -198000000,
        "othercomprehensiveincomelossforeigncurrencytransactionandtranslationadjustmentnetoftax": -12000000,
        "othercomprehensiveincomeunrealizedgainlossonderivativesarisingduringperiodnetoftax": -27000000,
        "othercomprehensiveincomelosspensionandotherpostretirementbenefitplansadjustmentnetoftax": -16000000,
        "othercomprehensiveincomelossnetoftax": -23000000,
        "comprehensiveincomenetoftaxincludingportionattributabletononcontrollinginterest": -221000000,
        "salesrevenuenet": 1888000000,
        "costofgoodsandservicessold": 539000000,
        "grossprofit": 1349000000,
        "sellinggeneralandadministrativeexpense": 729000000,
        "researchanddevelopmentexpenseexcludingacquiredinprocesscost": 221000000,
        "royaltyexpense": 17000000,
        "amortizationofintangibleassets": 131000000,
        "impairmentofintangibleassetsexcludinggoodwill": 10000000,
        "businesscombinationcontingentconsiderationarrangementschangeinamountofcontingentconsiderationliability1": 40000000,
        "restructuringcharges": 2000000,
        "litigationsettlementexpense": 457000000,
        "pensionterminationcharges": 36000000,
        "operatingexpenses": 1648000000,
        "operatingincomeloss": -299000000,
        "interestexpense": 58000000,
        "othernonoperatingincomeexpense": -10000000,
        "incomelossfromcontinuingoperationsbeforeincometaxesextraordinaryitemsnoncontrollinginterest": -367000000,
        "incometaxexpensebenefit": -169000000,
        "earningspersharebasic": -0.15,
        "earningspersharediluted": -0.15,
        "weightedaveragenumberofsharesoutstandingbasic": 1344000000,
        "weightedaveragenumberofdilutedsharesoutstanding": 1344000000
    },
    {
        "date": "2015-06-29",
        "symbol": "BSX",
        "period": "Q2",
        "profitloss": 102000000,
        "othercomprehensiveincomelossforeigncurrencytransactionandtranslationadjustmentnetoftax": 5000000,
        "othercomprehensiveincomeunrealizedgainlossonderivativesarisingduringperiodnetoftax": -43000000,
        "othercomprehensiveincomelosspensionandotherpostretirementbenefitplansadjustmentnetoftax": 0,
        "othercomprehensiveincomelossnetoftax": -38000000,
        "comprehensiveincomenetoftaxincludingportionattributabletononcontrollinginterest": 64000000,
        "salesrevenuenet": 1843000000,
        "costofgoodsandservicessold": 540000000,
        "grossprofit": 1303000000,
        "sellinggeneralandadministrativeexpense": 699000000,
        "researchanddevelopmentexpenseexcludingacquiredinprocesscost": 220000000,
        "royaltyexpense": 19000000,
        "amortizationofintangibleassets": 116000000,
        "businesscombinationcontingentconsiderationarrangementschangeinamountofcontingentconsiderationliability1": 19000000,
        "restructuringcharges": -5000000,
        "litigationsettlementexpense": -1000000,
        "pensionterminationcharges": 0,
        "operatingexpenses": 1084000000,
        "operatingincomeloss": 219000000,
        "interestexpense": 107000000,
        "othernonoperatingincomeexpense": -7000000,
        "incomelossfromcontinuingoperationsbeforeincometaxesextraordinaryitemsnoncontrollinginterest": 105000000,
        "incometaxexpensebenefit": 3000000,
        "weightedaveragenumberofsharesoutstandingbasic": 3800000,
        "weightedaveragenumberofdilutedsharesoutstanding": 26000000
    },
    {
        "date": "2015-03-30",
        "symbol": "BSX",
        "period": "Q1",
        "profitloss": -1000000,
        "othercomprehensiveincomelossforeigncurrencytransactionandtranslationadjustmentnetoftax": -35000000,
        "othercomprehensiveincomeunrealizedgainlossonderivativesarisingduringperiodnetoftax": 28000000,
        "othercomprehensiveincomelosspensionandotherpostretirementbenefitplansadjustmentnetoftax": -5000000,
        "othercomprehensiveincomelossnetoftax": -2000000,
        "comprehensiveincomenetoftaxincludingportionattributabletononcontrollinginterest": -3000000,
        "salesrevenuenet": 1768000000,
        "costofgoodsandservicessold": 520000000,
        "grossprofit": 1248000000,
        "sellinggeneralandadministrativeexpense": 668000000,
        "researchanddevelopmentexpenseexcludingacquiredinprocesscost": 192000000,
        "royaltyexpense": 17000000,
        "amortizationofintangibleassets": 113000000,
        "businesscombinationcontingentconsiderationarrangementschangeinamountofcontingentconsiderationliability1": 27000000,
        "restructuringcharges": 6000000,
        "litigationsettlementexpense": 193000000,
        "pensionterminationcharges": 8000000,
        "operatingexpenses": 1224000000,
        "operatingincomeloss": 24000000,
        "interestexpense": 60000000,
        "othernonoperatingincomeexpense": -15000000,
        "incomelossfromcontinuingoperationsbeforeincometaxesextraordinaryitemsnoncontrollinginterest": -51000000,
        "incometaxexpensebenefit": -50000000,
        "weightedaveragenumberofsharesoutstandingbasic": 1333700000,
        "weightedaveragenumberofdilutedsharesoutstanding": 1333700000
    },
    {
        "date": "2014-09-29",
        "symbol": "BSX",
        "period": "Q3",
        "profitloss": 43000000,
        "othercomprehensiveincomelossforeigncurrencytransactionandtranslationadjustmentnetoftax": -15000000,
        "othercomprehensiveincomeunrealizedgainlossonderivativesarisingduringperiodnetoftax": 83000000,
        "othercomprehensiveincomelossnetoftax": 68000000,
        "comprehensiveincomenetoftaxincludingportionattributabletononcontrollinginterest": 111000000,
        "salesrevenuenet": 1846000000,
        "costofgoodsandservicessold": 551000000,
        "grossprofit": 1295000000,
        "sellinggeneralandadministrativeexpense": 741000000,
        "researchanddevelopmentexpenseexcludingacquiredinprocesscost": 212000000,
        "royaltyexpense": 21000000,
        "amortizationofintangibleassets": 109000000,
        "impairmentofintangibleassetsexcludinggoodwill": 12000000,
        "restructuringcharges": 2000000,
        "operatingexpenses": 1232000000,
        "operatingincomeloss": 63000000,
        "interestexpense": 53000000,
        "othernonoperatingincomeexpense": -7000000,
        "incomelossfromcontinuingoperationsbeforeincometaxesextraordinaryitemsnoncontrollinginterest": 3000000,
        "incometaxexpensebenefit": -40000000,
        "weightedaveragenumberofsharesoutstandingbasic": 1100000,
        "weightedaveragenumberofdilutedsharesoutstanding": 200000
    },
    {
        "date": "2014-06-29",
        "symbol": "BSX",
        "period": "Q2",
        "profitloss": 4000000,
        "othercomprehensiveincomelossforeigncurrencytransactionandtranslationadjustmentnetoftax": -2000000,
        "othercomprehensiveincomeunrealizedgainlossonderivativesarisingduringperiodnetoftax": -28000000,
        "othercomprehensiveincomelosspensionandotherpostretirementbenefitplansadjustmentnetoftax": 0,
        "othercomprehensiveincomelossnetoftax": -30000000,
        "comprehensiveincomenetoftaxincludingportionattributabletononcontrollinginterest": -26000000,
        "salesrevenuenet": 1873000000,
        "costofgoodsandservicessold": 563000000,
        "grossprofit": 1310000000,
        "sellinggeneralandadministrativeexpense": 743000000,
        "researchanddevelopmentexpenseexcludingacquiredinprocesscost": 206000000,
        "royaltyexpense": 25000000,
        "amortizationofintangibleassets": 109000000,
        "impairmentofintangibleassetsexcludinggoodwill": 110000000,
        "restructuringcharges": 7000000,
        "litigationrelatedchargescredits": 267000000,
        "gainondivestitures": 0,
        "operatingexpenses": 1379000000,
        "operatingincomeloss": -69000000,
        "interestexpense": 54000000,
        "othernonoperatingincomeexpense": 19000000,
        "incomelossfromcontinuingoperationsbeforeincometaxesextraordinaryitemsnoncontrollinginterest": -104000000,
        "incometaxexpensebenefit": -108000000,
        "earningspersharebasic": 0,
        "earningspersharediluted": 0,
        "weightedaveragenumberofsharesoutstandingbasic": 700000,
        "weightedaveragenumberofdilutedsharesoutstanding": -2100000
    },
    {
        "date": "2014-03-30",
        "symbol": "BSX",
        "period": "Q1",
        "profitloss": 133000000,
        "othercomprehensiveincomelossforeigncurrencytransactionandtranslationadjustmentnetoftax": -6000000,
        "othercomprehensiveincomeunrealizedgainlossonderivativesarisingduringperiodnetoftax": -27000000,
        "othercomprehensiveincomelosspensionandotherpostretirementbenefitplansadjustmentnetoftax": 1000000,
        "othercomprehensiveincomelossnetoftax": -34000000,
        "comprehensiveincomenetoftaxincludingportionattributabletononcontrollinginterest": 99000000,
        "salesrevenuenet": 1774000000,
        "costofgoodsandservicessold": 537000000,
        "grossprofit": 1237000000,
        "sellinggeneralandadministrativeexpense": 666000000,
        "researchanddevelopmentexpenseexcludingacquiredinprocesscost": 191000000,
        "royaltyexpense": 40000000,
        "amortizationofintangibleassets": 109000000,
        "impairmentofintangibleassetsexcludinggoodwill": 55000000,
        "othercostandexpenseoperating": -22000000,
        "restructuringcharges": 9000000,
        "litigationrelatedchargescredits": -7000000,
        "gainondivestitures": 12000000,
        "operatingexpenses": 1040000000,
        "operatingincomeloss": 197000000,
        "interestexpense": 54000000,
        "othernonoperatingincomeexpense": 3000000,
        "incomelossfromcontinuingoperationsbeforeincometaxesextraordinaryitemsnoncontrollinginterest": 146000000,
        "incometaxexpensebenefit": 13000000,
        "earningspersharebasic": 0.1,
        "earningspersharediluted": 0.1,
        "weightedaveragenumberofsharesoutstandingbasic": 1321700000,
        "weightedaveragenumberofdilutedsharesoutstanding": 1349200000
    },
    {
        "date": "2013-09-29",
        "symbol": "BSX",
        "period": "Q3",
        "profitloss": -5000000,
        "othercomprehensiveincomelossforeigncurrencytransactionandtranslationadjustmentnetoftax": 11000000,
        "othercomprehensiveincomeunrealizedgainlossonderivativesarisingduringperiodnetoftax": -37000000,
        "othercomprehensiveincomelossnetoftax": -26000000,
        "comprehensiveincomenetoftaxincludingportionattributabletononcontrollinginterest": -31000000,
        "salesrevenuenet": 1735000000,
        "costofgoodsandservicessold": 510000000,
        "grossprofit": 1225000000,
        "sellinggeneralandadministrativeexpense": 658000000,
        "researchanddevelopmentexpenseexcludingacquiredinprocesscost": 217000000,
        "royaltyexpense": 28000000,
        "amortizationofintangibleassets": 101000000,
        "othercostandexpenseoperating": 23000000,
        "restructuringcharges": -47000000,
        "gainondivestitures": 0,
        "operatingexpenses": 1122000000,
        "operatingincomeloss": 103000000,
        "interestexpense": 136000000,
        "othernonoperatingincomeexpense": -7000000,
        "incomelossfromcontinuingoperationsbeforeincometaxesextraordinaryitemsnoncontrollinginterest": -40000000,
        "incometaxexpensebenefit": -35000000,
        "earningspersharebasic": 0,
        "earningspersharediluted": 0,
        "weightedaveragenumberofsharesoutstandingbasic": -2500000,
        "weightedaveragenumberofdilutedsharesoutstanding": -2500000
    },
    {
        "date": "2013-06-29",
        "symbol": "BSX",
        "period": "Q2",
        "profitloss": 130000000,
        "othercomprehensiveincomelossforeigncurrencytransactionandtranslationadjustmentnetoftax": -6000000,
        "othercomprehensiveincomeunrealizedgainlossonderivativesarisingduringperiodnetoftax": 43000000,
        "othercomprehensiveincomelossnetoftax": 37000000,
        "comprehensiveincomenetoftaxincludingportionattributabletononcontrollinginterest": 167000000,
        "salesrevenuenet": 1809000000,
        "costofgoodsandservicessold": 530000000,
        "grossprofit": 1279000000,
        "sellinggeneralandadministrativeexpense": 661000000,
        "researchanddevelopmentexpenseexcludingacquiredinprocesscost": 223000000,
        "royaltyexpense": 46000000,
        "amortizationofintangibleassets": 101000000,
        "goodwillimpairmentloss": 0,
        "othercostandexpenseoperating": -18000000,
        "restructuringcharges": 33000000,
        "litigationrelatedchargescredits": 0,
        "gainondivestitures": 34000000,
        "operatingexpenses": 1058000000,
        "operatingincomeloss": 221000000,
        "interestexpense": 65000000,
        "othernonoperatingincomeexpense": -4000000,
        "incomelossfromcontinuingoperationsbeforeincometaxesextraordinaryitemsnoncontrollinginterest": 152000000,
        "incometaxexpensebenefit": 22000000,
        "earningspersharebasic": 0.09,
        "earningspersharediluted": 0.09,
        "weightedaveragenumberofsharesoutstandingbasic": -4200000,
        "weightedaveragenumberofdilutedsharesoutstanding": -4200000
    },
    {
        "date": "2013-03-30",
        "symbol": "BSX",
        "period": "Q1",
        "profitloss": -354000000,
        "othercomprehensiveincomelossforeigncurrencytransactionandtranslationadjustmentnetoftax": 3000000,
        "othercomprehensiveincomeunrealizedgainlossonderivativesarisingduringperiodnetoftax": 75000000,
        "othercomprehensiveincomelossnetoftax": 78000000,
        "comprehensiveincomenetoftaxincludingportionattributabletononcontrollinginterest": -276000000,
        "salesrevenuenet": 1761000000,
        "costofgoodsandservicessold": 578000000,
        "grossprofit": 1183000000,
        "sellinggeneralandadministrativeexpense": 631000000,
        "researchanddevelopmentexpenseexcludingacquiredinprocesscost": 204000000,
        "royaltyexpense": 41000000,
        "amortizationofintangibleassets": 103000000,
        "goodwillimpairmentloss": 423000000,
        "othercostandexpenseoperating": -23000000,
        "restructuringcharges": -2000000,
        "litigationrelatedchargescredits": 130000000,
        "gainondivestitures": 6000000,
        "operatingexpenses": 1513000000,
        "operatingincomeloss": -330000000,
        "interestexpense": 65000000,
        "othernonoperatingincomeexpense": 1000000,
        "incomelossfromcontinuingoperationsbeforeincometaxesextraordinaryitemsnoncontrollinginterest": -394000000,
        "incometaxexpensebenefit": -40000000,
        "earningspersharebasic": -0.26,
        "earningspersharediluted": -0.26,
        "weightedaveragenumberofsharesoutstandingbasic": 1351900000,
        "weightedaveragenumberofdilutedsharesoutstanding": 1351900000
    },
    {
        "date": "2012-09-29",
        "symbol": "BSX",
        "period": "Q3",
        "profitloss": -664000000,
        "othercomprehensiveincomelossforeigncurrencytransactionandtranslationadjustmentnetoftax": 2000000,
        "othercomprehensiveincomeunrealizedgainlossonderivativesarisingduringperiodnetoftax": -27000000,
        "othercomprehensiveincomelossnetoftax": -25000000,
        "comprehensiveincomenetoftaxincludingportionattributabletononcontrollinginterest": -689000000,
        "salesrevenuenet": 1735000000,
        "costofgoodsandservicessold": 558000000,
        "grossprofit": 1177000000,
        "sellinggeneralandadministrativeexpense": 589000000,
        "researchanddevelopmentexpenseexcludingacquiredinprocesscost": 220000000,
        "royaltyexpense": 29000000,
        "amortizationofintangibleassets": 99000000,
        "goodwillimpairmentloss": 748000000,
        "impairmentofintangibleassetsexcludinggoodwill": 13000000,
        "othercostandexpenseoperating": -20000000,
        "restructuringcharges": 44000000,
        "litigationrelatedchargescredits": 50000000,
        "gainondivestitures": 11000000,
        "operatingexpenses": 1771000000,
        "operatingincomeloss": -594000000,
        "interestexpense": 65000000,
        "othernonoperatingincomeexpense": -4000000,
        "incomelossfromcontinuingoperationsbeforeincometaxesextraordinaryitemsnoncontrollinginterest": -663000000,
        "incometaxexpensebenefit": 1000000,
        "earningspersharebasic": -0.48,
        "earningspersharediluted": -0.48,
        "weightedaveragenumberofsharesoutstandingbasic": 1392500000,
        "weightedaveragenumberofdilutedsharesoutstanding": 1392500000
    },
    {
        "date": "2012-06-29",
        "symbol": "BSX",
        "period": "Q2",
        "profitloss": -3578000000,
        "othercomprehensiveincomeforeigncurrencytransactionandtranslationadjustmentnetoftaxperiodincreasedecrease": -19000000,
        "othercomprehensiveincomeunrealizedgainlossonderivativesarisingduringperiodnetoftax": 11000000,
        "othercomprehensiveincomelossnetoftaxperiodincreasedecrease": -8000000,
        "comprehensiveincomenetoftaxincludingportionattributabletononcontrollinginterest": -3586000000,
        "salesrevenuenet": 1828000000,
        "costofgoodsandservicessold": 578000000,
        "grossprofit": 1250000000,
        "sellinggeneralandadministrativeexpense": 648000000,
        "researchanddevelopmentexpenseexcludingacquiredinprocesscost": 213000000,
        "royaltyexpense": 48000000,
        "amortizationofintangibleassets": 99000000,
        "goodwillimpairmentloss": 3602000000,
        "impairmentofintangibleassetsexcludinggoodwill": 129000000,
        "othercostandexpenseoperating": 1000000,
        "restructuringcharges": 6000000,
        "litigationrelatedchargescredits": 69000000,
        "operatingexpenses": 4837000000,
        "operatingincomeloss": -3587000000,
        "interestexpense": 64000000,
        "othernonoperatingincomeexpense": 33000000,
        "incomelossfromcontinuingoperationsbeforeincometaxesextraordinaryitemsnoncontrollinginterest": -3618000000,
        "incometaxexpensebenefit": -40000000,
        "earningspersharebasic": -2.51,
        "earningspersharediluted": -2.51,
        "weightedaveragenumberofsharesoutstandingbasic": 1423200000,
        "weightedaveragenumberofdilutedsharesoutstanding": 1423200000
    },
    {
        "date": "2012-03-30",
        "symbol": "BSX",
        "period": "Q1",
        "profitloss": 113000000,
        "othercomprehensiveincomeforeigncurrencytransactionandtranslationadjustmentnetoftaxperiodincreasedecrease": 25000000,
        "othercomprehensiveincomeunrealizedgainlossonderivativesarisingduringperiodnetoftax": 34000000,
        "othercomprehensiveincomelossnetoftaxperiodincreasedecrease": 59000000,
        "comprehensiveincomenetoftaxincludingportionattributabletononcontrollinginterest": 172000000,
        "salesrevenuenet": 1866000000,
        "costofgoodsandservicessold": 631000000,
        "grossprofit": 1235000000,
        "sellinggeneralandadministrativeexpense": 659000000,
        "researchanddevelopmentexpenseexcludingacquiredinprocesscost": 215000000,
        "royaltyexpense": 48000000,
        "amortizationofintangibleassets": 97000000,
        "othercostandexpenseoperating": 10000000,
        "restructuringcharges": 11000000,
        "operatingexpenses": 1039000000,
        "operatingincomeloss": 196000000,
        "interestexpense": 69000000,
        "othernonoperatingincomeexpense": -4000000,
        "incomelossfromcontinuingoperationsbeforeincometaxesextraordinaryitemsnoncontrollinginterest": 123000000,
        "incometaxexpensebenefit": 10000000,
        "earningspersharebasic": 0.08,
        "earningspersharediluted": 0.08,
        "weightedaveragenumberofsharesoutstandingbasic": 1445200000,
        "weightedaveragenumberofdilutedsharesoutstanding": 1454100000
    },
    {
        "date": "2011-09-29",
        "symbol": "BSX",
        "period": "Q3",
        "salesrevenuenet": 1874000000,
        "costofgoodsandservicessold": 680000000,
        "grossprofit": 1194000000,
        "sellinggeneralandadministrativeexpense": 629000000,
        "researchanddevelopmentexpenseexcludingacquiredinprocesscost": 230000000,
        "royaltyexpense": 37000000,
        "amortizationofintangibleassets": 97000000,
        "othercostandexpenseoperating": 5000000,
        "restructuringcharges": -8000000,
        "operatingexpenses": 1020000000,
        "operatingincomeloss": 174000000,
        "interestexpense": 62000000,
        "othernonoperatingincomeexpense": -1000000,
        "incometaxexpensebenefit": -31000000,
        "profitloss": 142000000,
        "earningspersharebasic": 0.1,
        "earningspersharediluted": 0.1,
        "weightedaveragenumberofsharesoutstandingbasic": -4400000,
        "weightedaveragenumberofdilutedsharesoutstanding": -4000000
    },
    {
        "date": "2011-06-29",
        "symbol": "BSX",
        "period": "Q2",
        "salesrevenuenet": 1975000000,
        "costofgoodsandservicessold": 688000000,
        "grossprofit": 1287000000,
        "sellinggeneralandadministrativeexpense": 641000000,
        "researchanddevelopmentexpenseexcludingacquiredinprocesscost": 223000000,
        "royaltyexpense": 52000000,
        "amortizationofintangibleassets": 96000000,
        "goodwillimpairmentloss": 0,
        "othercostandexpenseoperating": 7000000,
        "restructuringcharges": -2000000,
        "gainondivestitures": 0,
        "operatingexpenses": 1049000000,
        "operatingincomeloss": 627000000,
        "interestexpense": 73000000,
        "othernonoperatingincomeexpense": -7000000,
        "incometaxexpensebenefit": 12000000,
        "profitloss": 146000000,
        "earningspersharebasic": 0.09,
        "earningspersharediluted": 0.09,
        "weightedaveragenumberofsharesoutstandingbasic": 1000000,
        "weightedaveragenumberofdilutedsharesoutstanding": -300000
    },
    {
        "date": "2011-03-30",
        "symbol": "BSX",
        "period": "Q1",
        "salesrevenuenet": 1925000000,
        "costofgoodsandservicessold": 631000000,
        "grossprofit": 1294000000,
        "sellinggeneralandadministrativeexpense": 596000000,
        "researchanddevelopmentexpenseexcludingacquiredinprocesscost": 212000000,
        "royaltyexpense": 51000000,
        "amortizationofintangibleassets": 132000000,
        "goodwillimpairmentloss": 697000000,
        "othercostandexpenseoperating": 6000000,
        "restructuringcharges": 38000000,
        "gainondivestitures": 760000000,
        "operatingexpenses": 972000000,
        "operatingincomeloss": -67000000,
        "interestexpense": 75000000,
        "othernonoperatingincomeexpense": 26000000,
        "incomelossfromcontinuingoperationsbeforeincometaxesminorityinterestandincomelossfromequitymethodinvestments": 273000000,
        "incometaxexpensebenefit": 227000000,
        "profitloss": 46000000,
        "earningspersharebasic": 0.03,
        "earningspersharediluted": 0.03,
        "weightedaveragenumberofsharesoutstandingbasic": 1526500000,
        "weightedaveragenumberofdilutedsharesoutstanding": 1536300000
    },
    {
        "date": "2010-09-29",
        "symbol": "BSX",
        "period": "Q3",
        "salesrevenuenet": 1916000000,
        "costofgoodsandservicessold": 623000000,
        "grossprofit": 1293000000,
        "sellinggeneralandadministrativeexpense": 635000000,
        "researchanddevelopmentexpenseexcludingacquiredinprocesscost": 229000000,
        "royaltyexpense": 39000000,
        "amortizationofintangibleassets": 129000000,
        "goodwillimpairmentloss": 0,
        "restructuringcharges": -13000000,
        "operatingexpenses": 1042000000,
        "operatingincomeloss": 251000000,
        "interestexpense": 91000000,
        "othernet": 3000000,
        "incomelossfromcontinuingoperationsbeforeincometaxesminorityinterestandincomelossfromequitymethodinvestments": 163000000,
        "incometaxexpensebenefit": -27000000,
        "profitloss": 190000000,
        "earningspersharebasic": 0.12,
        "earningspersharediluted": 0.12,
        "weightedaveragenumberofsharesoutstandingbasic": 1400000,
        "weightedaveragenumberofdilutedsharesoutstanding": 1400000
    },
    {
        "date": "2010-06-29",
        "symbol": "BSX",
        "period": "Q2",
        "salesrevenuenet": 1928000000,
        "costofgoodsandservicessold": 653000000,
        "grossprofit": 1275000000,
        "sellinggeneralandadministrativeexpense": 634000000,
        "researchanddevelopmentexpenseexcludingacquiredinprocesscost": 232000000,
        "royaltyexpense": 57000000,
        "amortizationofintangibleassets": 124000000,
        "goodwillimpairmentloss": -31000000,
        "impairmentofintangibleassetsexcludinggoodwill": 0,
        "acquisitionrelatedmilestone": 0,
        "restructuringcharges": -44000000,
        "operatingexpenses": 1044000000,
        "operatingincomeloss": 231000000,
        "interestexpense": 102000000,
        "othernet": -9000000,
        "incomelossfromcontinuingoperationsbeforeincometaxesminorityinterestandincomelossfromequitymethodinvestments": 120000000,
        "incometaxexpensebenefit": 22000000,
        "profitloss": 98000000,
        "earningspersharebasic": 0.07000000000000006,
        "earningspersharediluted": 0.07000000000000006,
        "weightedaveragenumberofsharesoutstandingbasic": 1100000,
        "weightedaveragenumberofdilutedsharesoutstanding": 1100000
    },
    {
        "date": "2010-03-30",
        "symbol": "BSX",
        "period": "Q1",
        "salesrevenuenet": 1960000000,
        "costofgoodsandservicessold": 663000000,
        "grossprofit": 1297000000,
        "sellinggeneralandadministrativeexpense": 628000000,
        "researchanddevelopmentexpenseexcludingacquiredinprocesscost": 253000000,
        "royaltyexpense": 51000000,
        "amortizationofintangibleassets": 128000000,
        "goodwillimpairmentloss": 1848000000,
        "impairmentofintangibleassetsexcludinggoodwill": 60000000,
        "acquisitionrelatedmilestone": -250000000,
        "restructuringcharges": 65000000,
        "operatingexpenses": 2783000000,
        "operatingincomeloss": -1486000000,
        "interestexpense": 93000000,
        "othernet": 4000000,
        "incomelossfromcontinuingoperationsbeforeincometaxesminorityinterestandincomelossfromequitymethodinvestments": -1575000000,
        "incometaxexpensebenefit": 14000000,
        "profitloss": -1589000000,
        "earningspersharebasic": -1.05,
        "earningspersharediluted": -1.05,
        "weightedaveragenumberofsharesoutstandingbasic": 1514500000,
        "weightedaveragenumberofdilutedsharesoutstanding": 1514500000
    }
]