[
    {
        "date": "2024-09-27",
        "symbol": "KHC",
        "period": "Q3",
        "revenuefromcontractwithcustomerincludingassessedtax": 6383000000,
        "costofgoodsandservicessold": -8354000000,
        "grossprofit": 2186000000,
        "sellinggeneralandadministrativeexpense": 2287000000,
        "operatingincomeloss": -101000000,
        "interestexpense": 230000000,
        "othernonoperatingincomeexpense": 48000000,
        "incomelossfromcontinuingoperationsbeforeincometaxesextraordinaryitemsnoncontrollinginterest": -283000000,
        "incometaxexpensebenefit": -470000000,
        "profitloss": -894000000,
        "netincomelossattributabletononcontrollinginterest": 0,
        "netincomeloss": -290000000,
        "earningspersharebasic": -0.23000000000000004,
        "earningspersharediluted": -0.24000000000000005,
        "othercomprehensiveincomeforeigncurrencytransactionandtranslationgainlossarisingduringperiodnetoftax": 369000000,
        "othercomprehensiveincomelossnetinvestmenthedgegainlossbeforereclassificationaftertax": -128000000,
        "othercomprehensiveincomelossnetinvestmenthedgeexcludedcomponentincreasedecreasebeforeadjustmentsaftertax": 9000000,
        "othercomprehensiveincomelossnetinvestmenthedgegainlossreclassificationaftertax": 9000000,
        "othercomprehensiveincomelosscashflowhedgegainlossbeforereclassificationaftertax": -8000000,
        "othercomprehensiveincomelosscashflowhedgeexcludedcomponentincreasedecreasebeforeadjustmentsaftertax": 6000000,
        "othercomprehensiveincomelosscashflowhedgegainlossreclassificationaftertax": 26000000,
        "othercomprehensiveincomelossreclassificationadjustmentfromaocipensionandotherpostretirementbenefitplansnetoftax": -3000000,
        "othercomprehensiveincomelossnetoftax": 198000000,
        "comprehensiveincomenetoftaxincludingportionattributabletononcontrollinginterest": -92000000,
        "comprehensiveincomenetoftaxattributabletononcontrollinginterest": 7000000,
        "comprehensiveincomenetoftax": -99000000
    },
    {
        "date": "2024-06-28",
        "symbol": "KHC",
        "period": "Q2",
        "revenuefromcontractwithcustomerincludingassessedtax": 6476000000,
        "costofgoodsandservicessold": 4182000000,
        "grossprofit": 2294000000,
        "sellinggeneralandadministrativeexpenseexcludingimpairmentlosses": 918000000,
        "goodwillimpairmentloss": 854000000,
        "sellinggeneralandadministrativeexpense": 1772000000,
        "operatingincomeloss": 522000000,
        "interestexpense": 229000000,
        "othernonoperatingincomeexpense": 55000000,
        "incomelossfromcontinuingoperationsbeforeincometaxesextraordinaryitemsnoncontrollinginterest": 348000000,
        "incometaxexpensebenefit": 248000000,
        "profitloss": 100000000,
        "netincomelossattributabletononcontrollinginterest": -2000000,
        "netincomeloss": 102000000,
        "earningspersharebasic": 0.08,
        "earningspersharediluted": 0.08,
        "othercomprehensiveincomeforeigncurrencytransactionandtranslationgainlossarisingduringperiodnetoftax": -108000000,
        "othercomprehensiveincomelossnetinvestmenthedgegainlossbeforereclassificationaftertax": 29000000,
        "othercomprehensiveincomelossnetinvestmenthedgeexcludedcomponentincreasedecreasebeforeadjustmentsaftertax": 8000000,
        "othercomprehensiveincomelossnetinvestmenthedgegainlossreclassificationaftertax": 9000000,
        "othercomprehensiveincomelosscashflowhedgegainlossbeforereclassificationaftertax": -5000000,
        "othercomprehensiveincomelosscashflowhedgeexcludedcomponentincreasedecreasebeforeadjustmentsaftertax": 1000000,
        "othercomprehensiveincomelosscashflowhedgegainlossreclassificationaftertax": -5000000,
        "gainlossfromcomponentsexcludedfromassessmentoffairvaluehedgeeffectivenessnet": 3000000,
        "othercomprehensiveincomelossreclassificationadjustmentfromaocipensionandotherpostretirementbenefitplansnetoftax": -3000000,
        "othercomprehensiveincomelossnetoftax": -79000000,
        "comprehensiveincomenetoftaxincludingportionattributabletononcontrollinginterest": 21000000,
        "comprehensiveincomenetoftaxattributabletononcontrollinginterest": -12000000,
        "comprehensiveincomenetoftax": 33000000
    },
    {
        "date": "2024-03-29",
        "symbol": "KHC",
        "period": "Q1",
        "revenuefromcontractwithcustomerincludingassessedtax": 6411000000,
        "costofgoodsandservicessold": 4168000000,
        "grossprofit": 2243000000,
        "sellinggeneralandadministrativeexpense": 941000000,
        "operatingincomeloss": 1302000000,
        "interestexpense": 226000000,
        "othernonoperatingincomeexpense": -47000000,
        "incomelossfromcontinuingoperationsbeforeincometaxesextraordinaryitemsnoncontrollinginterest": 1029000000,
        "incometaxexpensebenefit": 225000000,
        "profitloss": 804000000,
        "netincomelossattributabletononcontrollinginterest": 3000000,
        "netincomeloss": 801000000,
        "earningspersharebasic": 0.66,
        "earningspersharediluted": 0.66,
        "othercomprehensiveincomeforeigncurrencytransactionandtranslationgainlossarisingduringperiodnetoftax": -184000000,
        "othercomprehensiveincomelossnetinvestmenthedgegainlossbeforereclassificationaftertax": 74000000,
        "othercomprehensiveincomelossnetinvestmenthedgeexcludedcomponentincreasedecreasebeforeadjustmentsaftertax": 10000000,
        "othercomprehensiveincomelossnetinvestmenthedgegainlossreclassificationaftertax": 9000000,
        "othercomprehensiveincomelosscashflowhedgegainlossbeforereclassificationaftertax": 8000000,
        "othercomprehensiveincomelosscashflowhedgeexcludedcomponentincreasedecreasebeforeadjustmentsaftertax": -2000000,
        "othercomprehensiveincomelosscashflowhedgegainlossreclassificationaftertax": -14000000,
        "othercomprehensiveincomelossreclassificationadjustmentfromaocipensionandotherpostretirementbenefitplansnetoftax": -4000000,
        "othercomprehensiveincomelossnetoftax": -93000000,
        "comprehensiveincomenetoftaxincludingportionattributabletononcontrollinginterest": 711000000,
        "comprehensiveincomenetoftaxattributabletononcontrollinginterest": -25000000,
        "comprehensiveincomenetoftax": 736000000
    },
    {
        "date": "2023-12-29",
        "symbol": "KHC",
        "period": "Q4",
        "revenuefromcontractwithcustomerincludingassessedtax": 19557000000,
        "costofgoodsandservicessold": 13393000000,
        "grossprofit": 2317000000,
        "sellinggeneralandadministrativeexpenseexcludingimpairmentlosses": 1017000000,
        "sellinggeneralandadministrativeexpense": 1017000000,
        "operatingincomeloss": 1300000000,
        "interestexpense": 671000000,
        "othernonoperatingincomeexpense": -69000000,
        "incomelossfromcontinuingoperationsbeforeincometaxesextraordinaryitemsnoncontrollinginterest": 3164000000,
        "incometaxexpensebenefit": 579000000,
        "profitloss": 2585000000,
        "netincomelossattributabletononcontrollinginterest": 0,
        "netincomeloss": 757000000,
        "earningspersharebasic": 0.63,
        "earningspersharediluted": 0.61,
        "othercomprehensiveincomeforeigncurrencytransactionandtranslationgainlossarisingduringperiodnetoftax": 370000000,
        "othercomprehensiveincomelossnetinvestmenthedgegainlossbeforereclassificationaftertax": -136000000,
        "othercomprehensiveincomelossnetinvestmenthedgeexcludedcomponentincreasedecreasebeforeadjustmentsaftertax": 7000000,
        "othercomprehensiveincomelossnetinvestmenthedgegainlossreclassificationaftertax": 6000000,
        "othercomprehensiveincomelosscashflowhedgegainlossbeforereclassificationaftertax": -2000000,
        "othercomprehensiveincomelosscashflowhedgeexcludedcomponentincreasedecreasebeforeadjustmentsaftertax": 6000000,
        "othercomprehensiveincomelosscashflowhedgegainlossreclassificationaftertax": 32000000,
        "othercomprehensiveincomelossreclassificationadjustmentfromaocipensionandotherpostretirementbenefitplansnetoftax": 123000000,
        "othercomprehensiveincomelossnetoftax": 260000000,
        "comprehensiveincomenetoftaxincludingportionattributabletononcontrollinginterest": 1017000000,
        "comprehensiveincomenetoftaxattributabletononcontrollinginterest": 1000000,
        "comprehensiveincomenetoftax": 1016000000
    },
    {
        "date": "2023-09-29",
        "symbol": "KHC",
        "period": "Q3",
        "revenuefromcontractwithcustomerincludingassessedtax": 6570000000,
        "costofgoodsandservicessold": 4335000000,
        "grossprofit": 2235000000,
        "sellinggeneralandadministrativeexpenseexcludingimpairmentlosses": 920000000,
        "goodwillimpairmentloss": 510000000,
        "impairmentofintangibleassetsexcludinggoodwill": 152000000,
        "sellinggeneralandadministrativeexpense": 1582000000,
        "operatingincomeloss": 653000000,
        "interestexpense": 228000000,
        "othernonoperatingincomeexpense": 35000000,
        "incomelossfromcontinuingoperationsbeforeincometaxesextraordinaryitemsnoncontrollinginterest": 460000000,
        "incometaxexpensebenefit": 206000000,
        "profitloss": 254000000,
        "netincomelossattributabletononcontrollinginterest": -8000000,
        "netincomeloss": 262000000,
        "earningspersharebasic": 0.21,
        "earningspersharediluted": 0.21,
        "othercomprehensiveincomeforeigncurrencytransactionandtranslationgainlossarisingduringperiodnetoftax": -355000000,
        "othercomprehensiveincomelossnetinvestmenthedgegainlossbeforereclassificationaftertax": 92000000,
        "othercomprehensiveincomelossnetinvestmenthedgeexcludedcomponentincreasedecreasebeforeadjustmentsaftertax": 7000000,
        "othercomprehensiveincomelossnetinvestmenthedgegainlossreclassificationaftertax": 8000000,
        "othercomprehensiveincomelosscashflowhedgegainlossbeforereclassificationaftertax": 14000000,
        "othercomprehensiveincomelosscashflowhedgeexcludedcomponentincreasedecreasebeforeadjustmentsaftertax": 3000000,
        "othercomprehensiveincomelosscashflowhedgegainlossreclassificationaftertax": -13000000,
        "othercomprehensiveincomelossreclassificationadjustmentfromaocipensionandotherpostretirementbenefitplansnetoftax": -1000000,
        "othercomprehensiveincomelossnetoftax": -235000000,
        "comprehensiveincomenetoftaxincludingportionattributabletononcontrollinginterest": 19000000,
        "comprehensiveincomenetoftaxattributabletononcontrollinginterest": -11000000,
        "comprehensiveincomenetoftax": 30000000
    },
    {
        "date": "2023-06-30",
        "symbol": "KHC",
        "period": "Q2",
        "revenuefromcontractwithcustomerincludingassessedtax": 234000000,
        "costofgoodsandservicessold": -7000000,
        "grossprofit": 2261000000,
        "sellinggeneralandadministrativeexpenseexcludingimpairmentlosses": 885000000,
        "sellinggeneralandadministrativeexpense": 885000000,
        "operatingincomeloss": 1376000000,
        "interestexpense": 7000000,
        "othernonoperatingincomeexpense": 4000000,
        "incomelossfromcontinuingoperationsbeforeincometaxesextraordinaryitemsnoncontrollinginterest": 6000000,
        "incometaxexpensebenefit": 1000000,
        "profitloss": 5000000,
        "netincomelossattributabletononcontrollinginterest": -2000000,
        "netincomeloss": 1000000000,
        "earningspersharebasic": 0.81,
        "earningspersharediluted": 0.81,
        "othercomprehensiveincomeforeigncurrencytransactionandtranslationgainlossarisingduringperiodnetoftax": 175000000,
        "othercomprehensiveincomelossnetinvestmenthedgegainlossbeforereclassificationaftertax": -51000000,
        "othercomprehensiveincomelossnetinvestmenthedgeexcludedcomponentincreasedecreasebeforeadjustmentsaftertax": 8000000,
        "othercomprehensiveincomelossnetinvestmenthedgegainlossreclassificationaftertax": 7000000,
        "othercomprehensiveincomelosscashflowhedgegainlossbeforereclassificationaftertax": 6000000,
        "othercomprehensiveincomelosscashflowhedgeexcludedcomponentincreasedecreasebeforeadjustmentsaftertax": 6000000,
        "othercomprehensiveincomelosscashflowhedgegainlossreclassificationaftertax": 15000000,
        "othercomprehensiveincomelossreclassificationadjustmentfromaocipensionandotherpostretirementbenefitplansnetoftax": -5000000,
        "othercomprehensiveincomelossnetoftax": 117000000,
        "comprehensiveincomenetoftaxincludingportionattributabletononcontrollinginterest": 1115000000,
        "comprehensiveincomenetoftaxattributabletononcontrollinginterest": -2000000,
        "comprehensiveincomenetoftax": 1117000000
    },
    {
        "date": "2023-03-31",
        "symbol": "KHC",
        "period": "Q1",
        "revenuefromcontractwithcustomerincludingassessedtax": 279000000,
        "costofgoodsandservicessold": -7000000,
        "grossprofit": 2113000000,
        "sellinggeneralandadministrativeexpenseexcludingimpairmentlosses": 870000000,
        "sellinggeneralandadministrativeexpense": 870000000,
        "operatingincomeloss": 1243000000,
        "interestexpense": 6000000,
        "othernonoperatingincomeexpense": 3000000,
        "incomelossfromcontinuingoperationsbeforeincometaxesextraordinaryitemsnoncontrollinginterest": 3000000,
        "incometaxexpensebenefit": 1000000,
        "profitloss": 2000000,
        "netincomelossattributabletononcontrollinginterest": 1000000,
        "netincomeloss": 836000000,
        "earningspersharebasic": 0.68,
        "earningspersharediluted": 0.68,
        "othercomprehensiveincomeforeigncurrencytransactionandtranslationgainlossarisingduringperiodnetoftax": 119000000,
        "othercomprehensiveincomelossnetinvestmenthedgegainlossbeforereclassificationaftertax": -24000000,
        "othercomprehensiveincomelossnetinvestmenthedgeexcludedcomponentincreasedecreasebeforeadjustmentsaftertax": 6000000,
        "othercomprehensiveincomelossnetinvestmenthedgegainlossreclassificationaftertax": 6000000,
        "othercomprehensiveincomelosscashflowhedgegainlossbeforereclassificationaftertax": -15000000,
        "othercomprehensiveincomelosscashflowhedgeexcludedcomponentincreasedecreasebeforeadjustmentsaftertax": 4000000,
        "othercomprehensiveincomelosscashflowhedgegainlossreclassificationaftertax": 16000000,
        "othercomprehensiveincomelossreclassificationadjustmentfromaocipensionandotherpostretirementbenefitplansnetoftax": -2000000,
        "othercomprehensiveincomelossnetoftax": 66000000,
        "comprehensiveincomenetoftaxincludingportionattributabletononcontrollinginterest": 903000000,
        "comprehensiveincomenetoftaxattributabletononcontrollinginterest": 5000000,
        "comprehensiveincomenetoftax": 898000000
    },
    {
        "date": "2022-12-30",
        "symbol": "KHC",
        "period": "Q4",
        "revenuefromcontractwithcustomerincludingassessedtax": 4200000000,
        "costofgoodsandservicessold": -2000000,
        "grossprofit": 2364000000,
        "sellinggeneralandadministrativeexpenseexcludingimpairmentlosses": 1138000000,
        "goodwillimpairmentloss": 221000000,
        "sellinggeneralandadministrativeexpense": -2258000000,
        "operatingincomeloss": 1226000000,
        "interestexpense": -15000000,
        "othernonoperatingincomeexpense": -19000000,
        "incomelossfromcontinuingoperationsbeforeincometaxesextraordinaryitemsnoncontrollinginterest": -9000000,
        "incometaxexpensebenefit": -2000000,
        "profitloss": -7000000,
        "netincomeloss": 890000000,
        "earningspersharebasic": 0.7300000000000001,
        "earningspersharediluted": 0.7200000000000001,
        "othercomprehensiveincomeforeigncurrencytransactionandtranslationgainlossarisingduringperiodnetoftax": 586000000,
        "othercomprehensiveincomelossnetinvestmenthedgegainlossbeforereclassificationaftertax": -238000000,
        "othercomprehensiveincomelossnetinvestmenthedgeexcludedcomponentincreasedecreasebeforeadjustmentsaftertax": 6000000,
        "othercomprehensiveincomelossnetinvestmenthedgegainlossreclassificationaftertax": 5000000,
        "othercomprehensiveincomelosscashflowhedgegainlossbeforereclassificationaftertax": 29000000,
        "othercomprehensiveincomelosscashflowhedgeexcludedcomponentincreasedecreasebeforeadjustmentsaftertax": 5000000,
        "othercomprehensiveincomelosscashflowhedgegainlossreclassificationaftertax": 71000000,
        "othercomprehensiveincomelossreclassificationadjustmentfromaocipensionandotherpostretirementbenefitplansnetoftax": 7000000,
        "othercomprehensiveincomelossnetoftax": -987000000,
        "comprehensiveincomenetoftaxincludingportionattributabletononcontrollinginterest": 1080000000,
        "comprehensiveincomenetoftaxattributabletononcontrollinginterest": -4000000,
        "comprehensiveincomenetoftax": 1084000000
    },
    {
        "date": "2022-09-23",
        "symbol": "KHC",
        "period": "Q3",
        "revenuefromcontractwithcustomerincludingassessedtax": 261000000,
        "costofgoodsandservicessold": 1000000,
        "grossprofit": 1843000000,
        "sellinggeneralandadministrativeexpenseexcludingimpairmentlosses": 798000000,
        "goodwillimpairmentloss": 220000000,
        "impairmentofintangibleassetsexcludinggoodwill": 74000000,
        "sellinggeneralandadministrativeexpense": -2000000,
        "operatingincomeloss": 751000000,
        "interestexpense": 1000000,
        "othernonoperatingincomeexpense": -1000000,
        "incomelossfromcontinuingoperationsbeforeincometaxesextraordinaryitemsnoncontrollinginterest": 6000000,
        "incometaxexpensebenefit": 2000000,
        "profitloss": 4000000,
        "netincomelossattributabletononcontrollinginterest": 3000000,
        "netincomeloss": 432000000,
        "earningspersharebasic": 0.35,
        "earningspersharediluted": 0.35,
        "othercomprehensiveincomeforeigncurrencytransactionandtranslationgainlossarisingduringperiodnetoftax": -816000000,
        "othercomprehensiveincomelossnetinvestmenthedgegainlossbeforereclassificationaftertax": 324000000,
        "othercomprehensiveincomelossnetinvestmenthedgeexcludedcomponentincreasedecreasebeforeadjustmentsaftertax": 8000000,
        "othercomprehensiveincomelossnetinvestmenthedgegainlossreclassificationaftertax": 10000000,
        "othercomprehensiveincomelosscashflowhedgegainlossbeforereclassificationaftertax": -29000000,
        "othercomprehensiveincomelosscashflowhedgeexcludedcomponentincreasedecreasebeforeadjustmentsaftertax": 1000000,
        "othercomprehensiveincomelosscashflowhedgegainlossreclassificationaftertax": -48000000,
        "othercomprehensiveincomedefinedbenefitplansnetunamortizedgainlossarisingduringperiodnetoftax": -117000000,
        "othercomprehensiveincomelossreclassificationadjustmentfromaocipensionandotherpostretirementbenefitplansnetoftax": -4000000,
        "othercomprehensiveincomelossnetoftax": -1000000,
        "comprehensiveincomenetoftaxincludingportionattributabletononcontrollinginterest": -160000000,
        "comprehensiveincomenetoftaxattributabletononcontrollinginterest": 2000000,
        "comprehensiveincomenetoftax": -162000000
    },
    {
        "date": "2022-06-24",
        "symbol": "KHC",
        "period": "Q2",
        "revenuefromcontractwithcustomerincludingassessedtax": 236000000,
        "costofgoodsandservicessold": 3000000,
        "grossprofit": 1984000000,
        "sellinggeneralandadministrativeexpenseexcludingimpairmentlosses": 812000000,
        "goodwillimpairmentloss": 14000000,
        "impairmentofintangibleassetsexcludinggoodwill": 395000000,
        "sellinggeneralandadministrativeexpense": 1442000000,
        "operatingincomeloss": 542000000,
        "interestexpense": 8000000,
        "othernonoperatingincomeexpense": 1000000,
        "incomelossfromcontinuingoperationsbeforeincometaxesextraordinaryitemsnoncontrollinginterest": 8000000,
        "incometaxexpensebenefit": 1000000,
        "profitloss": 7000000,
        "netincomeloss": 265000000,
        "earningspersharebasic": 0.22,
        "earningspersharediluted": 0.21,
        "othercomprehensiveincomeforeigncurrencytransactionandtranslationgainlossarisingduringperiodnetoftax": -651000000,
        "othercomprehensiveincomelossnetinvestmenthedgegainlossbeforereclassificationaftertax": 205000000,
        "othercomprehensiveincomelossnetinvestmenthedgeexcludedcomponentincreasedecreasebeforeadjustmentsaftertax": 9000000,
        "othercomprehensiveincomelossnetinvestmenthedgegainlossreclassificationaftertax": 5000000,
        "othercomprehensiveincomelosscashflowhedgegainlossbeforereclassificationaftertax": -38000000,
        "othercomprehensiveincomelosscashflowhedgeexcludedcomponentincreasedecreasebeforeadjustmentsaftertax": 1000000,
        "othercomprehensiveincomelosscashflowhedgegainlossreclassificationaftertax": -27000000,
        "othercomprehensiveincomedefinedbenefitplansnetunamortizedgainlossarisingduringperiodnetoftax": -143000000,
        "othercomprehensiveincomelossreclassificationadjustmentfromaocipensionandotherpostretirementbenefitplansnetoftax": -7000000,
        "othercomprehensiveincomelossnetoftax": -4000000,
        "comprehensiveincomenetoftaxincludingportionattributabletononcontrollinginterest": -337000000,
        "comprehensiveincomenetoftaxattributabletononcontrollinginterest": -4000000,
        "comprehensiveincomenetoftax": -333000000
    },
    {
        "date": "2022-03-25",
        "symbol": "KHC",
        "period": "Q1",
        "revenuefromcontractwithcustomerincludingassessedtax": 289000000,
        "costofgoodsandservicessold": 7000000,
        "grossprofit": 1931000000,
        "sellinggeneralandadministrativeexpenseexcludingimpairmentlosses": 827000000,
        "goodwillimpairmentloss": -11000000,
        "sellinggeneralandadministrativeexpense": 816000000,
        "operatingincomeloss": 1115000000,
        "interestexpense": 7000000,
        "othernonoperatingincomeexpense": 4000000,
        "incomelossfromcontinuingoperationsbeforeincometaxesextraordinaryitemsnoncontrollinginterest": 8000000,
        "incometaxexpensebenefit": 4000000,
        "profitloss": 4000000,
        "netincomelossattributabletononcontrollinginterest": 5000000,
        "netincomeloss": 776000000,
        "earningspersharebasic": 0.63,
        "earningspersharediluted": 0.63,
        "othercomprehensiveincomeforeigncurrencytransactionandtranslationgainlossarisingduringperiodnetoftax": -33000000,
        "othercomprehensiveincomelossnetinvestmenthedgegainlossbeforereclassificationaftertax": 52000000,
        "othercomprehensiveincomelossnetinvestmenthedgeexcludedcomponentincreasedecreasebeforeadjustmentsaftertax": 9000000,
        "othercomprehensiveincomelossnetinvestmenthedgegainlossreclassificationaftertax": 8000000,
        "othercomprehensiveincomelosscashflowhedgegainlossbeforereclassificationaftertax": -34000000,
        "othercomprehensiveincomelosscashflowhedgeexcludedcomponentincreasedecreasebeforeadjustmentsaftertax": 7000000,
        "othercomprehensiveincomelosscashflowhedgegainlossreclassificationaftertax": -22000000,
        "othercomprehensiveincomelossreclassificationadjustmentfromaocipensionandotherpostretirementbenefitplansnetoftax": -4000000,
        "othercomprehensiveincomelossnetoftax": -1000000,
        "comprehensiveincomenetoftaxincludingportionattributabletononcontrollinginterest": 792000000,
        "comprehensiveincomenetoftaxattributabletononcontrollinginterest": 4000000,
        "comprehensiveincomenetoftax": 788000000
    },
    {
        "date": "2021-12-24",
        "symbol": "KHC",
        "period": "Q4",
        "revenuefromcontractwithcustomerincludingassessedtax": 3868000000,
        "costofgoodsandservicessold": 15000000,
        "grossprofit": 2162000000,
        "sellinggeneralandadministrativeexpenseexcludingimpairmentlosses": 891000000,
        "sellinggeneralandadministrativeexpense": 0,
        "operatingincomeloss": -20000000,
        "interestexpense": -15000000,
        "othernonoperatingincomeexpense": 2000000,
        "incomelossfromcontinuingoperationsbeforeincometaxesextraordinaryitemsnoncontrollinginterest": 8000000,
        "incometaxexpensebenefit": 0,
        "profitloss": 8000000,
        "netincomelossattributabletononcontrollinginterest": 2000000,
        "netincomeloss": -257000000,
        "earningspersharebasic": -0.21000000000000016,
        "earningspersharediluted": -0.21000000000000016,
        "othercomprehensiveincomeforeigncurrencytransactionandtranslationgainlossarisingduringperiodnetoftax": -248000000,
        "othercomprehensiveincomelossnetinvestmenthedgegainlossbeforereclassificationaftertax": 117000000,
        "othercomprehensiveincomelossnetinvestmenthedgeexcludedcomponentincreasedecreasebeforeadjustmentsaftertax": 21000000,
        "othercomprehensiveincomelossnetinvestmenthedgegainlossreclassificationaftertax": 20000000,
        "othercomprehensiveincomelosscashflowhedgegainlossbeforereclassificationaftertax": -21000000,
        "othercomprehensiveincomelosscashflowhedgeexcludedcomponentincreasedecreasebeforeadjustmentsaftertax": 6000000,
        "othercomprehensiveincomelosscashflowhedgegainlossreclassificationaftertax": -20000000,
        "othercomprehensiveincomedefinedbenefitplansnetunamortizedgainlossarisingduringperiodnetoftax": 174000000,
        "othercomprehensiveincomelossreclassificationadjustmentfromaocipensionandotherpostretirementbenefitplansnetoftax": -8000000,
        "othercomprehensiveincomelossnetoftax": -102000000,
        "comprehensiveincomenetoftaxincludingportionattributabletononcontrollinginterest": -214000000,
        "comprehensiveincomenetoftaxattributabletononcontrollinginterest": 9000000,
        "comprehensiveincomenetoftax": -223000000
    },
    {
        "date": "2021-09-24",
        "symbol": "KHC",
        "period": "Q3",
        "revenuefromcontractwithcustomerincludingassessedtax": 208000000,
        "costofgoodsandservicessold": 14000000,
        "grossprofit": 2028000000,
        "sellinggeneralandadministrativeexpenseexcludingimpairmentlosses": 872000000,
        "goodwillimpairmentloss": 0,
        "sellinggeneralandadministrativeexpense": -1112000000,
        "operatingincomeloss": 1156000000,
        "interestexpense": 6000000,
        "othernonoperatingincomeexpense": 3000000,
        "incomelossfromcontinuingoperationsbeforeincometaxesextraordinaryitemsnoncontrollinginterest": 8000000,
        "incometaxexpensebenefit": 3000000,
        "profitloss": 5000000,
        "netincomelossattributabletononcontrollinginterest": 3000000,
        "netincomeloss": 733000000,
        "earningspersharebasic": 0.6000000000000001,
        "earningspersharediluted": 0.5900000000000001,
        "othercomprehensiveincomeforeigncurrencytransactionandtranslationgainlossarisingduringperiodnetoftax": -237000000,
        "othercomprehensiveincomelossnetinvestmenthedgegainlossbeforereclassificationaftertax": 96000000,
        "othercomprehensiveincomelossnetinvestmenthedgeexcludedcomponentincreasedecreasebeforeadjustmentsaftertax": 4000000,
        "othercomprehensiveincomelossnetinvestmenthedgegainlossreclassificationaftertax": 3000000,
        "othercomprehensiveincomelosscashflowhedgegainlossbeforereclassificationaftertax": -6000000,
        "othercomprehensiveincomelosscashflowhedgeexcludedcomponentincreasedecreasebeforeadjustmentsaftertax": 7000000,
        "othercomprehensiveincomelosscashflowhedgegainlossreclassificationaftertax": -22000000,
        "othercomprehensiveincomedefinedbenefitplansnetunamortizedgainlossarisingduringperiodnetoftax": -15000000,
        "othercomprehensiveincomelossreclassificationadjustmentfromaocipensionandotherpostretirementbenefitplansnetoftax": -5000000,
        "othercomprehensiveincomelossnetoftax": -68000000,
        "comprehensiveincomenetoftaxincludingportionattributabletononcontrollinginterest": 599000000,
        "comprehensiveincomenetoftaxattributabletononcontrollinginterest": 4000000,
        "comprehensiveincomenetoftax": 595000000
    },
    {
        "date": "2021-06-25",
        "symbol": "KHC",
        "period": "Q2",
        "revenuefromcontractwithcustomerincludingassessedtax": 6615000000,
        "costofgoodsandservicessold": 4324000000,
        "grossprofit": 2291000000,
        "sellinggeneralandadministrativeexpenseexcludingimpairmentlosses": 943000000,
        "goodwillimpairmentloss": 35000000,
        "impairmentofintangibleassetsexcludinggoodwill": 78000000,
        "sellinggeneralandadministrativeexpense": 1056000000,
        "operatingincomeloss": 1235000000,
        "interestexpense": 613000000,
        "othernonoperatingincomeexpense": 23000000,
        "incomelossfromcontinuingoperationsbeforeincometaxesextraordinaryitemsnoncontrollinginterest": 645000000,
        "incometaxexpensebenefit": 670000000,
        "profitloss": -25000000,
        "netincomelossattributabletononcontrollinginterest": 2000000,
        "netincomeloss": -27000000,
        "earningspersharebasic": -0.02,
        "earningspersharediluted": -0.02,
        "othercomprehensiveincomeforeigncurrencytransactionandtranslationgainlossarisingduringperiodnetoftax": 190000000,
        "othercomprehensiveincomelossnetinvestmenthedgegainlossbeforereclassificationaftertax": -49000000,
        "othercomprehensiveincomelossnetinvestmenthedgeexcludedcomponentincreasedecreasebeforeadjustmentsaftertax": 5000000,
        "othercomprehensiveincomelossnetinvestmenthedgegainlossreclassificationaftertax": 3000000,
        "othercomprehensiveincomelosscashflowhedgegainlossbeforereclassificationaftertax": -35000000,
        "othercomprehensiveincomelosscashflowhedgeexcludedcomponentincreasedecreasebeforeadjustmentsaftertax": 7000000,
        "othercomprehensiveincomelosscashflowhedgegainlossreclassificationaftertax": 1000000,
        "othercomprehensiveincomedefinedbenefitplansnetunamortizedgainlossarisingduringperiodnetoftax": 71000000,
        "othercomprehensiveincomelossreclassificationadjustmentfromaocipensionandotherpostretirementbenefitplansnetoftax": -7000000,
        "othercomprehensiveincomelossnetoftax": 178000000,
        "comprehensiveincomenetoftaxincludingportionattributabletononcontrollinginterest": 153000000,
        "comprehensiveincomenetoftaxattributabletononcontrollinginterest": 2000000,
        "comprehensiveincomenetoftax": 151000000
    },
    {
        "date": "2021-03-26",
        "symbol": "KHC",
        "period": "Q1",
        "revenuefromcontractwithcustomerincludingassessedtax": 6394000000,
        "costofgoodsandservicessold": 4193000000,
        "grossprofit": 2201000000,
        "sellinggeneralandadministrativeexpenseexcludingimpairmentlosses": 882000000,
        "goodwillimpairmentloss": 230000000,
        "sellinggeneralandadministrativeexpense": 1112000000,
        "operatingincomeloss": 1089000000,
        "interestexpense": 415000000,
        "othernonoperatingincomeexpense": 30000000,
        "incomelossfromcontinuingoperationsbeforeincometaxesextraordinaryitemsnoncontrollinginterest": 704000000,
        "incometaxexpensebenefit": 136000000,
        "profitloss": 568000000,
        "netincomelossattributabletononcontrollinginterest": 5000000,
        "netincomeloss": 563000000,
        "earningspersharebasic": 0.46,
        "earningspersharediluted": 0.46,
        "othercomprehensiveincomeforeigncurrencytransactionandtranslationgainlossarisingduringperiodnetoftax": 59000000,
        "othercomprehensiveincomelossnetinvestmenthedgegainlossbeforereclassificationaftertax": 5000000,
        "othercomprehensiveincomelossnetinvestmenthedgeexcludedcomponentincreasedecreasebeforeadjustmentsaftertax": 5000000,
        "othercomprehensiveincomelossnetinvestmenthedgegainlossreclassificationaftertax": 3000000,
        "othercomprehensiveincomelosscashflowhedgegainlossbeforereclassificationaftertax": -29000000,
        "othercomprehensiveincomelosscashflowhedgeexcludedcomponentincreasedecreasebeforeadjustmentsaftertax": 7000000,
        "othercomprehensiveincomelosscashflowhedgegainlossreclassificationaftertax": -27000000,
        "othercomprehensiveincomedefinedbenefitplansnetunamortizedgainlossarisingduringperiodnetoftax": 2000000,
        "othercomprehensiveincomelossreclassificationadjustmentfromaocipensionandotherpostretirementbenefitplansnetoftax": -6000000,
        "othercomprehensiveincomelossnetoftax": 67000000,
        "comprehensiveincomenetoftaxincludingportionattributabletononcontrollinginterest": 635000000,
        "comprehensiveincomenetoftaxattributabletononcontrollinginterest": 3000000,
        "comprehensiveincomenetoftax": 632000000
    },
    {
        "date": "2020-12-25",
        "symbol": "KHC",
        "period": "Q4",
        "revenuefromcontractwithcustomerincludingassessedtax": 6939000000,
        "costofgoodsandservicessold": 4416000000,
        "grossprofit": 2523000000,
        "sellinggeneralandadministrativeexpenseexcludingimpairmentlosses": 973000000,
        "goodwillimpairmentloss": 0,
        "sellinggeneralandadministrativeexpense": 973000000,
        "operatingincomeloss": 1550000000,
        "interestexpense": 328000000,
        "othernonoperatingincomeexpense": 64000000,
        "incomelossfromcontinuingoperationsbeforeincometaxesextraordinaryitemsnoncontrollinginterest": 1286000000,
        "incometaxexpensebenefit": 252000000,
        "profitloss": 1034000000,
        "netincomelossattributabletononcontrollinginterest": 2000000,
        "netincomeloss": 1032000000,
        "earningspersharebasic": 0.8399999999999999,
        "earningspersharediluted": 0.8399999999999999,
        "othercomprehensiveincomeforeigncurrencytransactionandtranslationgainlossarisingduringperiodnetoftax": 642000000,
        "othercomprehensiveincomelossnetinvestmenthedgeexcludedcomponentincreasedecreasebeforeadjustmentsaftertax": 5000000,
        "othercomprehensiveincomelossnetinvestmenthedgegainlossreclassificationaftertax": 3000000,
        "othercomprehensiveincomelosscashflowhedgegainlossbeforereclassificationaftertax": -9000000,
        "othercomprehensiveincomelosscashflowhedgeexcludedcomponentincreasedecreasebeforeadjustmentsaftertax": 6000000,
        "othercomprehensiveincomelosscashflowhedgegainlossreclassificationaftertax": 26000000,
        "othercomprehensiveincomelossreclassificationadjustmentfromaocipensionandotherpostretirementbenefitplansnetoftax": -40000000,
        "othercomprehensiveincomelossnetoftax": 300000000,
        "comprehensiveincomenetoftaxincludingportionattributabletononcontrollinginterest": 1334000000,
        "comprehensiveincomenetoftaxattributabletononcontrollinginterest": 11000000,
        "comprehensiveincomenetoftax": 1323000000
    },
    {
        "date": "2020-09-25",
        "symbol": "KHC",
        "period": "Q3",
        "revenuefromcontractwithcustomerincludingassessedtax": 6441000000,
        "costofgoodsandservicessold": 4097000000,
        "grossprofit": 2344000000,
        "sellinggeneralandadministrativeexpenseexcludingimpairmentlosses": 897000000,
        "goodwillimpairmentloss": 300000000,
        "sellinggeneralandadministrativeexpense": 1197000000,
        "operatingincomeloss": 1147000000,
        "interestexpense": 314000000,
        "othernonoperatingincomeexpense": 73000000,
        "incomelossfromcontinuingoperationsbeforeincometaxesextraordinaryitemsnoncontrollinginterest": 906000000,
        "incometaxexpensebenefit": 308000000,
        "profitloss": 598000000,
        "netincomelossattributabletononcontrollinginterest": 1000000,
        "netincomeloss": 597000000,
        "earningspersharebasic": 0.49000000000000005,
        "earningspersharediluted": 0.49000000000000005,
        "othercomprehensiveincomeforeigncurrencytransactionandtranslationgainlossarisingduringperiodnetoftax": 289000000,
        "othercomprehensiveincomenetinvestmenthedgegainlossbeforereclassificationaftertax": -200000000,
        "othercomprehensiveincomelossnetinvestmenthedgeexcludedcomponentincreasedecreasebeforeadjustmentsaftertax": 5000000,
        "othercomprehensiveincomelossnetinvestmenthedgegainlossreclassificationaftertax": 3000000,
        "othercomprehensiveincomelosscashflowhedgegainlossbeforereclassificationaftertax": 17000000,
        "othercomprehensiveincomelosscashflowhedgeexcludedcomponentincreasedecreasebeforeadjustmentsaftertax": 6000000,
        "othercomprehensiveincomelosscashflowhedgegainlossreclassificationaftertax": 29000000,
        "othercomprehensiveincomelossreclassificationadjustmentfromaocipensionandotherpostretirementbenefitplansnetoftax": -29000000,
        "othercomprehensiveincomelossnetoftax": 34000000,
        "comprehensiveincomenetoftaxincludingportionattributabletononcontrollinginterest": 632000000,
        "comprehensiveincomenetoftaxattributabletononcontrollinginterest": -3000000,
        "comprehensiveincomenetoftax": 635000000
    },
    {
        "date": "2020-06-26",
        "symbol": "KHC",
        "period": "Q2",
        "revenuefromcontractwithcustomerincludingassessedtax": 6648000000,
        "costofgoodsandservicessold": 4196000000,
        "grossprofit": 2452000000,
        "sellinggeneralandadministrativeexpenseexcludingimpairmentlosses": 918000000,
        "goodwillimpairmentloss": 1817000000,
        "impairmentofintangibleassetsexcludinggoodwill": 1056000000,
        "sellinggeneralandadministrativeexpense": 3791000000,
        "operatingincomeloss": -1339000000,
        "interestexpense": 442000000,
        "othernonoperatingincomeexpense": 78000000,
        "incomelossfromcontinuingoperationsbeforeincometaxesextraordinaryitemsnoncontrollinginterest": -1703000000,
        "incometaxexpensebenefit": -51000000,
        "profitloss": -1652000000,
        "netincomelossattributabletononcontrollinginterest": -1000000,
        "netincomeloss": -1651000000,
        "earningspersharebasic": -1.35,
        "earningspersharediluted": -1.35,
        "othercomprehensiveincomeforeigncurrencytransactionandtranslationgainlossarisingduringperiodnetoftax": 186000000,
        "othercomprehensiveincomenetinvestmenthedgegainlossbeforereclassificationaftertax": -17000000,
        "othercomprehensiveincomelossnetinvestmenthedgeexcludedcomponentincreasedecreasebeforeadjustmentsaftertax": 11000000,
        "othercomprehensiveincomelossnetinvestmenthedgegainlossreclassificationaftertax": 5000000,
        "othercomprehensiveincomelosscashflowhedgegainlossbeforereclassificationaftertax": 35000000,
        "othercomprehensiveincomelosscashflowhedgeexcludedcomponentincreasedecreasebeforeadjustmentsaftertax": 7000000,
        "othercomprehensiveincomelosscashflowhedgegainlossreclassificationaftertax": 51000000,
        "othercomprehensiveincomelossreclassificationadjustmentfromaocipensionandotherpostretirementbenefitplansnetoftax": -24000000,
        "othercomprehensiveincomelossnetoftax": 142000000,
        "comprehensiveincomenetoftaxincludingportionattributabletononcontrollinginterest": -1510000000,
        "comprehensiveincomenetoftaxattributabletononcontrollinginterest": 11000000,
        "comprehensiveincomenetoftax": -1521000000
    },
    {
        "date": "2020-03-27",
        "symbol": "KHC",
        "period": "Q1",
        "revenuefromcontractwithcustomerincludingassessedtax": 6157000000,
        "costofgoodsandservicessold": 4299000000,
        "grossprofit": 1858000000,
        "sellinggeneralandadministrativeexpenseexcludingimpairmentlosses": 862000000,
        "goodwillimpairmentloss": 226000000,
        "sellinggeneralandadministrativeexpense": 1088000000,
        "operatingincomeloss": 770000000,
        "interestexpense": 310000000,
        "othernonoperatingincomeexpense": 81000000,
        "incomelossfromcontinuingoperationsbeforeincometaxesextraordinaryitemsnoncontrollinginterest": 541000000,
        "incometaxexpensebenefit": 160000000,
        "profitloss": 381000000,
        "netincomelossattributabletononcontrollinginterest": 3000000,
        "netincomeloss": 378000000,
        "earningspersharebasic": 0.31,
        "earningspersharediluted": 0.31,
        "othercomprehensiveincomeforeigncurrencytransactionandtranslationgainlossarisingduringperiodnetoftax": -790000000,
        "othercomprehensiveincomenetinvestmenthedgegainlossbeforereclassificationaftertax": 166000000,
        "othercomprehensiveincomelossnetinvestmenthedgeexcludedcomponentincreasedecreasebeforeadjustmentsaftertax": 5000000,
        "othercomprehensiveincomelossnetinvestmenthedgegainlossreclassificationaftertax": 6000000,
        "othercomprehensiveincomelosscashflowhedgegainlossbeforereclassificationaftertax": 101000000,
        "othercomprehensiveincomelosscashflowhedgeexcludedcomponentincreasedecreasebeforeadjustmentsaftertax": 5000000,
        "othercomprehensiveincomelosscashflowhedgegainlossreclassificationaftertax": 10000000,
        "othercomprehensiveincomelossreclassificationadjustmentfromaocipensionandotherpostretirementbenefitplansnetoftax": -25000000,
        "othercomprehensiveincomelossnetoftax": -554000000,
        "comprehensiveincomenetoftaxincludingportionattributabletononcontrollinginterest": -173000000,
        "comprehensiveincomenetoftaxattributabletononcontrollinginterest": -11000000,
        "comprehensiveincomenetoftax": -162000000
    },
    {
        "date": "2019-12-27",
        "symbol": "KHC",
        "period": "Q4",
        "profitloss": 183000000,
        "othercomprehensiveincomeforeigncurrencytransactionandtranslationgainlossarisingduringperiodnetoftax": 503000000,
        "othercomprehensiveincomenetinvestmenthedgegainlossbeforereclassificationaftertax": -146000000,
        "othercomprehensiveincomelossnetinvestmenthedgeexcludedcomponentincreasedecreasebeforeadjustmentsaftertax": 6000000,
        "othercomprehensiveincomelossnetinvestmenthedgegainlossreclassificationaftertax": 6000000,
        "othercomprehensiveincomelosscashflowhedgegainlossbeforereclassificationaftertax": -34000000,
        "othercomprehensiveincomelosscashflowhedgeexcludedcomponentincreasedecreasebeforeadjustmentsaftertax": 8000000,
        "othercomprehensiveincomelosscashflowhedgegainlossreclassificationaftertax": -14000000,
        "othercomprehensiveincomelossreclassificationadjustmentfromaocipensionandotherpostretirementbenefitplansnetoftax": -58000000,
        "othercomprehensiveincomelossnetoftax": 232000000,
        "comprehensiveincomenetoftaxincludingportionattributabletononcontrollinginterest": 415000000,
        "comprehensiveincomenetoftaxattributabletononcontrollinginterest": -7000000,
        "comprehensiveincomenetoftax": 422000000,
        "revenuefromcontractwithcustomerincludingassessedtax": 6536000000,
        "costofgoodsandservicessold": 4429000000,
        "grossprofit": 2107000000,
        "sellinggeneralandadministrativeexpenseexcludingimpairmentlosses": 837000000,
        "goodwillimpairmentloss": 335000000,
        "sellinggeneralandadministrativeexpense": 1513000000,
        "operatingincomeloss": 594000000,
        "interestexpense": 326000000,
        "othernonoperatingincomeexpense": 59000000,
        "incomelossfromcontinuingoperationsbeforeincometaxesextraordinaryitemsnoncontrollinginterest": 327000000,
        "incometaxexpensebenefit": 144000000,
        "netincomelossattributabletononcontrollinginterest": 1000000,
        "netincomeloss": 182000000,
        "earningspersharebasic": 0.15000000000000008,
        "earningspersharediluted": 0.14000000000000007
    },
    {
        "date": "2019-09-27",
        "symbol": "KHC",
        "period": "Q3",
        "profitloss": 898000000,
        "othercomprehensiveincomeforeigncurrencytransactionandtranslationgainlossarisingduringperiodnetoftax": -407000000,
        "othercomprehensiveincomenetinvestmenthedgegainlossbeforereclassificationaftertax": 151000000,
        "othercomprehensiveincomelossnetinvestmenthedgeexcludedcomponentincreasedecreasebeforeadjustmentsaftertax": 6000000,
        "othercomprehensiveincomelossnetinvestmenthedgegainlossreclassificationaftertax": 6000000,
        "othercomprehensiveincomelosscashflowhedgegainlossbeforereclassificationaftertax": 50000000,
        "othercomprehensiveincomelosscashflowhedgeexcludedcomponentincreasedecreasebeforeadjustmentsaftertax": 8000000,
        "othercomprehensiveincomelosscashflowhedgegainlossreclassificationaftertax": 50000000,
        "othercomprehensiveincomedefinedbenefitplansnetunamortizedgainlossarisingduringperiodnetoftax": -9000000,
        "othercomprehensiveincomelossreclassificationadjustmentfromaocipensionandotherpostretirementbenefitplansnetoftax": -59000000,
        "othercomprehensiveincomelossnetoftax": -316000000,
        "comprehensiveincomenetoftaxincludingportionattributabletononcontrollinginterest": 582000000,
        "comprehensiveincomenetoftaxattributabletononcontrollinginterest": 2000000,
        "comprehensiveincomenetoftax": 580000000,
        "revenuefromcontractwithcustomerincludingassessedtax": 6076000000,
        "costofgoodsandservicessold": 4129000000,
        "grossprofit": 1947000000,
        "sellinggeneralandadministrativeexpenseexcludingimpairmentlosses": 762000000,
        "goodwillimpairmentloss": 118000000,
        "definiteandindefinitelivedintangibleassetimpairment": 5000000,
        "sellinggeneralandadministrativeexpense": 767000000,
        "operatingincomeloss": 1180000000,
        "interestexpense": 398000000,
        "othernonoperatingincomeexpense": 380000000,
        "incomelossfromcontinuingoperationsbeforeincometaxesextraordinaryitemsnoncontrollinginterest": 1162000000,
        "incometaxexpensebenefit": 264000000,
        "netincomelossattributabletononcontrollinginterest": -1000000,
        "netincomeloss": 899000000,
        "earningspersharebasic": 0.74,
        "earningspersharediluted": 0.74
    },
    {
        "date": "2019-06-28",
        "symbol": "KHC",
        "period": "Q2",
        "profitloss": 448000000,
        "othercomprehensiveincomeforeigncurrencytransactionandtranslationgainlossarisingduringperiodnetoftax": -69000000,
        "othercomprehensiveincomenetinvestmenthedgegainlossbeforereclassificationaftertax": 10000000,
        "othercomprehensiveincomelossnetinvestmenthedgeexcludedcomponentincreasedecreasebeforeadjustmentsaftertax": 6000000,
        "othercomprehensiveincomelossnetinvestmenthedgegainlossreclassificationaftertax": 6000000,
        "othercomprehensiveincomelosscashflowhedgegainlossbeforereclassificationaftertax": -10000000,
        "othercomprehensiveincomelosscashflowhedgeexcludedcomponentincreasedecreasebeforeadjustmentsaftertax": 7000000,
        "othercomprehensiveincomelosscashflowhedgegainlossreclassificationaftertax": -3000000,
        "othercomprehensiveincomedefinedbenefitplansnetunamortizedgainlossarisingduringperiodnetoftax": -5000000,
        "othercomprehensiveincomelossreclassificationadjustmentfromaocipensionandotherpostretirementbenefitplansnetoftax": -59000000,
        "othercomprehensiveincomelossnetoftax": -123000000,
        "comprehensiveincomenetoftaxincludingportionattributabletononcontrollinginterest": 325000000,
        "comprehensiveincomenetoftaxattributabletononcontrollinginterest": -1000000,
        "comprehensiveincomenetoftax": 326000000,
        "revenuefromcontractwithcustomerincludingassessedtax": 6406000000,
        "costofgoodsandservicessold": 4324000000,
        "grossprofit": 2082000000,
        "sellinggeneralandadministrativeexpenseexcludingimpairmentlosses": 750000000,
        "goodwillimpairmentloss": 124000000,
        "definiteandindefinitelivedintangibleassetimpairment": 474000000,
        "sellinggeneralandadministrativeexpense": 1348000000,
        "operatingincomeloss": 734000000,
        "interestexpense": 316000000,
        "othernonoperatingincomeexpense": 133000000,
        "incomelossfromcontinuingoperationsbeforeincometaxesextraordinaryitemsnoncontrollinginterest": 551000000,
        "incometaxexpensebenefit": 103000000,
        "netincomelossattributabletononcontrollinginterest": -1000000,
        "netincomeloss": 449000000,
        "earningspersharebasic": 0.37,
        "earningspersharediluted": 0.37
    },
    {
        "date": "2019-03-29",
        "symbol": "KHC",
        "period": "Q1",
        "profitloss": 404000000,
        "othercomprehensiveincomeforeigncurrencytransactionandtranslationgainlossarisingduringperiodnetoftax": 219000000,
        "othercomprehensiveincomenetinvestmenthedgegainlossbeforereclassificationaftertax": -14000000,
        "othercomprehensiveincomelossnetinvestmenthedgeexcludedcomponentincreasedecreasebeforeadjustmentsaftertax": 4000000,
        "othercomprehensiveincomelossnetinvestmenthedgegainlossreclassificationaftertax": -2000000,
        "othercomprehensiveincomelosscashflowhedgegainlossbeforereclassificationaftertax": -16000000,
        "othercomprehensiveincomelosscashflowhedgeexcludedcomponentincreasedecreasebeforeadjustmentsaftertax": 6000000,
        "othercomprehensiveincomelosscashflowhedgegainlossreclassificationaftertax": 8000000,
        "othercomprehensiveincomelossreclassificationadjustmentfromaocipensionandotherpostretirementbenefitplansnetoftax": -58000000,
        "othercomprehensiveincomelossnetoftax": 135000000,
        "comprehensiveincomenetoftaxincludingportionattributabletononcontrollinginterest": 539000000,
        "comprehensiveincomenetoftaxattributabletononcontrollinginterest": 11000000,
        "comprehensiveincomenetoftax": 528000000,
        "revenuefromcontractwithcustomerincludingassessedtax": 5959000000,
        "costofgoodsandservicessold": 3948000000,
        "grossprofit": 2011000000,
        "sellinggeneralandadministrativeexpenseexcludingimpairmentlosses": 829000000,
        "goodwillimpairmentloss": 620000000,
        "sellinggeneralandadministrativeexpense": 1449000000,
        "operatingincomeloss": 562000000,
        "interestexpense": 321000000,
        "othernonoperatingincomeexpense": 380000000,
        "incomelossfromcontinuingoperationsbeforeincometaxesextraordinaryitemsnoncontrollinginterest": 621000000,
        "incometaxexpensebenefit": 217000000,
        "netincomelossattributabletononcontrollinginterest": -1000000,
        "netincomeloss": 405000000,
        "earningspersharebasic": 0.33,
        "earningspersharediluted": 0.33
    },
    {
        "date": "2018-12-28",
        "symbol": "KHC",
        "period": "Q4",
        "profitloss": -12628000000,
        "othercomprehensiveincomeforeigncurrencytransactionandtranslationgainlossarisingduringperiodnetoftax": -378000000,
        "othercomprehensiveincomenetinvestmenthedgegainlossbeforereclassificationaftertax": 126000000,
        "othercomprehensiveincomelossnetinvestmenthedgeexcludedcomponentincreasedecreasebeforeadjustmentsaftertax": 4000000,
        "othercomprehensiveincomelossnetinvestmenthedgegainlossreclassificationaftertax": 5000000,
        "othercomprehensiveincomelosscashflowhedgegainlossbeforereclassificationaftertax": 59000000,
        "othercomprehensiveincomelosscashflowhedgeexcludedcomponentincreasedecreasebeforeadjustmentsaftertax": 2000000,
        "othercomprehensiveincomelosscashflowhedgegainlossreclassificationaftertax": 34000000,
        "othercomprehensiveincomedefinedbenefitplansnetunamortizedgainlossarisingduringperiodnetoftax": -12000000,
        "othercomprehensiveincomedefinedbenefitplannetpriorservicecostscreditarisingduringperiodnetoftax": -3000000,
        "othercomprehensiveincomelossreclassificationadjustmentfromaocipensionandotherpostretirementbenefitplansnetoftax": 15000000,
        "othercomprehensiveincomelossnetoftax": -220000000,
        "comprehensiveincomenetoftaxincludingportionattributabletononcontrollinginterest": -12848000000,
        "comprehensiveincomenetoftaxattributabletononcontrollinginterest": -61000000,
        "comprehensiveincomenetoftax": -12787000000,
        "revenuefromcontractwithcustomerincludingassessedtax": 6891000000,
        "costofgoodsandservicessold": 4675000000,
        "grossprofit": 2216000000,
        "sellinggeneralandadministrativeexpenseexcludingimpairmentlosses": 867000000,
        "goodwillimpairmentloss": 6875000000,
        "definiteandindefinitelivedintangibleassetimpairment": 8610000000,
        "sellinggeneralandadministrativeexpense": 16352000000,
        "operatingincomeloss": -14136000000,
        "interestexpense": 325000000,
        "othernonoperatingincomeexpense": -13000000,
        "incomelossfromcontinuingoperationsbeforeincometaxesextraordinaryitemsnoncontrollinginterest": -14474000000,
        "incometaxexpensebenefit": -1846000000,
        "netincomelossattributabletononcontrollinginterest": -60000000,
        "netincomeloss": -12568000000,
        "netincomelossavailabletocommonstockholdersbasic": -12568000000,
        "earningspersharebasic": -10.3,
        "earningspersharediluted": -10.3
    },
    {
        "date": "2018-09-28",
        "symbol": "KHC",
        "period": "Q3",
        "profitloss": -1214000000,
        "othercomprehensiveincomeforeigncurrencytransactionandtranslationgainlossarisingduringperiodnetoftax": -144000000,
        "othercomprehensiveincomenetinvestmenthedgegainlossbeforereclassificationaftertax": 13000000,
        "othercomprehensiveincomelossderivativeexcludedcomponentincreasedecreasebeforeadjustmentsaftertax": 3000000,
        "othercomprehensiveincomelossnetinvestmenthedgegainlossreclassificationaftertax": 2000000,
        "othercomprehensiveincomelosscashflowhedgegainlossbeforereclassificationaftertax": -16000000,
        "othercomprehensiveincomelosscashflowhedgegainlossreclassificationaftertax": -12000000,
        "othercomprehensiveincomedefinedbenefitplansnetunamortizedgainlossarisingduringperiodnetoftax": 17000000,
        "othercomprehensiveincomelossreclassificationadjustmentfromaocipensionandotherpostretirementbenefitplansnetoftax": -58000000,
        "othercomprehensiveincomelossnetoftax": -177000000,
        "comprehensiveincomenetoftaxincludingportionattributabletononcontrollinginterest": 451000000,
        "comprehensiveincomenetoftaxattributabletononcontrollinginterest": -4000000,
        "comprehensiveincomenetoftax": -878000000,
        "revenuefromcontractwithcustomerincludingassessedtax": 4431000000,
        "costofgoodsandservicessold": -137000000,
        "grossprofit": 1426000000,
        "sellinggeneralandadministrativeexpense": 205000000,
        "operatingincomeloss": 246000000,
        "interestexpense": 311000000,
        "othernonoperatingincomeexpense": 59000000,
        "incomelossfromcontinuingoperationsbeforeincometaxesextraordinaryitemsnoncontrollinginterest": -6000000,
        "incometaxexpensebenefit": -52000000,
        "netincomelossattributabletononcontrollinginterest": -2000000,
        "netincomelossavailabletocommonstockholdersbasic": 630000000,
        "earningspersharebasic": 0.52,
        "earningspersharediluted": 0.51,
        "commonstockdividendspersharedeclared": 0.625
    },
    {
        "date": "2018-06-29",
        "symbol": "KHC",
        "period": "Q2",
        "profitloss": -1609000000,
        "othercomprehensiveincomeforeigncurrencytransactionandtranslationgainlossarisingduringperiodnetoftax": -862000000,
        "netdeferredgainslossesonnetinvestmenthedgesnetoftax": 219000000,
        "othercomprehensiveincomeunrealizedgainlossonderivativesarisingduringperiodnetoftax": 34000000,
        "othercomprehensiveincomelossreclassificationadjustmentfromaocionderivativesnetoftax": 9000000,
        "othercomprehensiveincomedefinedbenefitplansnetunamortizedgainlossarisingduringperiodnetoftax": 53000000,
        "othercomprehensiveincomelossreclassificationadjustmentfromaocipensionandotherpostretirementbenefitplansnetoftax": -17000000,
        "othercomprehensiveincomelossnetoftax": -588000000,
        "comprehensiveincomenetoftaxincludingportionattributabletononcontrollinginterest": 167000000,
        "comprehensiveincomenetoftaxattributabletononcontrollinginterest": -7000000,
        "comprehensiveincomenetoftax": -174000000,
        "salesrevenuegoodsnet": 4513000000,
        "costofgoodssold": -143000000,
        "grossprofit": 1556000000,
        "sellinggeneralandadministrativeexpense": 201000000,
        "operatingincomeloss": 232000000,
        "interestexpense": 302000000,
        "othernonoperatingincomeexpense": 16000000,
        "incomelossfromcontinuingoperationsbeforeincometaxesextraordinaryitemsnoncontrollinginterest": -54000000,
        "incometaxexpensebenefit": 43000000,
        "netincomelossattributabletononcontrollinginterest": -1000000,
        "netincomelossavailabletocommonstockholdersbasic": 756000000,
        "earningspersharebasic": 0.62,
        "earningspersharediluted": 0.62,
        "commonstockdividendspersharedeclared": 0.625
    },
    {
        "date": "2018-03-30",
        "symbol": "KHC",
        "period": "Q1",
        "profitloss": 993000000,
        "othercomprehensiveincomeforeigncurrencytransactionandtranslationgainlossarisingduringperiodnetoftax": 202000000,
        "netdeferredgainslossesonnetinvestmenthedgesnetoftax": -74000000,
        "othercomprehensiveincomeunrealizedgainlossonderivativesarisingduringperiodnetoftax": 22000000,
        "othercomprehensiveincomelossreclassificationadjustmentfromaocionderivativesnetoftax": 13000000,
        "othercomprehensiveincomelossreclassificationadjustmentfromaocipensionandotherpostretirementbenefitplansnetoftax": -58000000,
        "othercomprehensiveincomelossnetoftax": 74000000,
        "comprehensiveincomenetoftaxincludingportionattributabletononcontrollinginterest": 1067000000,
        "comprehensiveincomenetoftaxattributabletononcontrollinginterest": -5000000,
        "comprehensiveincomenetoftax": 1072000000,
        "salesrevenuegoodsnet": 6304000000,
        "costofgoodssold": 4059000000,
        "grossprofit": 2245000000,
        "sellinggeneralandadministrativeexpense": 764000000,
        "operatingincomeloss": 1481000000,
        "interestexpense": 317000000,
        "othernonoperatingincomeexpense": 90000000,
        "incomelossfromcontinuingoperationsbeforeincometaxesextraordinaryitemsnoncontrollinginterest": 1254000000,
        "incometaxexpensebenefit": 261000000,
        "netincomelossavailabletocommonstockholdersbasic": 993000000,
        "earningspersharebasic": 0.81,
        "earningspersharediluted": 0.81,
        "commonstockdividendspersharedeclared": 0.625
    },
    {
        "date": "2017-12-29",
        "symbol": "KHC",
        "period": "Q4",
        "profitloss": -15740000000,
        "othercomprehensiveincomeforeigncurrencytransactionandtranslationgainlossarisingduringperiodnetoftax": -3000000,
        "netdeferredgainslossesonnetinvestmenthedgesnetoftax": -26000000,
        "othercomprehensiveincomedefinedbenefitplansnetunamortizedgainlossarisingduringperiodnetoftax": 82000000,
        "othercomprehensiveincomelossreclassificationadjustmentfromaocipensionandotherpostretirementbenefitplansnetoftax": -49000000,
        "othercomprehensiveincomeunrealizedgainlossonderivativesarisingduringperiodnetoftax": 23000000,
        "othercomprehensiveincomelossreclassificationadjustmentfromaocionderivativesnetoftax": 12000000,
        "othercomprehensiveincomelossnetoftax": 582000000,
        "comprehensiveincomenetoftaxincludingportionattributabletononcontrollinginterest": 8035000000,
        "comprehensiveincomenetoftaxattributabletononcontrollinginterest": 1000000,
        "comprehensiveincomenetoftax": -11409000000,
        "salesrevenuegoodsnet": -8898000000,
        "costofgoodssold": -1023000000,
        "grossprofit": 1681000000,
        "sellinggeneralandadministrativeexpense": 589000000,
        "operatingincomeloss": 2355000000,
        "interestexpense": 295000000,
        "othernonoperatingincomeexpense": 2000000,
        "incomelossfromcontinuingoperationsbeforeincometaxesextraordinaryitemsnoncontrollinginterest": 137000000,
        "incometaxexpensebenefit": -129000000,
        "netincomelossattributabletononcontrollinginterest": -7000000,
        "netincomelossavailabletocommonstockholdersbasic": 8003000000,
        "earningspersharebasic": 6.57,
        "earningspersharediluted": 6.51,
        "commonstockdividendspersharedeclared": 0.6250000000000001
    },
    {
        "date": "2017-09-29",
        "symbol": "KHC",
        "period": "Q3",
        "profitloss": -1558000000,
        "othercomprehensiveincomeforeigncurrencytransactionandtranslationgainlossarisingduringperiodnetoftax": 421000000,
        "netdeferredgainslossesonnetinvestmenthedgesnetoftax": -124000000,
        "othercomprehensiveincomedefinedbenefitplansnetunamortizedgainlossarisingduringperiodnetoftax": -4000000,
        "othercomprehensiveincomelossreclassificationadjustmentfromaocipensionandotherpostretirementbenefitplansnetoftax": -51000000,
        "othercomprehensiveincomeunrealizedgainlossonderivativesarisingduringperiodnetoftax": -70000000,
        "othercomprehensiveincomelossreclassificationadjustmentfromaocionderivativesnetoftax": -51000000,
        "othercomprehensiveincomelossnetoftax": -141000000,
        "comprehensiveincomenetoftaxincludingportionattributabletononcontrollinginterest": 1166000000,
        "comprehensiveincomenetoftaxattributabletononcontrollinginterest": -1000000,
        "comprehensiveincomenetoftax": -2332000000,
        "salesrevenuegoodsnet": 9094000000,
        "costofgoodssold": 755000000,
        "grossprofit": 1569000000,
        "sellinggeneralandadministrativeexpense": -286000000,
        "operatingincomeloss": -1287000000,
        "interestexpense": 296000000,
        "othernonoperatingincomeexpense": -23000000,
        "incomelossfromcontinuingoperationsbeforeincometaxesextraordinaryitemsnoncontrollinginterest": 319000000,
        "incometaxexpensebenefit": -15000000,
        "netincomelossattributabletononcontrollinginterest": -1000000,
        "netincomelossavailabletocommonstockholdersbasic": 944000000,
        "earningspersharebasic": 0.78,
        "earningspersharediluted": 0.77,
        "commonstockdividendspersharedeclared": 0.6250000000000001
    },
    {
        "date": "2017-06-30",
        "symbol": "KHC",
        "period": "Q2",
        "profitloss": -2082000000,
        "othercomprehensiveincomeforeigncurrencytransactionandtranslationgainlossarisingduringperiodnetoftax": 451000000,
        "netdeferredgainslossesonnetinvestmenthedgesnetoftax": -152000000,
        "othercomprehensiveincomedefinedbenefitplansnetunamortizedgainlossarisingduringperiodnetoftax": 1000000,
        "othercomprehensiveincomedefinedbenefitplannetpriorservicecostscreditarisingduringperiodnetoftax": -1000000,
        "othercomprehensiveincomelossreclassificationadjustmentfromaocipensionandotherpostretirementbenefitplansnetoftax": -154000000,
        "othercomprehensiveincomeunrealizedgainlossonderivativesarisingduringperiodnetoftax": -32000000,
        "othercomprehensiveincomelossreclassificationadjustmentfromaocionderivativesnetoftax": -26000000,
        "othercomprehensiveincomelossnetoftax": 141000000,
        "comprehensiveincomenetoftaxincludingportionattributabletononcontrollinginterest": 1301000000,
        "comprehensiveincomenetoftaxattributabletononcontrollinginterest": 1000000,
        "comprehensiveincomenetoftax": -2644000000,
        "salesrevenuegoodsnet": 4634000000,
        "costofgoodssold": -138000000,
        "grossprofit": 1901000000,
        "sellinggeneralandadministrativeexpense": 165000000,
        "operatingincomeloss": 415000000,
        "interestexpense": 296000000,
        "othernonoperatingincomeexpense": 48000000,
        "incomelossfromcontinuingoperationsbeforeincometaxesextraordinaryitemsnoncontrollinginterest": 167000000,
        "incometaxexpensebenefit": -69000000,
        "netincomelossattributabletononcontrollinginterest": 1000000,
        "netincomeloss": -2082000000,
        "netincomelossavailabletocommonstockholdersbasic": 1159000000,
        "earningspersharebasic": 0.95,
        "earningspersharediluted": 0.94,
        "commonstockdividendspersharedeclared": 0.6
    },
    {
        "date": "2017-03-31",
        "symbol": "KHC",
        "period": "Q1",
        "profitloss": -1740000000,
        "othercomprehensiveincomeforeigncurrencytransactionandtranslationgainlossarisingduringperiodnetoftax": 309000000,
        "netdeferredgainslossesonnetinvestmenthedgesnetoftax": -51000000,
        "othercomprehensiveincomedefinedbenefitplansnetunamortizedgainlossarisingduringperiodnetoftax": -10000000,
        "othercomprehensiveincomelossreclassificationadjustmentfromaocipensionandotherpostretirementbenefitplansnetoftax": -55000000,
        "othercomprehensiveincomeunrealizedgainlossonderivativesarisingduringperiodnetoftax": -34000000,
        "othercomprehensiveincomelossreclassificationadjustmentfromaocionderivativesnetoftax": -20000000,
        "othercomprehensiveincomelossnetoftax": -2000000,
        "comprehensiveincomenetoftaxincludingportionattributabletononcontrollinginterest": 1068000000,
        "comprehensiveincomenetoftaxattributabletononcontrollinginterest": -4000000,
        "comprehensiveincomenetoftax": -2914000000,
        "salesrevenuegoodsnet": -162000000,
        "costofgoodssold": -162000000,
        "grossprofit": 1646000000,
        "sellinggeneralandadministrativeexpense": 184000000,
        "operatingincomeloss": 354000000,
        "interestexpense": 303000000,
        "othernonoperatingincomeexpense": -17000000,
        "incomelossfromcontinuingoperationsbeforeincometaxesextraordinaryitemsnoncontrollinginterest": 34000000,
        "incometaxexpensebenefit": -8000000,
        "netincomelossattributabletononcontrollinginterest": -2000000,
        "netincomelossavailabletocommonstockholdersbasic": 893000000,
        "earningspersharebasic": 0.73,
        "earningspersharediluted": 0.73,
        "commonstockdividendspersharedeclared": 0.6
    },
    {
        "date": "2016-12-30",
        "symbol": "KHC",
        "period": "Q4",
        "profitloss": -1963000000,
        "othercomprehensiveincomeforeigncurrencytransactionandtranslationgainlossarisingduringperiodnetoftax": -688000000,
        "othercomprehensiveincomelossreclassificationadjustmentfromaocipensionandotherpostretirementbenefitplansnetoftax": -64000000,
        "othercomprehensiveincomeunrealizedgainlossonderivativesarisingduringperiodnetoftax": 47000000,
        "othercomprehensiveincomelossreclassificationadjustmentfromaocionderivativesnetoftax": 43000000,
        "othercomprehensiveincomelossnetoftax": -403000000,
        "comprehensiveincomenetoftaxincludingportionattributabletononcontrollinginterest": 541000000,
        "comprehensiveincomenetoftaxattributabletononcontrollinginterest": -3000000,
        "comprehensiveincomenetoftax": -4248000000,
        "salesrevenuegoodsnet": -9320000000,
        "costofgoodssold": -158000000,
        "grossprofit": 1770000000,
        "sellinggeneralandadministrativeexpense": 192000000,
        "operatingincomeloss": 274000000,
        "interestexpense": 294000000,
        "othernonoperatingincomeexpense": -78000000,
        "incomelossfromcontinuingoperationsbeforeincometaxesextraordinaryitemsnoncontrollinginterest": -98000000,
        "incometaxexpensebenefit": 319000000,
        "netincomelossattributabletononcontrollinginterest": 0,
        "netincomeloss": -1963000000,
        "netincomelossavailabletocommonstockholdersbasic": 944000000,
        "earningspersharebasic": 0.7799999999999996,
        "earningspersharediluted": 0.7600000000000002,
        "commonstockdividendspersharedeclared": 0.6000000000000001
    },
    {
        "date": "2016-10-01",
        "symbol": "KHC",
        "period": "Q3",
        "profitloss": -3990000000,
        "othercomprehensiveincomeforeigncurrencytransactionandtranslationgainlossarisingduringperiodnetoftax": -151000000,
        "othercomprehensiveincomelossreclassificationadjustmentfromaocipensionandotherpostretirementbenefitplansnetoftax": -39000000,
        "othercomprehensiveincomeunrealizedgainlossonderivativesarisingduringperiodnetoftax": 31000000,
        "othercomprehensiveincomelossreclassificationadjustmentfromaocionderivativesnetoftax": 26000000,
        "othercomprehensiveincomelossnetoftax": -293000000,
        "comprehensiveincomenetoftaxincludingportionattributabletononcontrollinginterest": 550000000,
        "comprehensiveincomenetoftaxattributabletononcontrollinginterest": 3000000,
        "comprehensiveincomenetoftax": -3995000000,
        "salesrevenuegoodsnet": 4395000000,
        "costofgoodssold": -3146000000,
        "grossprofit": 1506000000,
        "sellinggeneralandadministrativeexpense": 194000000,
        "operatingincomeloss": 517000000,
        "interestexpense": 294000000,
        "othernonoperatingincomeexpense": 20000000,
        "incomelossfromcontinuingoperationsbeforeincometaxesextraordinaryitemsnoncontrollinginterest": 243000000,
        "incometaxexpensebenefit": -199000000,
        "netincomelossattributabletononcontrollinginterest": 1000000,
        "netincomeloss": -3990000000,
        "netincomelossavailabletocommonstockholdersbasic": 842000000,
        "earningspersharebasic": 0.6900000000000002,
        "earningspersharediluted": 0.69,
        "commonstockdividendspersharedeclared": 0.6000000000000001
    },
    {
        "date": "2016-07-02",
        "symbol": "KHC",
        "period": "Q2",
        "profitloss": -1996000000,
        "othercomprehensiveincomeforeigncurrencytransactionandtranslationgainlossarisingduringperiodnetoftax": -418000000,
        "netdeferredgainslossesonnetinvestmenthedgesnetoftax": 105000000,
        "othercomprehensiveincomelossreclassificationadjustmentfromaocipensionandotherpostretirementbenefitplansnetoftax": -50000000,
        "othercomprehensiveincomeunrealizedgainlossonderivativesarisingduringperiodnetoftax": -14000000,
        "othercomprehensiveincomelossreclassificationadjustmentfromaocionderivativesnetoftax": -4000000,
        "othercomprehensiveincomelossnetoftax": -373000000,
        "comprehensiveincomenetoftaxincludingportionattributabletononcontrollinginterest": 582000000,
        "comprehensiveincomenetoftaxattributabletononcontrollinginterest": 5000000,
        "comprehensiveincomenetoftax": -1156000000,
        "salesrevenuegoodsnet": 4692000000,
        "costofgoodssold": -160000000,
        "grossprofit": 1738000000,
        "sellinggeneralandadministrativeexpense": 307000000,
        "operatingincomeloss": 120000000,
        "interestexpense": 253000000,
        "othernonoperatingincomeexpense": -55000000,
        "incomelossfromcontinuingoperationsbeforeincometaxesextraordinaryitemsnoncontrollinginterest": -188000000,
        "incometaxexpensebenefit": -92000000,
        "netincomelossattributabletononcontrollinginterest": 5000000,
        "netincomeloss": -1996000000,
        "preferredstockdividendsincomestatementimpact": 180000000,
        "netincomelossavailabletocommonstockholdersbasic": 770000000,
        "earningspersharebasic": 0.63,
        "earningspersharediluted": 0.63,
        "commonstockdividendspersharedeclared": 0.575
    },
    {
        "date": "2016-04-02",
        "symbol": "KHC",
        "period": "Q1",
        "profitloss": 896000000,
        "othercomprehensiveincomeforeigncurrencytransactionandtranslationgainlossarisingduringperiodnetoftax": 265000000,
        "othercomprehensiveincomeunrealizedholdinggainlossonsecuritiesarisingduringperiodnetoftax": -60000000,
        "othercomprehensiveincomelossreclassificationadjustmentfromaocipensionandotherpostretirementbenefitplansnetoftax": -54000000,
        "othercomprehensiveincomeunrealizedgainlossonderivativesarisingduringperiodnetoftax": -18000000,
        "othercomprehensiveincomelossreclassificationadjustmentfromaocionderivativesnetoftax": 22000000,
        "othercomprehensiveincomelossnetoftax": 118000000,
        "comprehensiveincomenetoftaxincludingportionattributabletononcontrollinginterest": 1018000000,
        "comprehensiveincomenetoftaxattributabletononcontrollinginterest": 11000000,
        "comprehensiveincomenetoftax": 1007000000,
        "salesrevenuegoodsnet": 4715000000,
        "costofgoodssold": 2832000000,
        "grossprofit": 1639000000,
        "sellinggeneralandadministrativeexpense": 277000000,
        "operatingincomeloss": 148000000,
        "interestexpense": 235000000,
        "othernonoperatingincomeexpense": -31000000,
        "incomelossfromcontinuingoperationsbeforeincometaxesextraordinaryitemsnoncontrollinginterest": -118000000,
        "incometaxexpensebenefit": -58000000,
        "netincomelossattributabletononcontrollinginterest": 4000000,
        "netincomeloss": 896000000,
        "netincomelossavailabletocommonstockholdersbasic": 896000000,
        "earningspersharebasic": 0.74,
        "earningspersharediluted": 0.73,
        "commonstockdividendspersharedeclared": 0.575
    },
    {
        "date": "2015-09-26",
        "symbol": "KHC",
        "period": "Q3",
        "profitloss": -123000000,
        "othercomprehensiveincomeforeigncurrencytransactionandtranslationgainlossarisingduringperiodnetoftax": -1023000000,
        "othercomprehensiveincomeunrealizedholdinggainlossonsecuritiesarisingduringperiodnetoftax": 22000000,
        "othercomprehensiveincomelosspensionandotherpostretirementbenefitplansadjustmentbeforereclassificationadjustmentsnetoftax": -900000000,
        "othercomprehensiveincomelossreclassificationadjustmentfromaocipensionandotherpostretirementbenefitplansnetoftax": -11000000,
        "othercomprehensiveincomeunrealizedgainlossonderivativesarisingduringperiodnetoftax": 45000000,
        "othercomprehensiveincomelossreclassificationadjustmentfromaocionderivativesnetoftax": 9000000,
        "othercomprehensiveincomelossnetoftax": 89000000,
        "comprehensiveincomenetoftaxincludingportionattributabletononcontrollinginterest": -31000000,
        "comprehensiveincomenetoftaxattributabletononcontrollinginterest": -14000000,
        "comprehensiveincomenetoftax": -17000000,
        "salesrevenuegoodsnet": 4298000000,
        "costofgoodssold": 2372000000,
        "grossprofit": 783000000,
        "sellinggeneralandadministrativeexpense": 1077000000,
        "operatingincomeloss": -294000000,
        "interestexpense": 450000000,
        "othernonoperatingincomeexpense": 13000000,
        "incomelossfromcontinuingoperationsbeforeincometaxesextraordinaryitemsnoncontrollinginterest": -731000000,
        "incometaxexpensebenefit": -166000000,
        "netincomelossattributabletononcontrollinginterest": 3000000,
        "netincomeloss": -123000000,
        "preferredstockdividendsincomestatementimpact": 180000000,
        "netincomelossavailabletocommonstockholdersbasic": -303000000,
        "earningspersharebasic": -0.27,
        "earningspersharediluted": -0.27,
        "commonstockdividendspersharedeclared": 0.55
    },
    {
        "date": "2015-06-27",
        "symbol": "KHC",
        "period": "Q2",
        "profitloss": -8000000,
        "othercomprehensiveincomeforeigncurrencytransactionandtranslationgainlossarisingduringperiodnetoftax": 361000000,
        "othercomprehensiveincomeunrealizedholdinggainlossonsecuritiesarisingduringperiodnetoftax": -206000000,
        "othercomprehensiveincomedefinedbenefitplansnetunamortizedgainlossarisingduringperiodnetoftax": -15000000,
        "othercomprehensiveincomelossreclassificationadjustmentfromaocipensionandotherpostretirementbenefitplansfornetgainlossnetoftax": -8000000,
        "othercomprehensiveincomeunrealizedgainlossonderivativesarisingduringperiodnetoftax": -10000000,
        "othercomprehensiveincomelossreclassificationadjustmentfromaocionderivativesnetoftax": -137000000,
        "comprehensiveincomenetoftaxincludingportionattributabletononcontrollinginterest": 112000000,
        "comprehensiveincomenetoftaxattributabletononcontrollinginterest": -5000000,
        "comprehensiveincomenetoftax": 107000000,
        "salesrevenuegoodsnet": 188000000,
        "costofgoodssold": 11000000,
        "grossprofit": 951000000,
        "sellinggeneralandadministrativeexpense": 473000000,
        "businesscombinationacquisitionrelatedcosts": 34000000,
        "operatingincomeloss": 4000000,
        "investmentincomeinterest": 10000000,
        "interestexpense": 394000000,
        "othernonoperatingincomeexpense": -255000000,
        "incomelossfromcontinuingoperationsbeforeincometaxesminorityinterestandincomelossfromequitymethodinvestments": -195000000,
        "incometaxexpensebenefit": 2000000,
        "netincomelossattributabletononcontrollinginterest": -4000000,
        "netincomeloss": -164000000,
        "preferredstockdividendsandotheradjustments": 180000000,
        "netincomelossavailabletocommonstockholdersbasic": -344000000,
        "earningspersharebasicanddiluted": -0.91,
        "weightedaveragenumberofshareoutstandingbasicanddiluted": 380000000
    }
]