[
    {
        "date": "2024-09-29",
        "symbol": "COIN",
        "period": "Q3",
        "revenues": 5100000,
        "informationtechnologyanddataprocessing": 171781000,
        "researchanddevelopmentexpense": 377440000,
        "sellingandmarketingexpense": 164770000,
        "generalandadministrativeexpense": 330387000,
        "cryptoassetrealizedandunrealizedgainlossoperating": 142000,
        "otheroperatingincomeexpensenet": 8556000,
        "operatingexpenses": 1035680000,
        "operatingincomeloss": 169513000,
        "interestexpensenonoperating": 20530000,
        "cryptoassetrealizedandunrealizedgainlossnonoperating": -120507000,
        "othernonoperatingincomeexpense": 40105000,
        "incomelossfromcontinuingoperationsbeforeincometaxesextraordinaryitemsnoncontrollinginterest": 68581000,
        "incometaxexpensebenefit": -6914000,
        "netincomeloss": 75495000,
        "netincomelossavailabletocommonstockholdersbasic": 75455000,
        "netincomelossavailabletocommonstockholdersdiluted": 75459000,
        "earningspersharebasic": 0.3,
        "earningspersharediluted": 0.28,
        "weightedaveragenumberofsharesoutstandingbasic": 248834000,
        "weightedaveragenumberofdilutedsharesoutstanding": 267440000,
        "othercomprehensiveincomelossforeigncurrencytransactionandtranslationadjustmentbeforetax": 11437000,
        "othercomprehensiveincomelossforeigncurrencytranslationadjustmenttax": 9000,
        "othercomprehensiveincomelossforeigncurrencytransactionandtranslationadjustmentnetoftax": 11428000,
        "comprehensiveincomenetoftax": 86923000
    },
    {
        "date": "2024-06-29",
        "symbol": "COIN",
        "period": "Q2",
        "revenues": 1379942000,
        "informationtechnologyanddataprocessing": 191477000,
        "researchanddevelopmentexpense": 364258000,
        "sellingandmarketingexpense": 165262000,
        "generalandadministrativeexpense": 320115000,
        "cryptoassetrealizedandunrealizedgainlossoperating": -31016000,
        "otheroperatingincomeexpensenet": -34383000,
        "operatingexpenses": 1106511000,
        "operatingincomeloss": 343117000,
        "interestexpensenonoperating": 20507000,
        "cryptoassetrealizedandunrealizedgainlossnonoperating": -319020000,
        "othernonoperatingincomeexpense": -63827000,
        "incomelossfromcontinuingoperationsbeforeincometaxesextraordinaryitemsnoncontrollinginterest": -60237000,
        "incometaxexpensebenefit": -96387000,
        "netincomeloss": 36150000,
        "netincomelossavailabletocommonstockholdersbasic": 36127000,
        "netincomelossavailabletocommonstockholdersdiluted": 36128000,
        "earningspersharebasic": 0.15,
        "earningspersharediluted": 0.14,
        "weightedaveragenumberofsharesoutstandingbasic": 246298000,
        "weightedaveragenumberofdilutedsharesoutstanding": 266831000,
        "othercomprehensiveincomelossforeigncurrencytransactionandtranslationadjustmentbeforetax": -2785000,
        "othercomprehensiveincomelossforeigncurrencytranslationadjustmenttax": -10000,
        "othercomprehensiveincomelossforeigncurrencytransactionandtranslationadjustmentnetoftax": -2775000,
        "comprehensiveincomenetoftax": 33375000
    },
    {
        "date": "2024-03-30",
        "symbol": "COIN",
        "period": "Q1",
        "revenues": 1587677000,
        "informationtechnologyanddataprocessing": 217407000,
        "researchanddevelopmentexpense": 357863000,
        "sellingandmarketingexpense": 98585000,
        "generalandadministrativeexpense": 287236000,
        "cryptoassetrealizedandunrealizedgainlossoperating": 86358000,
        "otheroperatingincomeexpensenet": -2376000,
        "operatingexpenses": 877109000,
        "operatingincomeloss": 760461000,
        "interestexpense": 19071000,
        "cryptoassetrealizedandunrealizedgainlossnonoperating": 650429000,
        "othernonoperatingincomeexpense": 45605000,
        "incomelossfromcontinuingoperationsbeforeincometaxesextraordinaryitemsnoncontrollinginterest": 1437424000,
        "incometaxexpensebenefit": 261179000,
        "netincomeloss": 1176245000,
        "netincomelossavailabletocommonstockholdersbasic": 1175479000,
        "netincomelossavailabletocommonstockholdersdiluted": 1178079000,
        "earningspersharebasic": 4.84,
        "earningspersharediluted": 4.4,
        "weightedaveragenumberofsharesoutstandingbasic": 242793000,
        "weightedaveragenumberofdilutedsharesoutstanding": 267945000,
        "othercomprehensiveincomelossforeigncurrencytransactionandtranslationadjustmentbeforetax": -6898000,
        "othercomprehensiveincomelossforeigncurrencytranslationadjustmenttax": 328000,
        "othercomprehensiveincomelossforeigncurrencytransactionandtranslationadjustmentnetoftax": -7226000,
        "comprehensiveincomenetoftax": 1169019000
    },
    {
        "date": "2023-12-30",
        "symbol": "COIN",
        "period": "Q4",
        "revenues": 2147726000,
        "informationtechnologyanddataprocessing": 125559000,
        "researchanddevelopmentexpense": 323087000,
        "sellingandmarketingexpense": 106305000,
        "generalandadministrativeexpense": 280929000,
        "restructuringcharges": 141635000,
        "otheroperatingincomeexpensenet": -44157000,
        "operatingexpenses": 838182000,
        "operatingincomeloss": 115613000,
        "interestexpense": 18737000,
        "othernonoperatingincomeexpense": 35977000,
        "incomelossfromcontinuingoperationsbeforeincometaxesextraordinaryitemsnoncontrollinginterest": 132853000,
        "incometaxexpensebenefit": -140584000,
        "netincomeloss": 273437000,
        "netincomelossavailabletocommonstockholdersbasic": 273318000,
        "netincomelossavailabletocommonstockholdersdiluted": 273513000,
        "earningspersharebasic": 1.1700000000000002,
        "earningspersharediluted": 1.1400000000000001,
        "weightedaveragenumberofsharesoutstandingbasic": 235796000,
        "weightedaveragenumberofdilutedsharesoutstanding": 254391000,
        "othercomprehensiveincomelossforeigncurrencytransactionandtranslationadjustmentnetoftax": 13843000,
        "comprehensiveincomenetoftax": 287280000
    },
    {
        "date": "2023-09-29",
        "symbol": "COIN",
        "period": "Q3",
        "revenues": 623004000,
        "informationtechnologyanddataprocessing": 90577000,
        "researchanddevelopmentexpense": 322756000,
        "sellingandmarketingexpense": 78178000,
        "generalandadministrativeexpense": 252630000,
        "restructuringcharges": -860000,
        "cryptoassetimpairmentnet": 7180000,
        "otheroperatingincomeexpensenet": -3512000,
        "operatingexpenses": 753973000,
        "operatingincomeloss": -79825000,
        "interestexpense": 20821000,
        "othernonoperatingincomeexpense": 135307000,
        "incomelossfromcontinuingoperationsbeforeincometaxesextraordinaryitemsnoncontrollinginterest": 34661000,
        "incometaxexpensebenefit": 36926000,
        "netincomeloss": -2265000,
        "netincomelossavailabletocommonstockholdersbasic": -2265000,
        "netincomelossavailabletocommonstockholdersdiluted": -2265000,
        "earningspersharebasic": -0.01,
        "earningspersharediluted": -0.01,
        "weightedaveragenumberofsharesoutstandingbasic": 237270000,
        "weightedaveragenumberofdilutedsharesoutstanding": 237270000,
        "othercomprehensiveincomelossforeigncurrencytransactionandtranslationadjustmentnetoftax": -10321000,
        "comprehensiveincomenetoftax": -12586000
    },
    {
        "date": "2023-06-29",
        "symbol": "COIN",
        "period": "Q2",
        "revenues": 70050000,
        "informationtechnologyanddataprocessing": 108200000,
        "researchanddevelopmentexpense": 320667000,
        "sellingandmarketingexpense": 83853000,
        "generalandadministrativeexpense": 258988000,
        "restructuringcharges": -883000,
        "otheroperatingincomeexpensenet": -10813000,
        "operatingexpenses": 781486000,
        "operatingincomeloss": -73575000,
        "interestexpense": 21672000,
        "othernonoperatingincomeexpense": 16564000,
        "incomelossfromcontinuingoperationsbeforeincometaxesextraordinaryitemsnoncontrollinginterest": -78683000,
        "incometaxexpensebenefit": 18722000,
        "netincomeloss": -97405000,
        "netincomelossavailabletocommonstockholdersbasic": -97405000,
        "netincomelossavailabletocommonstockholdersdiluted": -97601000,
        "earningspersharebasic": -0.42,
        "earningspersharediluted": -0.42,
        "weightedaveragenumberofsharesoutstandingbasic": 234614000,
        "weightedaveragenumberofdilutedsharesoutstanding": 234641000,
        "othercomprehensiveincomelossforeigncurrencytransactionandtranslationadjustmentnetoftax": -5383000,
        "comprehensiveincomenetoftax": -102788000
    },
    {
        "date": "2023-03-30",
        "symbol": "COIN",
        "period": "Q1",
        "revenues": 85760000,
        "informationtechnologyanddataprocessing": 96369000,
        "researchanddevelopmentexpense": 358031000,
        "sellingandmarketingexpense": 63976000,
        "generalandadministrativeexpense": 248761000,
        "restructuringcharges": 2702000,
        "otheroperatingincomeexpensenet": 15222000,
        "operatingexpenses": 896404000,
        "operatingincomeloss": -123875000,
        "interestexpense": 21536000,
        "othernonoperatingincomeexpense": -20265000,
        "incomelossfromcontinuingoperationsbeforeincometaxesextraordinaryitemsnoncontrollinginterest": -165676000,
        "incometaxexpensebenefit": -86780000,
        "netincomeloss": -78896000,
        "netincomelossavailabletocommonstockholdersbasic": -78896000,
        "netincomelossavailabletocommonstockholdersdiluted": -78896000,
        "earningspersharebasic": -0.34,
        "earningspersharediluted": -0.34,
        "weightedaveragenumberofsharesoutstandingbasic": 231489000,
        "weightedaveragenumberofdilutedsharesoutstanding": 231489000,
        "othercomprehensiveincomelossforeigncurrencytransactionandtranslationadjustmentnetoftax": 10197000,
        "comprehensiveincomenetoftax": -68699000
    },
    {
        "date": "2022-12-30",
        "symbol": "COIN",
        "period": "Q4",
        "revenues": 69693000,
        "informationtechnologyanddataprocessing": 82991000,
        "researchanddevelopmentexpense": 590103000,
        "sellingandmarketingexpense": 93103000,
        "generalandadministrativeexpense": 377682000,
        "otheroperatingincomeexpensenet": -40619000,
        "operatingexpenses": 1183980000,
        "operatingincomeloss": -554872000,
        "interestexpense": 21600000,
        "othernonoperatingincomeexpense": 5594000,
        "incomelossfromcontinuingoperationsbeforeincometaxesextraordinaryitemsnoncontrollinginterest": -570878000,
        "incometaxexpensebenefit": -13877000,
        "netincomeloss": -557001000,
        "netincomelossavailabletocommonstockholdersbasic": -557001000,
        "netincomelossavailabletocommonstockholdersdiluted": -557047000,
        "earningspersharebasic": -2.4500000000000006,
        "earningspersharediluted": -2.44,
        "weightedaveragenumberofsharesoutstandingbasic": -440062000,
        "weightedaveragenumberofdilutedsharesoutstanding": -440084000,
        "othercomprehensiveincomelossforeigncurrencytransactionandtranslationadjustmentnetoftax": -2113000,
        "comprehensiveincomenetoftax": -559114000
    },
    {
        "date": "2022-09-29",
        "symbol": "COIN",
        "period": "Q3",
        "revenues": 88376000,
        "informationtechnologyanddataprocessing": 101876000,
        "researchanddevelopmentexpense": 556338000,
        "sellingandmarketingexpense": 75888000,
        "generalandadministrativeexpense": 339157000,
        "restructuringcharges": -1232000,
        "otheroperatingincomeexpensenet": -74796000,
        "operatingexpenses": 1146823000,
        "operatingincomeloss": -556484000,
        "interestexpense": 21507000,
        "othernonoperatingincomeexpense": -65699000,
        "incomelossfromcontinuingoperationsbeforeincometaxesextraordinaryitemsnoncontrollinginterest": -643690000,
        "incometaxexpensebenefit": -99055000,
        "netincomeloss": -544635000,
        "netincomelossavailabletocommonstockholdersbasic": -544635000,
        "netincomelossavailabletocommonstockholdersdiluted": -544635000,
        "earningspersharebasic": -2.43,
        "earningspersharediluted": -2.43,
        "weightedaveragenumberofsharesoutstandingbasic": 223916000,
        "weightedaveragenumberofdilutedsharesoutstanding": 223916000,
        "othercomprehensiveincomelossforeigncurrencytransactionandtranslationadjustmentnetoftax": -18310000,
        "comprehensiveincomenetoftax": -562945000
    },
    {
        "date": "2022-06-29",
        "symbol": "COIN",
        "period": "Q2",
        "revenues": 141111000,
        "informationtechnologyanddataprocessing": 167187000,
        "researchanddevelopmentexpense": 609249000,
        "sellingandmarketingexpense": 140894000,
        "generalandadministrativeexpense": 470169000,
        "restructuringcharges": 3194000,
        "otheroperatingincomeexpensenet": -422762000,
        "operatingexpenses": 1852714000,
        "operatingincomeloss": -1044389000,
        "interestexpense": 23656000,
        "othernonoperatingincomeexpense": -172524000,
        "incomelossfromcontinuingoperationsbeforeincometaxesextraordinaryitemsnoncontrollinginterest": -1240569000,
        "incometaxexpensebenefit": -146915000,
        "netincomeloss": -1093654000,
        "netincomelossavailabletocommonstockholdersbasic": -1093654000,
        "netincomelossavailabletocommonstockholdersdiluted": -1099838000,
        "earningspersharebasic": -4.95,
        "earningspersharediluted": -4.98,
        "weightedaveragenumberofsharesoutstandingbasic": 220988000,
        "weightedaveragenumberofdilutedsharesoutstanding": 221034000,
        "othercomprehensiveincomelossforeigncurrencytransactionandtranslationadjustmentnetoftax": -14293000,
        "comprehensiveincomenetoftax": -1107947000
    },
    {
        "date": "2022-03-30",
        "symbol": "COIN",
        "period": "Q1",
        "revenues": 210603000,
        "informationtechnologyanddataprocessing": 277826000,
        "researchanddevelopmentexpense": 570664000,
        "sellingandmarketingexpense": 200204000,
        "generalandadministrativeexpense": 413578000,
        "otheroperatingincomeexpensenet": -258627000,
        "operatingexpenses": 1720899000,
        "operatingincomeloss": -554463000,
        "interestexpense": 22138000,
        "othernonoperatingincomeexpense": -32844000,
        "incomelossfromcontinuingoperationsbeforeincometaxesextraordinaryitemsnoncontrollinginterest": -609445000,
        "incometaxexpensebenefit": -179786000,
        "netincomeloss": -429659000,
        "netincomelossavailabletocommonstockholdersbasic": -429659000,
        "netincomelossavailabletocommonstockholdersdiluted": -429659000,
        "earningspersharebasic": -1.98,
        "earningspersharediluted": -1.98,
        "weightedaveragenumberofsharesoutstandingbasic": 217472000,
        "weightedaveragenumberofdilutedsharesoutstanding": 217472000,
        "othercomprehensiveincomelossforeigncurrencytransactionandtranslationadjustmentnetoftax": -495000,
        "comprehensiveincomenetoftax": -430154000
    },
    {
        "date": "2021-12-30",
        "symbol": "COIN",
        "period": "Q4",
        "revenues": 499092000,
        "informationtechnologyanddataprocessing": 501181000,
        "researchanddevelopmentexpense": 459611000,
        "sellingandmarketingexpense": 244571000,
        "generalandadministrativeexpense": 297324000,
        "operatingexpenses": 2929375000,
        "operatingincomeloss": 922324000,
        "othernonoperatingincomeexpense": -31784000,
        "incomelossfromcontinuingoperationsbeforeincometaxesextraordinaryitemsnoncontrollinginterest": 890540000,
        "incometaxexpensebenefit": 50332000,
        "netincomeloss": 2446557000,
        "netincomelossavailabletocommonstockholdersbasic": 2392719000,
        "netincomelossavailabletocommonstockholdersdiluted": 2397345000,
        "earningspersharebasic": 3.9799999999999995,
        "earningspersharediluted": 3.4099999999999993,
        "weightedaveragenumberofsharesoutstandingbasic": -316386000,
        "weightedaveragenumberofdilutedsharesoutstanding": -405714000,
        "othercomprehensiveincomelossforeigncurrencytransactionandtranslationadjustmentnetoftax": -2963000,
        "comprehensiveincomenetoftax": 2444250000
    },
    {
        "date": "2021-09-29",
        "symbol": "COIN",
        "period": "Q3",
        "revenues": 307909000,
        "informationtechnologyanddataprocessing": 197251000,
        "researchanddevelopmentexpense": 356264000,
        "sellingandmarketingexpense": 105395000,
        "generalandadministrativeexpense": 242642000,
        "otheroperatingincomeexpensenet": -118548000,
        "operatingexpenses": 1020100000,
        "operatingincomeloss": 291808000,
        "othernonoperatingincomeexpense": -20948000,
        "incomelossfromcontinuingoperationsbeforeincometaxesextraordinaryitemsnoncontrollinginterest": 270860000,
        "incometaxexpensebenefit": -135240000,
        "netincomeloss": 406100000,
        "netincomelossavailabletocommonstockholdersbasic": 402343000,
        "netincomelossavailabletocommonstockholdersdiluted": 405340000,
        "earningspersharebasic": 1.92,
        "earningspersharediluted": 1.62,
        "weightedaveragenumberofsharesoutstandingbasic": 209604000,
        "weightedaveragenumberofdilutedsharesoutstanding": 250536000,
        "othercomprehensiveincomelossforeigncurrencytransactionandtranslationadjustmentnetoftax": -3206000,
        "comprehensiveincomenetoftax": 402894000
    },
    {
        "date": "2021-06-29",
        "symbol": "COIN",
        "period": "Q2",
        "revenues": 2033011000,
        "informationtechnologyanddataprocessing": 335426000,
        "researchanddevelopmentexpense": 291461000,
        "sellingandmarketingexpense": 195733000,
        "generalandadministrativeexpense": 248195000,
        "otheroperatingincomeexpensenet": -282422000,
        "operatingexpenses": 1353237000,
        "operatingincomeloss": 874725000,
        "othernonoperatingincomeexpense": -5844000,
        "incomelossfromcontinuingoperationsbeforeincometaxesextraordinaryitemsnoncontrollinginterest": 868881000,
        "incometaxexpensebenefit": -737468000,
        "netincomeloss": 1606349000,
        "netincomelossavailabletocommonstockholdersbasic": 1589713000,
        "netincomelossavailabletocommonstockholdersdiluted": 1593150000,
        "earningspersharebasic": 7.77,
        "earningspersharediluted": 6.42,
        "weightedaveragenumberofsharesoutstandingbasic": 204728000,
        "weightedaveragenumberofdilutedsharesoutstanding": 248147000,
        "othercomprehensiveincomelossforeigncurrencytransactionandtranslationadjustmentnetoftax": 656000,
        "comprehensiveincomenetoftax": 1607005000
    },
    {
        "date": "2021-03-30",
        "symbol": "COIN",
        "period": "Q1",
        "revenues": 1596981000,
        "informationtechnologyanddataprocessing": 234066000,
        "researchanddevelopmentexpense": 184225000,
        "sellingandmarketingexpense": 117990000,
        "generalandadministrativeexpense": 121231000,
        "othercostandexpenseoperating": 155887000,
        "operatingexpenses": 813399000,
        "operatingincomeloss": 987713000,
        "othernonoperatingincomeexpense": 8953000,
        "incomelossfromcontinuingoperationsbeforeincometaxesextraordinaryitemsnoncontrollinginterest": 996666000,
        "incometaxexpensebenefit": 225203000,
        "netincomeloss": 771463000,
        "netincomelossavailabletocommonstockholdersbasic": 301896000,
        "netincomelossavailabletocommonstockholdersdiluted": 387719000,
        "earningspersharebasic": 3.8,
        "earningspersharediluted": 3.05,
        "weightedaveragenumberofsharesoutstandingbasic": 79373000,
        "weightedaveragenumberofdilutedsharesoutstanding": 126996000,
        "othercomprehensiveincomelossforeigncurrencytransactionandtranslationadjustmentnetoftax": -4138000,
        "comprehensiveincomenetoftax": 767325000
    }
]