[
    {
        "date": "2024-09-29",
        "symbol": "ANET",
        "period": "Q3",
        "revenuefromcontractwithcustomerexcludingassessedtax": 1465300000,
        "costofgoodsandservicessold": 649219000,
        "grossprofit": 1161717000,
        "researchanddevelopmentexpense": 235824000,
        "sellingandmarketingexpense": 106832000,
        "generalandadministrativeexpense": 33811000,
        "operatingexpenses": 376467000,
        "operatingincomeloss": 785250000,
        "nonoperatingincomeexpense": 97660000,
        "incomelossfromcontinuingoperationsbeforeincometaxesextraordinaryitemsnoncontrollinginterest": 882910000,
        "incometaxexpensebenefit": 134972000,
        "netincomeloss": 747938000,
        "earningspersharebasic": 0.59,
        "earningspersharediluted": 0.58,
        "weightedaveragenumberofsharesoutstandingbasic": 1257928000,
        "weightedaveragenumberofdilutedsharesoutstanding": 1281792000,
        "othercomprehensiveincomeforeigncurrencytransactionandtranslationadjustmentnetoftaxportionattributabletoparent": 1541000,
        "othercomprehensiveincomeunrealizedholdinggainlossonsecuritiesarisingduringperiodnetoftax": 23126000,
        "othercomprehensiveincomelossreclassificationadjustmentfromaociforsaleofsecuritiesnetoftax": 21000,
        "othercomprehensiveincomelossnetoftaxportionattributabletoparent": 24646000,
        "comprehensiveincomenetoftax": 772584000
    },
    {
        "date": "2024-06-29",
        "symbol": "ANET",
        "period": "Q2",
        "revenuefromcontractwithcustomerexcludingassessedtax": 1423271000,
        "costofgoodsandservicessold": 540393000,
        "grossprofit": 1097213000,
        "researchanddevelopmentexpense": 267482000,
        "sellingandmarketingexpense": 104403000,
        "generalandadministrativeexpense": 25755000,
        "operatingexpenses": 397640000,
        "operatingincomeloss": 699573000,
        "nonoperatingincomeexpense": 70863000,
        "incomelossfromcontinuingoperationsbeforeincometaxesextraordinaryitemsnoncontrollinginterest": 770436000,
        "incometaxexpensebenefit": 105008000,
        "netincomeloss": 665428000,
        "earningspersharebasic": 2.12,
        "earningspersharediluted": 2.08,
        "weightedaveragenumberofsharesoutstandingbasic": 313372000,
        "weightedaveragenumberofdilutedsharesoutstanding": 319893000,
        "othercomprehensiveincomeforeigncurrencytransactionandtranslationadjustmentnetoftaxportionattributabletoparent": -973000,
        "othercomprehensiveincomeunrealizedholdinggainlossonsecuritiesarisingduringperiodnetoftax": -2156000,
        "othercomprehensiveincomelossreclassificationadjustmentfromaociforsaleofsecuritiesnetoftax": 0,
        "othercomprehensiveincomelossnetoftaxportionattributabletoparent": -3129000,
        "comprehensiveincomenetoftax": 662299000
    },
    {
        "date": "2024-03-30",
        "symbol": "ANET",
        "period": "Q1",
        "revenuefromcontractwithcustomerexcludingassessedtax": 1328845000,
        "costofgoodsandservicessold": 521679000,
        "grossprofit": 1001379000,
        "researchanddevelopmentexpense": 208395000,
        "sellingandmarketingexpense": 105080000,
        "generalandadministrativeexpense": 27763000,
        "operatingexpenses": 341238000,
        "operatingincomeloss": 660141000,
        "nonoperatingincomeexpense": 62620000,
        "incomelossfromcontinuingoperationsbeforeincometaxesextraordinaryitemsnoncontrollinginterest": 722761000,
        "incometaxexpensebenefit": 85069000,
        "netincomeloss": 637692000,
        "earningspersharebasic": 2.04,
        "earningspersharediluted": 1.99,
        "weightedaveragenumberofsharesoutstandingbasic": 313032000,
        "weightedaveragenumberofdilutedsharesoutstanding": 319865000,
        "othercomprehensiveincomeforeigncurrencytransactionandtranslationadjustmentnetoftaxportionattributabletoparent": -1404000,
        "othercomprehensiveincomeunrealizedholdinggainlossonsecuritiesarisingduringperiodnetoftax": -7191000,
        "othercomprehensiveincomelossreclassificationadjustmentfromaociforsaleofsecuritiesnetoftax": 6000,
        "othercomprehensiveincomelossnetoftaxportionattributabletoparent": -8601000,
        "comprehensiveincomenetoftax": 629091000
    },
    {
        "date": "2023-12-30",
        "symbol": "ANET",
        "period": "Q4",
        "revenuefromcontractwithcustomerexcludingassessedtax": 1527645000,
        "costofgoodsandservicessold": 416662000,
        "grossprofit": 999226000,
        "researchanddevelopmentexpense": 211481000,
        "sellingandmarketingexpense": 105538000,
        "generalandadministrativeexpense": 42293000,
        "operatingexpenses": 359312000,
        "operatingincomeloss": 639914000,
        "nonoperatingincomeexpense": 54477000,
        "incomelossfromcontinuingoperationsbeforeincometaxesextraordinaryitemsnoncontrollinginterest": 694391000,
        "incometaxexpensebenefit": 80755000,
        "netincomeloss": 613636000,
        "earningspersharebasic": 1.9700000000000002,
        "earningspersharediluted": 1.9200000000000004,
        "weightedaveragenumberofsharesoutstandingbasic": 309354000,
        "weightedaveragenumberofdilutedsharesoutstanding": 317135000,
        "othercomprehensiveincomeforeigncurrencytransactionandtranslationadjustmentnetoftaxportionattributabletoparent": 1870000,
        "othercomprehensiveincomeunrealizedholdinggainlossonsecuritiesarisingduringperiodnetoftax": 17984000,
        "othercomprehensiveincomelossnetoftaxportionattributabletoparent": 19838000,
        "comprehensiveincomenetoftax": 633474000
    },
    {
        "date": "2023-09-29",
        "symbol": "ANET",
        "period": "Q3",
        "revenuefromcontractwithcustomerexcludingassessedtax": 1285548000,
        "costofgoodsandservicessold": 522866000,
        "grossprofit": 942419000,
        "researchanddevelopmentexpense": 212353000,
        "sellingandmarketingexpense": 102033000,
        "generalandadministrativeexpense": 25338000,
        "operatingexpenses": 339724000,
        "operatingincomeloss": 602695000,
        "nonoperatingincomeexpense": 41815000,
        "incomelossfromcontinuingoperationsbeforeincometaxesextraordinaryitemsnoncontrollinginterest": 644510000,
        "incometaxexpensebenefit": 99183000,
        "netincomeloss": 545327000,
        "earningspersharebasic": 1.76,
        "earningspersharediluted": 1.72,
        "weightedaveragenumberofsharesoutstandingbasic": 310185000,
        "weightedaveragenumberofdilutedsharesoutstanding": 317631000,
        "othercomprehensiveincomeforeigncurrencytransactionandtranslationadjustmentnetoftaxportionattributabletoparent": -1378000,
        "othercomprehensiveincomeunrealizedholdinggainlossonsecuritiesarisingduringperiodnetoftax": 3446000,
        "othercomprehensiveincomelossreclassificationadjustmentfromaociforsaleofsecuritiesnetoftax": 26000,
        "othercomprehensiveincomelossnetoftaxportionattributabletoparent": 2042000,
        "comprehensiveincomenetoftax": 547369000
    },
    {
        "date": "2023-06-29",
        "symbol": "ANET",
        "period": "Q2",
        "revenuefromcontractwithcustomerexcludingassessedtax": 1116300000,
        "costofgoodsandservicessold": 574795000,
        "grossprofit": 884129000,
        "researchanddevelopmentexpense": 229676000,
        "sellingandmarketingexpense": 97971000,
        "generalandadministrativeexpense": 26420000,
        "operatingexpenses": 354067000,
        "operatingincomeloss": 530062000,
        "nonoperatingincomeexpense": 56339000,
        "incomelossfromcontinuingoperationsbeforeincometaxesextraordinaryitemsnoncontrollinginterest": 586401000,
        "incometaxexpensebenefit": 94516000,
        "netincomeloss": 491885000,
        "earningspersharebasic": 1.6,
        "earningspersharediluted": 1.56,
        "weightedaveragenumberofsharesoutstandingbasic": 825000,
        "weightedaveragenumberofdilutedsharesoutstanding": 453000,
        "othercomprehensiveincomeforeigncurrencytransactionandtranslationadjustmentnetoftaxportionattributabletoparent": 41000,
        "othercomprehensiveincomeunrealizedholdinggainlossonsecuritiesarisingduringperiodnetoftax": -3744000,
        "othercomprehensiveincomelossreclassificationadjustmentfromaociforsaleofsecuritiesnetoftax": 0,
        "othercomprehensiveincomelossnetoftaxportionattributabletoparent": -3703000,
        "comprehensiveincomenetoftax": 488182000
    },
    {
        "date": "2023-03-30",
        "symbol": "ANET",
        "period": "Q1",
        "revenuefromcontractwithcustomerexcludingassessedtax": 1100000000,
        "costofgoodsandservicessold": 546844000,
        "grossprofit": 804507000,
        "researchanddevelopmentexpense": 201408000,
        "sellingandmarketingexpense": 93492000,
        "generalandadministrativeexpense": 25029000,
        "operatingexpenses": 319929000,
        "operatingincomeloss": 484578000,
        "nonoperatingincomeexpense": 12146000,
        "incomelossfromcontinuingoperationsbeforeincometaxesextraordinaryitemsnoncontrollinginterest": 496724000,
        "incometaxexpensebenefit": 60251000,
        "netincomeloss": 436473000,
        "earningspersharebasic": 1.42,
        "earningspersharediluted": 1.38,
        "weightedaveragenumberofsharesoutstandingbasic": 306985000,
        "weightedaveragenumberofdilutedsharesoutstanding": 315578000,
        "othercomprehensiveincomeforeigncurrencytransactionandtranslationadjustmentnetoftaxportionattributabletoparent": 292000,
        "othercomprehensiveincomeunrealizedholdinggainlossonsecuritiesarisingduringperiodnetoftax": 8253000,
        "othercomprehensiveincomelossreclassificationadjustmentfromaociforsaleofsecuritiesnetoftax": -3858000,
        "othercomprehensiveincomelossnetoftaxportionattributabletoparent": 12403000,
        "comprehensiveincomenetoftax": 448876000
    },
    {
        "date": "2022-12-30",
        "symbol": "ANET",
        "period": "Q4",
        "revenuefromcontractwithcustomerexcludingassessedtax": 120373000,
        "costofgoodsandservicessold": 506946000,
        "grossprofit": 768606000,
        "researchanddevelopmentexpense": 190423000,
        "sellingandmarketingexpense": 85443000,
        "generalandadministrativeexpense": 23821000,
        "operatingexpenses": 299687000,
        "operatingincomeloss": 468919000,
        "nonoperatingincomeexpense": 16926000,
        "incomelossfromcontinuingoperationsbeforeincometaxesextraordinaryitemsnoncontrollinginterest": 485845000,
        "incometaxexpensebenefit": 58756000,
        "netincomeloss": 427089000,
        "earningspersharebasic": 1.3900000000000001,
        "earningspersharediluted": 1.3499999999999996,
        "weightedaveragenumberofsharesoutstandingbasic": -613257000,
        "weightedaveragenumberofdilutedsharesoutstanding": -634175000,
        "othercomprehensiveincomeforeigncurrencytransactionandtranslationadjustmentnetoftaxportionattributabletoparent": 2091000,
        "othercomprehensiveincomeunrealizedholdinggainlossonsecuritiesarisingduringperiodnetoftax": 10498000,
        "othercomprehensiveincomelossnetoftaxportionattributabletoparent": 13221000,
        "comprehensiveincomenetoftax": 440310000
    },
    {
        "date": "2022-09-29",
        "symbol": "ANET",
        "period": "Q3",
        "revenuefromcontractwithcustomerexcludingassessedtax": 88334000,
        "costofgoodsandservicessold": 466821000,
        "grossprofit": 709980000,
        "researchanddevelopmentexpense": 187807000,
        "sellingandmarketingexpense": 81401000,
        "generalandadministrativeexpense": 23425000,
        "operatingexpenses": 292633000,
        "operatingincomeloss": 417347000,
        "nonoperatingincomeexpense": 6817000,
        "incomelossfromcontinuingoperationsbeforeincometaxesextraordinaryitemsnoncontrollinginterest": 424164000,
        "incometaxexpensebenefit": 70165000,
        "netincomeloss": 353999000,
        "earningspersharebasic": 1.16,
        "earningspersharediluted": 1.13,
        "weightedaveragenumberofsharesoutstandingbasic": 304931000,
        "weightedaveragenumberofdilutedsharesoutstanding": 314401000,
        "othercomprehensiveincomeforeigncurrencytransactionandtranslationadjustmentnetoftaxportionattributabletoparent": -2574000,
        "othercomprehensiveincomeunrealizedholdinggainlossonsecuritiesarisingduringperiodnetoftax": -3236000,
        "othercomprehensiveincomelossnetoftaxportionattributabletoparent": -5810000,
        "comprehensiveincomenetoftax": 348189000
    },
    {
        "date": "2022-06-29",
        "symbol": "ANET",
        "period": "Q2",
        "revenuefromcontractwithcustomerexcludingassessedtax": 102298000,
        "costofgoodsandservicessold": 408626000,
        "grossprofit": 643265000,
        "researchanddevelopmentexpense": 178158000,
        "sellingandmarketingexpense": 79372000,
        "generalandadministrativeexpense": 22882000,
        "operatingexpenses": 280412000,
        "operatingincomeloss": 362853000,
        "nonoperatingincomeexpense": -533000,
        "incomelossfromcontinuingoperationsbeforeincometaxesextraordinaryitemsnoncontrollinginterest": 362320000,
        "incometaxexpensebenefit": 63221000,
        "netincomeloss": 299099000,
        "earningspersharebasic": 0.98,
        "earningspersharediluted": 0.94,
        "weightedaveragenumberofsharesoutstandingbasic": 306754000,
        "weightedaveragenumberofdilutedsharesoutstanding": 316581000,
        "othercomprehensiveincomeforeigncurrencytransactionandtranslationadjustmentnetoftaxportionattributabletoparent": -2359000,
        "othercomprehensiveincomeunrealizedholdinggainlossonsecuritiesarisingduringperiodnetoftax": -8459000,
        "othercomprehensiveincomelossnetoftaxportionattributabletoparent": -10818000,
        "comprehensiveincomenetoftax": 288281000
    },
    {
        "date": "2022-03-30",
        "symbol": "ANET",
        "period": "Q1",
        "revenuefromcontractwithcustomerexcludingassessedtax": 77884000,
        "costofgoodsandservicessold": 323221000,
        "grossprofit": 553845000,
        "researchanddevelopmentexpense": 172006000,
        "sellingandmarketingexpense": 80739000,
        "generalandadministrativeexpense": 23113000,
        "operatingexpenses": 275858000,
        "operatingincomeloss": 277987000,
        "nonoperatingincomeexpense": 31480000,
        "incomelossfromcontinuingoperationsbeforeincometaxesextraordinaryitemsnoncontrollinginterest": 309467000,
        "incometaxexpensebenefit": 37208000,
        "netincomeloss": 272259000,
        "earningspersharebasic": 0.88,
        "earningspersharediluted": 0.85,
        "weightedaveragenumberofsharesoutstandingbasic": 308045000,
        "weightedaveragenumberofdilutedsharesoutstanding": 319652000,
        "othercomprehensiveincomeforeigncurrencytransactionandtranslationadjustmentnetoftaxportionattributabletoparent": -373000,
        "othercomprehensiveincomeunrealizedholdinggainlossonsecuritiesarisingduringperiodnetoftax": -21828000,
        "othercomprehensiveincomelossnetoftaxportionattributabletoparent": -22201000,
        "comprehensiveincomenetoftax": 250058000
    },
    {
        "date": "2021-12-30",
        "symbol": "ANET",
        "period": "Q4",
        "revenuefromcontractwithcustomerexcludingassessedtax": 85319000,
        "costofgoodsandservicessold": 301745000,
        "grossprofit": 522714000,
        "researchanddevelopmentexpense": 157879000,
        "sellingandmarketingexpense": 74786000,
        "generalandadministrativeexpense": 24261000,
        "operatingexpenses": 256926000,
        "operatingincomeloss": 265788000,
        "nonoperatingincomeexpense": 1500000,
        "incomelossfromcontinuingoperationsbeforeincometaxesextraordinaryitemsnoncontrollinginterest": 267288000,
        "incometaxexpensebenefit": 27993000,
        "netincomeloss": 239295000,
        "earningspersharebasic": -5.119999999999999,
        "earningspersharediluted": -4.92,
        "weightedaveragenumberofsharesoutstandingbasic": 76881000,
        "weightedaveragenumberofdilutedsharesoutstanding": 79996000,
        "othercomprehensiveincomeforeigncurrencytransactionandtranslationadjustmentnetoftaxportionattributabletoparent": -284000,
        "othercomprehensiveincomeunrealizedholdinggainlossonsecuritiesarisingduringperiodnetoftax": -6012000,
        "othercomprehensiveincomelossnetoftaxportionattributabletoparent": -6296000,
        "comprehensiveincomenetoftax": 232999000
    },
    {
        "date": "2021-09-29",
        "symbol": "ANET",
        "period": "Q3",
        "revenuefromcontractwithcustomerexcludingassessedtax": 69161000,
        "costofgoodsandservicessold": 270082000,
        "grossprofit": 478615000,
        "researchanddevelopmentexpense": 153093000,
        "sellingandmarketingexpense": 69740000,
        "generalandadministrativeexpense": 22488000,
        "operatingexpenses": 245321000,
        "operatingincomeloss": 233294000,
        "nonoperatingincomeexpense": 1346000,
        "incomelossfromcontinuingoperationsbeforeincometaxesextraordinaryitemsnoncontrollinginterest": 234640000,
        "incometaxexpensebenefit": 10335000,
        "netincomeloss": 224305000,
        "earningspersharebasic": 2.92,
        "earningspersharediluted": 2.81,
        "weightedaveragenumberofsharesoutstandingbasic": 76864000,
        "weightedaveragenumberofdilutedsharesoutstanding": 79909000,
        "othercomprehensiveincomeforeigncurrencytransactionandtranslationadjustmentnetoftaxportionattributabletoparent": -747000,
        "othercomprehensiveincomeunrealizedholdinggainlossonsecuritiesarisingduringperiodnetoftax": -118000,
        "othercomprehensiveincomelossavailableforsalesecuritiesadjustmentnetoftax": -118000,
        "othercomprehensiveincomelossnetoftaxportionattributabletoparent": -865000,
        "comprehensiveincomenetoftax": 223440000
    },
    {
        "date": "2021-06-29",
        "symbol": "ANET",
        "period": "Q2",
        "revenuefromcontractwithcustomerexcludingassessedtax": 566467000,
        "costofgoodsandservicessold": 225779000,
        "grossprofit": 454178000,
        "researchanddevelopmentexpense": 143293000,
        "sellingandmarketingexpense": 70625000,
        "generalandadministrativeexpense": 20895000,
        "operatingexpenses": 234813000,
        "operatingincomeloss": 219365000,
        "nonoperatingincomeexpense": 1719000,
        "incomelossfromcontinuingoperationsbeforeincometaxesextraordinaryitemsnoncontrollinginterest": 221084000,
        "incometaxexpensebenefit": 24196000,
        "netincomeloss": 196888000,
        "earningspersharebasic": 2.58,
        "earningspersharediluted": 2.47,
        "weightedaveragenumberofsharesoutstandingbasic": 76461000,
        "weightedaveragenumberofdilutedsharesoutstanding": 79710000,
        "othercomprehensiveincomeforeigncurrencytransactionandtranslationadjustmentnetoftaxportionattributabletoparent": 191000,
        "othercomprehensiveincomeunrealizedholdinggainlossonsecuritiesarisingduringperiodnetoftax": -466000,
        "othercomprehensiveincomelossnetoftaxportionattributabletoparent": -275000,
        "comprehensiveincomenetoftax": 196613000
    },
    {
        "date": "2021-03-30",
        "symbol": "ANET",
        "period": "Q1",
        "revenuefromcontractwithcustomerexcludingassessedtax": 539145000,
        "costofgoodsandservicessold": 218433000,
        "grossprofit": 425272000,
        "researchanddevelopmentexpense": 132487000,
        "sellingandmarketingexpense": 71020000,
        "generalandadministrativeexpense": 15473000,
        "operatingexpenses": 218980000,
        "operatingincomeloss": 206292000,
        "nonoperatingincomeexpense": 1575000,
        "incomelossfromcontinuingoperationsbeforeincometaxesextraordinaryitemsnoncontrollinginterest": 207867000,
        "incometaxexpensebenefit": 27501000,
        "netincomeloss": 180366000,
        "earningspersharebasic": 2.36,
        "earningspersharediluted": 2.27,
        "weightedaveragenumberofsharesoutstandingbasic": 76306000,
        "weightedaveragenumberofdilutedsharesoutstanding": 79623000,
        "othercomprehensiveincomeforeigncurrencytransactionandtranslationadjustmentnetoftaxportionattributabletoparent": -541000,
        "othercomprehensiveincomeunrealizedholdinggainlossonsecuritiesarisingduringperiodnetoftax": -561000,
        "othercomprehensiveincomelossnetoftaxportionattributabletoparent": -1102000,
        "comprehensiveincomenetoftax": 179264000
    },
    {
        "date": "2020-12-30",
        "symbol": "ANET",
        "period": "Q4",
        "revenuefromcontractwithcustomerexcludingassessedtax": 518281000,
        "costofgoodsandservicessold": 210436000,
        "grossprofit": 414584000,
        "researchanddevelopmentexpense": 133847000,
        "sellingandmarketingexpense": 67671000,
        "generalandadministrativeexpense": 18428000,
        "operatingexpenses": 219946000,
        "operatingincomeloss": 194638000,
        "nonoperatingincomeexpense": 5542000,
        "incomelossfromcontinuingoperationsbeforeincometaxesextraordinaryitemsnoncontrollinginterest": 200180000,
        "incometaxexpensebenefit": 17222000,
        "netincomeloss": 182958000,
        "netincomelossavailabletocommonstockholdersbasic": 182958000,
        "netincomelossavailabletocommonstockholdersdiluted": 182958000,
        "earningspersharebasic": 2.3999999999999986,
        "earningspersharediluted": 2.31,
        "weightedaveragenumberofsharesoutstandingbasic": -152087000,
        "weightedaveragenumberofdilutedsharesoutstanding": -159085000,
        "othercomprehensiveincomeforeigncurrencytransactionandtranslationadjustmentnetoftaxportionattributabletoparent": 1995000,
        "othercomprehensiveincomeunrealizedholdinggainlossonsecuritiesarisingduringperiodnetoftax": -823000,
        "othercomprehensiveincomelossnetoftaxportionattributabletoparent": 1172000,
        "comprehensiveincomenetoftax": 184130000
    },
    {
        "date": "2020-09-29",
        "symbol": "ANET",
        "period": "Q3",
        "revenuefromcontractwithcustomerexcludingassessedtax": 480242000,
        "costofgoodsandservicessold": 199465000,
        "grossprofit": 384962000,
        "researchanddevelopmentexpense": 128049000,
        "sellingandmarketingexpense": 53372000,
        "generalandadministrativeexpense": 15146000,
        "operatingexpenses": 196567000,
        "operatingincomeloss": 188395000,
        "nonoperatingincomeexpense": 13224000,
        "incomelossfromcontinuingoperationsbeforeincometaxesextraordinaryitemsnoncontrollinginterest": 201619000,
        "incometaxexpensebenefit": 33244000,
        "netincomeloss": 168375000,
        "netincomelossavailabletocommonstockholdersbasic": 168375000,
        "netincomelossavailabletocommonstockholdersdiluted": 168375000,
        "earningspersharebasic": 2.22,
        "earningspersharediluted": 2.12,
        "weightedaveragenumberofsharesoutstandingbasic": 75999000,
        "weightedaveragenumberofdilutedsharesoutstanding": 79313000,
        "othercomprehensiveincomeforeigncurrencytransactionandtranslationadjustmentnetoftaxportionattributabletoparent": 1065000,
        "othercomprehensiveincomeunrealizedholdinggainlossonsecuritiesarisingduringperiodnetoftax": -390000,
        "othercomprehensiveincomelossreclassificationadjustmentfromaociforsaleofsecuritiesnetoftax": 9432000,
        "othercomprehensiveincomelossavailableforsalesecuritiesadjustmentnetoftax": -9822000,
        "othercomprehensiveincomelossnetoftaxportionattributabletoparent": -8757000,
        "comprehensiveincomenetoftax": 159618000
    },
    {
        "date": "2020-06-29",
        "symbol": "ANET",
        "period": "Q2",
        "netincomeloss": 144793000,
        "othercomprehensiveincomeforeigncurrencytransactionandtranslationadjustmentnetoftaxportionattributabletoparent": 1193000,
        "othercomprehensiveincomeunrealizedholdinggainlossonsecuritiesarisingduringperiodnetoftax": 5802000,
        "othercomprehensiveincomelossnetoftaxportionattributabletoparent": 6995000,
        "comprehensiveincomenetoftax": 151788000,
        "revenuefromcontractwithcustomerexcludingassessedtax": 421413000,
        "costofgoodsandservicessold": 176432000,
        "grossprofit": 344089000,
        "researchanddevelopmentexpense": 111544000,
        "sellingandmarketingexpense": 51237000,
        "generalandadministrativeexpense": 14319000,
        "operatingexpenses": 177100000,
        "operatingincomeloss": 166989000,
        "nonoperatingincomeexpense": 8256000,
        "incomelossfromcontinuingoperationsbeforeincometaxesextraordinaryitemsnoncontrollinginterest": 175245000,
        "incometaxexpensebenefit": 30452000,
        "netincomelossavailabletocommonstockholdersbasic": 144793000,
        "netincomelossavailabletocommonstockholdersdiluted": 144793000,
        "earningspersharebasic": 1.91,
        "earningspersharediluted": 1.83,
        "weightedaveragenumberofsharesoutstandingbasic": 75808000,
        "weightedaveragenumberofdilutedsharesoutstanding": 79298000
    },
    {
        "date": "2020-03-30",
        "symbol": "ANET",
        "period": "Q1",
        "netincomeloss": 138431000,
        "othercomprehensiveincomeforeigncurrencytransactionandtranslationadjustmentnetoftaxportionattributabletoparent": -2739000,
        "othercomprehensiveincomeunrealizedholdinggainlossonsecuritiesarisingduringperiodnetoftax": 3424000,
        "othercomprehensiveincomelossnetoftaxportionattributabletoparent": 685000,
        "comprehensiveincomenetoftax": 139116000,
        "revenuefromcontractwithcustomerexcludingassessedtax": 410906000,
        "costofgoodsandservicessold": 163629000,
        "grossprofit": 338251000,
        "researchanddevelopmentexpense": 113154000,
        "sellingandmarketingexpense": 57086000,
        "generalandadministrativeexpense": 18349000,
        "operatingexpenses": 188589000,
        "operatingincomeloss": 149662000,
        "nonoperatingincomeexpense": 12157000,
        "incomelossfromcontinuingoperationsbeforeincometaxesextraordinaryitemsnoncontrollinginterest": 161819000,
        "incometaxexpensebenefit": 23388000,
        "netincomelossavailabletocommonstockholdersbasic": 138431000,
        "netincomelossavailabletocommonstockholdersdiluted": 138431000,
        "earningspersharebasic": 1.82,
        "earningspersharediluted": 1.73,
        "weightedaveragenumberofsharesoutstandingbasic": 76264000,
        "weightedaveragenumberofdilutedsharesoutstanding": 79939000
    },
    {
        "date": "2019-12-30",
        "symbol": "ANET",
        "period": "Q4",
        "netincomeloss": 260692000,
        "othercomprehensiveincomeforeigncurrencytransactionandtranslationadjustmentnetoftaxportionattributabletoparent": 1081000,
        "othercomprehensiveincomeunrealizedholdinggainlossonsecuritiesarisingduringperiodnetoftax": -1139000,
        "othercomprehensiveincomelossnetoftaxportionattributabletoparent": -58000,
        "comprehensiveincomenetoftax": 260634000,
        "revenuefromcontractwithcustomerexcludingassessedtax": 357489000,
        "costofgoodsandservicessold": 158774000,
        "grossprofit": 356303000,
        "researchanddevelopmentexpense": 110063000,
        "sellingandmarketingexpense": 54535000,
        "generalandadministrativeexpense": 15716000,
        "operatingexpenses": 180314000,
        "operatingincomeloss": 175989000,
        "nonoperatingincomeexpense": 11183000,
        "incomelossfromcontinuingoperationsbeforeincometaxesextraordinaryitemsnoncontrollinginterest": 187172000,
        "incometaxexpensebenefit": -73520000,
        "netincomelossavailabletocommonstockholdersbasic": 260582000,
        "netincomelossavailabletocommonstockholdersdiluted": 260588000,
        "earningspersharebasic": 3.409999999999999,
        "earningspersharediluted": 3.2400000000000007,
        "weightedaveragenumberofsharesoutstandingbasic": -152586000,
        "weightedaveragenumberofdilutedsharesoutstanding": -162410000
    },
    {
        "date": "2019-09-29",
        "symbol": "ANET",
        "period": "Q3",
        "netincomeloss": 208895000,
        "othercomprehensiveincomeforeigncurrencytransactionandtranslationadjustmentnetoftaxportionattributabletoparent": -1730000,
        "othercomprehensiveincomeunrealizedholdinggainlossonsecuritiesarisingduringperiodnetoftax": -104000,
        "othercomprehensiveincomelossnetoftaxportionattributabletoparent": -1834000,
        "comprehensiveincomenetoftax": 207061000,
        "revenuefromcontractwithcustomerexcludingassessedtax": 555066000,
        "costofgoodsandservicessold": 218220000,
        "grossprofit": 417274000,
        "researchanddevelopmentexpense": 118732000,
        "sellingandmarketingexpense": 55279000,
        "generalandadministrativeexpense": 14657000,
        "operatingexpenses": 188668000,
        "operatingincomeloss": 228606000,
        "nonoperatingincomeexpense": 19169000,
        "incomelossfromcontinuingoperationsbeforeincometaxesextraordinaryitemsnoncontrollinginterest": 247775000,
        "incometaxexpensebenefit": 38880000,
        "netincomelossavailabletocommonstockholdersbasic": 208799000,
        "netincomelossavailabletocommonstockholdersdiluted": 208804000,
        "earningspersharebasic": 2.73,
        "earningspersharediluted": 2.59,
        "weightedaveragenumberofsharesoutstandingbasic": 76426000,
        "weightedaveragenumberofdilutedsharesoutstanding": 80753000
    },
    {
        "date": "2019-06-29",
        "symbol": "ANET",
        "period": "Q2",
        "netincomeloss": 189251000,
        "othercomprehensiveincomeforeigncurrencytransactionandtranslationadjustmentnetoftaxportionattributabletoparent": -272000,
        "othercomprehensiveincomeunrealizedholdinggainlossonsecuritiesarisingduringperiodnetoftax": 2887000,
        "othercomprehensiveincomelossnetoftaxportionattributabletoparent": 2615000,
        "comprehensiveincomenetoftax": 191866000,
        "revenuefromcontractwithcustomerexcludingassessedtax": 513171000,
        "costofgoodsandservicessold": 200534000,
        "grossprofit": 390191000,
        "researchanddevelopmentexpense": 114295000,
        "sellingandmarketingexpense": 53040000,
        "generalandadministrativeexpense": 16019000,
        "operatingexpenses": 183354000,
        "operatingincomeloss": 206837000,
        "nonoperatingincomeexpense": 13811000,
        "incomelossfromcontinuingoperationsbeforeincometaxesextraordinaryitemsnoncontrollinginterest": 220648000,
        "incometaxexpensebenefit": 31397000,
        "netincomelossavailabletocommonstockholdersbasic": 189152000,
        "netincomelossavailabletocommonstockholdersdiluted": 189158000,
        "earningspersharebasic": 2.47,
        "earningspersharediluted": 2.33,
        "weightedaveragenumberofsharesoutstandingbasic": 76552000,
        "weightedaveragenumberofdilutedsharesoutstanding": 81335000
    },
    {
        "date": "2019-03-30",
        "symbol": "ANET",
        "period": "Q1",
        "netincomeloss": 201029000,
        "othercomprehensiveincomeforeigncurrencytransactionandtranslationadjustmentnetoftaxportionattributabletoparent": 235000,
        "othercomprehensiveincomeunrealizedholdinggainlossonsecuritiesarisingduringperiodnetoftax": 3179000,
        "othercomprehensiveincomelossnetoftaxportionattributabletoparent": 3414000,
        "comprehensiveincomenetoftax": 204443000,
        "revenuefromcontractwithcustomerexcludingassessedtax": 595424000,
        "costofgoodsandservicessold": 214854000,
        "grossprofit": 380570000,
        "researchanddevelopmentexpense": 119669000,
        "sellingandmarketingexpense": 51053000,
        "generalandadministrativeexpense": 15506000,
        "operatingexpenses": 186228000,
        "operatingincomeloss": 194342000,
        "othernonoperatingincomeexpense": 12333000,
        "nonoperatingincomeexpense": 12333000,
        "incomelossfromcontinuingoperationsbeforeincometaxesextraordinaryitemsnoncontrollinginterest": 206675000,
        "incometaxexpensebenefit": 5646000,
        "netincomelossavailabletocommonstockholdersbasic": 200911000,
        "netincomelossavailabletocommonstockholdersdiluted": 200918000,
        "earningspersharebasic": 2.65,
        "earningspersharediluted": 2.47,
        "weightedaveragenumberofsharesoutstandingbasic": 75920000,
        "weightedaveragenumberofdilutedsharesoutstanding": 81201000
    },
    {
        "date": "2018-09-29",
        "symbol": "ANET",
        "period": "Q3",
        "netincomeloss": 168524000,
        "othercomprehensiveincomeforeigncurrencytransactionandtranslationadjustmentnetoftaxportionattributabletoparent": -379000,
        "othercomprehensiveincomeunrealizedholdinggainlossonsecuritiesarisingduringperiodnetoftax": 488000,
        "othercomprehensiveincomelossnetoftaxportionattributabletoparent": 109000,
        "comprehensiveincomenetoftax": 168633000,
        "grossprofit": 361583000,
        "researchanddevelopmentexpense": 117589000,
        "sellingandmarketingexpense": 47903000,
        "generalandadministrativeexpense": 15321000,
        "operatingexpenses": 180813000,
        "operatingincomeloss": 180770000,
        "othernonoperatingincomeexpense": 9292000,
        "nonoperatingincomeexpense": 8619000,
        "incomelossfromcontinuingoperationsbeforeincometaxesextraordinaryitemsnoncontrollinginterest": 189389000,
        "incometaxexpensebenefit": 744000,
        "netincomelossavailabletocommonstockholdersbasic": 168444000,
        "netincomelossavailabletocommonstockholdersdiluted": 168444000,
        "earningspersharebasic": 2.25,
        "earningspersharediluted": 2.24,
        "weightedaveragenumberofsharesoutstandingbasic": -73991000,
        "weightedaveragenumberofdilutedsharesoutstanding": -74380000
    },
    {
        "date": "2018-06-29",
        "symbol": "ANET",
        "period": "Q2",
        "netincomeloss": -155269000,
        "othercomprehensiveincomeforeigncurrencytransactionandtranslationadjustmentnetoftaxportionattributabletoparent": -1167000,
        "othercomprehensiveincomeunrealizedholdinggainlossonsecuritiesarisingduringperiodnetoftax": 242000,
        "othercomprehensiveincomelossnetoftaxportionattributabletoparent": -925000,
        "comprehensiveincomenetoftax": -156194000,
        "revenuefromcontractwithcustomerincludingassessedtax": 101811000,
        "costofgoodsandservicessold": 14340000,
        "grossprofit": 333883000,
        "researchanddevelopmentexpense": 104078000,
        "sellingandmarketingexpense": 46188000,
        "generalandadministrativeexpense": 18420000,
        "litigationsettlementexpense": 405000000,
        "operatingexpenses": 573686000,
        "operatingincomeloss": -239803000,
        "interestexpense": 680000,
        "othernonoperatingincomeexpense": -1489000,
        "nonoperatingincomeexpense": -2169000,
        "incomelossfromcontinuingoperationsbeforeincometaxesextraordinaryitemsnoncontrollinginterest": -241972000,
        "incometaxexpensebenefit": -99000000,
        "netincomelossavailabletocommonstockholdersbasic": -155187000,
        "netincomelossavailabletocommonstockholdersdiluted": -155187000,
        "earningspersharebasic": -2.08,
        "earningspersharediluted": -2.08,
        "weightedaveragenumberofsharesoutstandingbasic": 74503000,
        "weightedaveragenumberofdilutedsharesoutstanding": 74503000
    },
    {
        "date": "2018-03-30",
        "symbol": "ANET",
        "period": "Q1",
        "netincomeloss": 144538000,
        "othercomprehensiveincomeforeigncurrencytransactionandtranslationadjustmentnetoftaxportionattributabletoparent": 353000,
        "othercomprehensiveincomeunrealizedholdinggainlossonsecuritiesarisingduringperiodnetoftax": -2041000,
        "othercomprehensiveincomelossnetoftaxportionattributabletoparent": -1688000,
        "comprehensiveincomenetoftax": 142850000,
        "salesrevenuegoodsnet": 407617000,
        "salesrevenueservicesnet": 64872000,
        "salesrevenuenet": 121886000,
        "costofgoodssold": 156691000,
        "costofservices": 12879000,
        "costofrevenue": 169570000,
        "grossprofit": 302919000,
        "researchanddevelopmentexpense": 102362000,
        "sellingandmarketingexpense": 42140000,
        "generalandadministrativeexpense": 19679000,
        "operatingexpenses": 164181000,
        "operatingincomeloss": 138738000,
        "interestexpenseexcludingrelatedparty": 687000,
        "othernonoperatingincomeexpense": 4843000,
        "nonoperatingincomeexpense": 4156000,
        "incomelossfromcontinuingoperationsbeforeincometaxesextraordinaryitemsnoncontrollinginterest": 142894000,
        "incometaxexpensebenefit": -1644000,
        "netincomelossavailabletocommonstockholdersbasic": 144449000,
        "netincomelossavailabletocommonstockholdersdiluted": 144456000,
        "earningspersharebasic": 1.95,
        "earningspersharediluted": 1.79,
        "weightedaveragenumberofsharesoutstandingbasic": 73994000,
        "weightedaveragenumberofdilutedsharesoutstanding": 80721000
    },
    {
        "date": "2017-09-29",
        "symbol": "ANET",
        "period": "Q3",
        "netincomeloss": 133722000,
        "othercomprehensiveincomeforeigncurrencytransactionandtranslationadjustmentnetoftaxportionattributabletoparent": 343000,
        "othercomprehensiveincomeunrealizedholdinggainlossonsecuritiesarisingduringperiodnetoftax": -165000,
        "othercomprehensiveincomelossnetoftaxportionattributabletoparent": 178000,
        "comprehensiveincomenetoftax": 133900000,
        "salesrevenuegoodsnet": 380344000,
        "salesrevenueservicesnet": 57289000,
        "salesrevenuenet": 79143000,
        "costofgoodssold": 145874000,
        "costofservices": 11142000,
        "costofgoodsandservicessold": 157016000,
        "grossprofit": 280617000,
        "researchanddevelopmentexpense": 79610000,
        "sellingandmarketingexpense": 40640000,
        "generalandadministrativeexpense": 19535000,
        "operatingexpenses": 139785000,
        "operatingincomeloss": 140832000,
        "interestexpenseexcludingrelatedparty": 701000,
        "othernonoperatingincomeexpense": 2136000,
        "nonoperatingincomeexpense": 1435000,
        "incomelossfromcontinuingoperationsbeforeincometaxesextraordinaryitemsnoncontrollinginterest": 142267000,
        "incometaxexpensebenefit": 8545000,
        "netincomelossavailabletocommonstockholdersbasic": 133540000,
        "netincomelossavailabletocommonstockholdersdiluted": 133555000,
        "earningspersharebasic": 1.84,
        "earningspersharediluted": 1.68,
        "weightedaveragenumberofsharesoutstandingbasic": 72588000,
        "weightedaveragenumberofdilutedsharesoutstanding": 79322000
    },
    {
        "date": "2017-06-29",
        "symbol": "ANET",
        "period": "Q2",
        "netincomeloss": 102685000,
        "othercomprehensiveincomeforeigncurrencytransactionandtranslationadjustmentnetoftaxportionattributabletoparent": 384000,
        "othercomprehensiveincomeunrealizedholdinggainlossonsecuritiesarisingduringperiodnetoftax": -7000,
        "othercomprehensiveincomelossnetoftaxportionattributabletoparent": 377000,
        "comprehensiveincomenetoftax": 103062000,
        "salesrevenuegoodsnet": 353904000,
        "salesrevenueservicesnet": 51307000,
        "salesrevenuenet": 77367000,
        "costofgoodssold": 134406000,
        "costofservices": 11028000,
        "costofgoodsandservicessold": 145434000,
        "grossprofit": 259777000,
        "researchanddevelopmentexpense": 81194000,
        "sellingandmarketingexpense": 38630000,
        "generalandadministrativeexpense": 23319000,
        "operatingexpenses": 143143000,
        "operatingincomeloss": 116634000,
        "interestexpenseexcludingrelatedparty": 623000,
        "othernonoperatingincomeexpense": 1119000,
        "nonoperatingincomeexpense": 496000,
        "incomelossfromcontinuingoperationsbeforeincometaxesextraordinaryitemsnoncontrollinginterest": 117130000,
        "incometaxexpensebenefit": 14445000,
        "netincomelossavailabletocommonstockholdersbasic": 102454000,
        "netincomelossavailabletocommonstockholdersdiluted": 102474000,
        "earningspersharebasic": 1.42,
        "earningspersharediluted": 1.3,
        "weightedaveragenumberofsharesoutstandingbasic": 71992000,
        "weightedaveragenumberofdilutedsharesoutstanding": 78756000
    },
    {
        "date": "2017-03-30",
        "symbol": "ANET",
        "period": "Q1",
        "netincomeloss": 82961000,
        "othercomprehensiveincomeforeigncurrencytransactionandtranslationadjustmentnetoftaxportionattributabletoparent": -227000,
        "othercomprehensiveincomeunrealizedholdinggainlossonsecuritiesarisingduringperiodnetoftax": 72000,
        "othercomprehensiveincomelossnetoftaxportionattributabletoparent": -155000,
        "comprehensiveincomenetoftax": 82806000,
        "salesrevenuegoodsnet": 291367000,
        "salesrevenueservicesnet": 44108000,
        "salesrevenuenet": 335475000,
        "costofgoodssold": 109836000,
        "costofservices": 11429000,
        "costofgoodsandservicessold": 121265000,
        "grossprofit": 214210000,
        "researchanddevelopmentexpense": 81610000,
        "sellingandmarketingexpense": 37027000,
        "generalandadministrativeexpense": 22155000,
        "operatingexpenses": 140792000,
        "operatingincomeloss": 73418000,
        "interestexpenseexcludingrelatedparty": 715000,
        "othernonoperatingincomeexpense": 1025000,
        "nonoperatingincomeexpense": 310000,
        "incomelossfromcontinuingoperationsbeforeincometaxesextraordinaryitemsnoncontrollinginterest": 73728000,
        "incometaxexpensebenefit": -9200000,
        "netincomelossavailabletocommonstockholdersbasic": 82694000,
        "netincomelossavailabletocommonstockholdersdiluted": 82716000,
        "earningspersharebasic": 1.16,
        "earningspersharediluted": 1.07,
        "weightedaveragenumberofsharesoutstandingbasic": 71114000,
        "weightedaveragenumberofdilutedsharesoutstanding": 77516000
    },
    {
        "date": "2016-09-29",
        "symbol": "ANET",
        "period": "Q3",
        "netincomeloss": 51257000,
        "othercomprehensiveincomeforeigncurrencytransactionandtranslationadjustmentnetoftaxportionattributabletoparent": -165000,
        "othercomprehensiveincomeunrealizedholdinggainlossonsecuritiesarisingduringperiodnetoftax": -113000,
        "othercomprehensiveincomelossnetoftaxportionattributabletoparent": -278000,
        "comprehensiveincomenetoftax": 50979000,
        "salesrevenuegoodsnet": 254238000,
        "salesrevenueservicesnet": 36023000,
        "salesrevenuenet": 37728000,
        "costofgoodssold": 94777000,
        "costofservices": 9064000,
        "costofgoodsandservicessold": 103841000,
        "grossprofit": 186420000,
        "researchanddevelopmentexpense": 70648000,
        "sellingandmarketingexpense": 33216000,
        "generalandadministrativeexpense": 19535000,
        "operatingexpenses": 123399000,
        "operatingincomeloss": 63021000,
        "interestexpenseexcludingrelatedparty": 735000,
        "othernonoperatingincomeexpense": 639000,
        "nonoperatingincomeexpense": -96000,
        "incomelossfromcontinuingoperationsbeforeincometaxesextraordinaryitemsnoncontrollinginterest": 62925000,
        "incometaxexpensebenefit": 11700000,
        "netincomelossavailabletocommonstockholdersbasic": 50962000,
        "netincomelossavailabletocommonstockholdersdiluted": 50980000,
        "earningspersharebasic": 0.74,
        "earningspersharediluted": 0.69,
        "weightedaveragenumberofsharesoutstandingbasic": 69076000,
        "weightedaveragenumberofdilutedsharesoutstanding": 73453000
    },
    {
        "date": "2016-06-29",
        "symbol": "ANET",
        "period": "Q2",
        "netincomeloss": 38904000,
        "othercomprehensiveincomeforeigncurrencytransactionandtranslationadjustmentnetoftaxportionattributabletoparent": -308000,
        "othercomprehensiveincomeunrealizedholdinggainlossonsecuritiesarisingduringperiodnetoftax": 255000,
        "othercomprehensiveincomelossnetoftaxportionattributabletoparent": -53000,
        "comprehensiveincomenetoftax": 38851000,
        "salesrevenuegoodsnet": 235616000,
        "salesrevenueservicesnet": 33125000,
        "salesrevenuenet": 42644000,
        "costofgoodssold": 88021000,
        "costofservices": 9269000,
        "costofgoodsandservicessold": 97290000,
        "grossprofit": 171451000,
        "researchanddevelopmentexpense": 69020000,
        "sellingandmarketingexpense": 31744000,
        "generalandadministrativeexpense": 17529000,
        "operatingexpenses": 118293000,
        "operatingincomeloss": 53158000,
        "interestexpenseexcludingrelatedparty": 732000,
        "othernonoperatingincomeexpense": 416000,
        "nonoperatingincomeexpense": -316000,
        "incomelossfromcontinuingoperationsbeforeincometaxesextraordinaryitemsnoncontrollinginterest": 52842000,
        "incometaxexpensebenefit": 13938000,
        "netincomelossavailabletocommonstockholdersbasic": 38617000,
        "netincomelossavailabletocommonstockholdersdiluted": 38635000,
        "earningspersharebasic": 0.57,
        "earningspersharediluted": 0.53,
        "weightedaveragenumberofsharesoutstandingbasic": 68275000,
        "weightedaveragenumberofdilutedsharesoutstanding": 72817000
    },
    {
        "date": "2016-03-30",
        "symbol": "ANET",
        "period": "Q1",
        "netincomeloss": 35245000,
        "othercomprehensiveincomeforeigncurrencytransactionandtranslationadjustmentnetoftaxportionattributabletoparent": 71000,
        "othercomprehensiveincomeunrealizedholdinggainlossonsecuritiesarisingduringperiodnetoftax": -49000,
        "othercomprehensiveincomelossnetoftaxportionattributabletoparent": 22000,
        "comprehensiveincomenetoftax": 35267000,
        "salesrevenuegoodsnet": 212475000,
        "salesrevenueservicesnet": 29721000,
        "salesrevenuenet": 242196000,
        "costofgoodssold": 78913000,
        "costofservices": 8193000,
        "costofgoodsandservicessold": 87106000,
        "grossprofit": 155090000,
        "researchanddevelopmentexpense": 62515000,
        "sellingandmarketingexpense": 27606000,
        "generalandadministrativeexpense": 15234000,
        "operatingexpenses": 105355000,
        "operatingincomeloss": 49735000,
        "interestexpenseexcludingrelatedparty": 751000,
        "othernonoperatingincomeexpense": 337000,
        "nonoperatingincomeexpense": -414000,
        "incomelossfromcontinuingoperationsbeforeincometaxesextraordinaryitemsnoncontrollinginterest": 49321000,
        "incometaxexpensebenefit": 14076000,
        "netincomelossavailabletocommonstockholdersbasic": 34921000,
        "netincomelossavailabletocommonstockholdersdiluted": 34941000,
        "earningspersharebasic": 0.52,
        "earningspersharediluted": 0.48,
        "weightedaveragenumberofsharesoutstandingbasic": 67737000,
        "weightedaveragenumberofdilutedsharesoutstanding": 72214000
    },
    {
        "date": "2015-09-29",
        "symbol": "ANET",
        "period": "Q3",
        "netincomeloss": 28690000,
        "othercomprehensiveincomeforeigncurrencytransactionandtranslationadjustmentnetoftaxportionattributabletoparent": -249000,
        "othercomprehensiveincomeunrealizedholdinggainlossonsecuritiesarisingduringperiodnetoftax": -39000,
        "othercomprehensiveincomelossnetoftaxportionattributabletoparent": -288000,
        "comprehensiveincomenetoftax": 28402000,
        "salesrevenuegoodsnet": 193339000,
        "salesrevenueservicesnet": 24209000,
        "salesrevenuenet": 29457000,
        "costofgoodssold": 67990000,
        "costofservices": 7810000,
        "costofgoodsandservicessold": 75800000,
        "grossprofit": 141748000,
        "researchanddevelopmentexpense": 58748000,
        "sellingandmarketingexpense": 26508000,
        "generalandadministrativeexpense": 25195000,
        "operatingexpenses": 110451000,
        "operatingincomeloss": 31297000,
        "interestexpenseexcludingrelatedparty": 753000,
        "othernonoperatingincomeexpense": 13000,
        "nonoperatingincomeexpense": -740000,
        "incomelossfromcontinuingoperationsbeforeincometaxesextraordinaryitemsnoncontrollinginterest": 30557000,
        "incometaxexpensebenefit": 1867000,
        "netincomelossavailabletocommonstockholdersbasic": 28301000,
        "netincomelossavailabletocommonstockholdersdiluted": 28329000,
        "earningspersharebasic": 0.42,
        "earningspersharediluted": 0.39,
        "weightedaveragenumberofsharesoutstandingbasic": 66629000,
        "weightedaveragenumberofdilutedsharesoutstanding": 71887000
    },
    {
        "date": "2015-06-29",
        "symbol": "ANET",
        "period": "Q2",
        "netincomeloss": 23996000,
        "othercomprehensiveincomeforeigncurrencytransactionandtranslationadjustmentnetoftaxportionattributabletoparent": 113000,
        "othercomprehensiveincomeunrealizedholdinggainlossonsecuritiesarisingduringperiodnetoftax": 96000,
        "othercomprehensiveincomelossnetoftaxportionattributabletoparent": 209000,
        "comprehensiveincomenetoftax": 24205000,
        "salesrevenuegoodsnet": 174072000,
        "salesrevenueservicesnet": 21480000,
        "salesrevenuenet": 24782000,
        "costofgoodssold": 60014000,
        "costofservices": 7648000,
        "costofgoodsandservicessold": 67662000,
        "grossprofit": 127890000,
        "researchanddevelopmentexpense": 49947000,
        "sellingandmarketingexpense": 26681000,
        "generalandadministrativeexpense": 18403000,
        "operatingexpenses": 95031000,
        "operatingincomeloss": 32859000,
        "interestexpenseexcludingrelatedparty": 832000,
        "othernonoperatingincomeexpense": 417000,
        "nonoperatingincomeexpense": -415000,
        "incomelossfromcontinuingoperationsbeforeincometaxesextraordinaryitemsnoncontrollinginterest": 32444000,
        "incometaxexpensebenefit": 8448000,
        "netincomelossavailabletocommonstockholdersbasic": 23607000,
        "netincomelossavailabletocommonstockholdersdiluted": 23638000,
        "earningspersharebasic": 0.36,
        "earningspersharediluted": 0.33,
        "weightedaveragenumberofsharesoutstandingbasic": 65524000,
        "weightedaveragenumberofdilutedsharesoutstanding": 71215000
    },
    {
        "date": "2015-03-30",
        "symbol": "ANET",
        "period": "Q1",
        "netincomeloss": 24492000,
        "othercomprehensiveincomeforeigncurrencytransactionandtranslationadjustmentnetoftaxportionattributabletoparent": -183000,
        "othercomprehensiveincomeunrealizedholdinggainlossonsecuritiesarisingduringperiodnetoftax": 166000,
        "othercomprehensiveincomelossnetoftaxportionattributabletoparent": -17000,
        "comprehensiveincomenetoftax": 24475000,
        "salesrevenuegoodsnet": 160141000,
        "salesrevenueservicesnet": 18904000,
        "salesrevenuenet": 179045000,
        "costofgoodssold": 54439000,
        "costofservices": 6852000,
        "costofgoodsandservicessold": 61291000,
        "grossprofit": 117754000,
        "researchanddevelopmentexpense": 43340000,
        "sellingandmarketingexpense": 24587000,
        "generalandadministrativeexpense": 14072000,
        "operatingexpenses": 81999000,
        "operatingincomeloss": 35755000,
        "interestexpenseexcludingrelatedparty": 821000,
        "othernonoperatingincomeexpense": -468000,
        "nonoperatingincomeexpense": -1289000,
        "incomelossfromcontinuingoperationsbeforeincometaxesextraordinaryitemsnoncontrollinginterest": 34466000,
        "incometaxexpensebenefit": 9974000,
        "netincomelossavailabletocommonstockholdersbasic": 24032000,
        "netincomelossavailabletocommonstockholdersdiluted": 24071000,
        "earningspersharebasic": 0.37,
        "earningspersharediluted": 0.34,
        "weightedaveragenumberofsharesoutstandingbasic": 64635000,
        "weightedaveragenumberofdilutedsharesoutstanding": 70722000
    },
    {
        "date": "2014-06-29",
        "symbol": "ANET",
        "period": "Q2",
        "netincomeloss": 21618000,
        "othercomprehensiveincomeforeigncurrencytransactionandtranslationadjustmentnetoftaxportionattributabletoparent": 12000,
        "othercomprehensiveincomelossnetoftaxportionattributabletoparent": 12000,
        "comprehensiveincomenetoftax": 21630000,
        "salesrevenuenet": 14161000,
        "costofrevenue": 44567000,
        "grossprofit": 93380000,
        "researchanddevelopmentexpense": 34888000,
        "sellingandmarketingexpense": 20711000,
        "generalandadministrativeexpense": 7126000,
        "operatingexpenses": 62725000,
        "operatingincomeloss": 30655000,
        "interestexpenserelatedparty": 350000,
        "interestexpenseexcludingrelatedparty": 1085000,
        "othernonoperatingincomeexpense": 2472000,
        "nonoperatingincomeexpense": 1037000,
        "incomelossfromcontinuingoperationsbeforeincometaxesextraordinaryitemsnoncontrollinginterest": 31692000,
        "incometaxexpensebenefit": 10074000,
        "netincomelossavailabletocommonstockholdersbasic": 14212000,
        "netincomelossavailabletocommonstockholdersdiluted": 14851000,
        "earningspersharebasic": 0.37,
        "earningspersharediluted": 0.34,
        "weightedaveragenumberofsharesoutstandingbasic": 38491000,
        "weightedaveragenumberofdilutedsharesoutstanding": 44057000
    }
]