[
    {
        "date": "2024-09-29",
        "symbol": "SBAC",
        "period": "Q3",
        "operatingleaseleaseincome": 625697000,
        "revenuefromcontractwithcustomerexcludingassessedtax": 41898000,
        "revenues": -1038439000,
        "costofgoodssolddirectoperatinglease": 117949000,
        "costofgoodsandservicessold": 32390000,
        "sellinggeneralandadministrativeexpense": 60087000,
        "businesscombinationacquisitionrelatedcostsandadjusments": 5388000,
        "assetimpairmentanddecommissioncosts": 12670000,
        "depreciationamortizationandaccretionnet": 63515000,
        "costsandexpenses": 291999000,
        "operatingincomeloss": 375596000,
        "investmentincomeinterest": 6999000,
        "investmentincomeinvestmentexpense": 95711000,
        "paidinkindinterest": 7192000,
        "amortizationoffinancingcosts": 5184000,
        "othernonoperatingincomeexpense": 23700000,
        "nonoperatingincomeexpense": -77388000,
        "incomelossfromcontinuingoperationsbeforeincometaxesextraordinaryitemsnoncontrollinginterest": 298208000,
        "incometaxexpensebenefit": 42316000,
        "profitloss": 255892000,
        "netincomeloss": 258534000,
        "earningspersharebasic": 2.41,
        "earningspersharediluted": -0.3500000000000001,
        "weightedaveragenumberofsharesoutstandingbasic": 107683000,
        "weightedaveragenumberofdilutedsharesoutstanding": 108072000,
        "sharebasedcompensation": 17794000,
        "othercomprehensiveincomelossavailableforsalesecuritiesadjustmentnetoftax": -45034000,
        "othercomprehensiveincomelossforeigncurrencytransactionandtranslationadjustmentnetoftax": 22826000,
        "comprehensiveincomenetoftaxincludingportionattributabletononcontrollinginterest": 233684000,
        "comprehensiveincomenetoftax": 236664000
    },
    {
        "date": "2024-06-29",
        "symbol": "SBAC",
        "period": "Q2",
        "operatingleaseleaseincome": 626457000,
        "revenuefromcontractwithcustomerexcludingassessedtax": 34020000,
        "revenues": 660477000,
        "costofgoodssolddirectoperatinglease": 114131000,
        "costofgoodsandservicessold": 27137000,
        "sellinggeneralandadministrativeexpense": 62376000,
        "businesscombinationacquisitionrelatedcostsandadjusments": 6574000,
        "assetimpairmentanddecommissioncosts": 31610000,
        "depreciationamortizationandaccretionnet": 64179000,
        "costsandexpenses": 306007000,
        "operatingincomeloss": 354470000,
        "investmentincomeinterest": 7046000,
        "investmentincomeinvestmentexpense": 97531000,
        "paidinkindinterest": 7080000,
        "amortizationoffinancingcosts": 4932000,
        "gainlossonextinguishmentofdebtincludinginterestexpense": 0,
        "othernonoperatingincomeexpense": -104859000,
        "nonoperatingincomeexpense": -207356000,
        "incomelossfromcontinuingoperationsbeforeincometaxesextraordinaryitemsnoncontrollinginterest": 147114000,
        "incometaxexpensebenefit": -12337000,
        "profitloss": 159451000,
        "netincomeloss": 162829000,
        "earningspersharebasic": 1.51,
        "earningspersharediluted": 1.5100000000000002,
        "weightedaveragenumberofsharesoutstandingbasic": 107782000,
        "weightedaveragenumberofdilutedsharesoutstanding": 108148000,
        "sharebasedcompensation": 17872000,
        "othercomprehensiveincomelossavailableforsalesecuritiesadjustmentnetoftax": -8238000,
        "othercomprehensiveincomelossforeigncurrencytransactionandtranslationadjustmentnetoftax": -64129000,
        "comprehensiveincomenetoftaxincludingportionattributabletononcontrollinginterest": 87084000,
        "comprehensiveincomenetoftax": 90786000
    },
    {
        "date": "2024-03-30",
        "symbol": "SBAC",
        "period": "Q1",
        "operatingleaseleaseincome": 628276000,
        "revenuefromcontractwithcustomerexcludingassessedtax": 29586000,
        "revenues": 657862000,
        "costofgoodssolddirectoperatinglease": 114813000,
        "costofgoodsandservicessold": 23178000,
        "sellinggeneralandadministrativeexpense": 68698000,
        "businesscombinationacquisitionrelatedcostsandadjusments": 7417000,
        "assetimpairmentanddecommissioncosts": 43648000,
        "depreciationamortizationandaccretionnet": 76750000,
        "costsandexpenses": 334504000,
        "operatingincomeloss": 323358000,
        "investmentincomeinterest": 7314000,
        "investmentincomeinvestmentexpense": 96390000,
        "paidinkindinterest": 8443000,
        "amortizationoffinancingcosts": 5289000,
        "gainlossonextinguishmentofdebtincludinginterestexpense": -4428000,
        "othernonoperatingincomeexpense": -44652000,
        "nonoperatingincomeexpense": -151888000,
        "incomelossfromcontinuingoperationsbeforeincometaxesextraordinaryitemsnoncontrollinginterest": 171470000,
        "incometaxexpensebenefit": 16927000,
        "profitloss": 154543000,
        "netincomeloss": 154543000,
        "earningspersharebasic": 1.43,
        "earningspersharediluted": 1.42,
        "weightedaveragenumberofsharesoutstandingbasic": 108102000,
        "weightedaveragenumberofdilutedsharesoutstanding": 108616000,
        "sharebasedcompensation": 20773000,
        "othercomprehensiveincomelossavailableforsalesecuritiesadjustmentnetoftax": 10868000,
        "othercomprehensiveincomelossforeigncurrencytransactionandtranslationadjustmentnetoftax": -25405000,
        "comprehensiveincomenetoftaxincludingportionattributabletononcontrollinginterest": 140006000,
        "comprehensiveincomenetoftax": 140006000
    },
    {
        "date": "2023-12-30",
        "symbol": "SBAC",
        "period": "Q4",
        "operatingleaseleaseincome": 636084000,
        "revenuefromcontractwithcustomerexcludingassessedtax": 38940000,
        "revenues": 675024000,
        "costofgoodssolddirectoperatinglease": 119277000,
        "costofgoodsandservicessold": 25021000,
        "sellinggeneralandadministrativeexpense": 67523000,
        "businesscombinationacquisitionrelatedcostsandadjusments": 5049000,
        "assetimpairmentanddecommissioncosts": 77067000,
        "depreciationamortizationandaccretionnet": 171400000,
        "costsandexpenses": 465337000,
        "operatingincomeloss": 209687000,
        "investmentincomeinterest": 5540000,
        "investmentincomeinvestmentexpense": 98537000,
        "paidinkindinterest": 6213000,
        "amortizationoffinancingcosts": 5144000,
        "othernonoperatingincomeexpense": 33093000,
        "nonoperatingincomeexpense": -71261000,
        "incomelossfromcontinuingoperationsbeforeincometaxesextraordinaryitemsnoncontrollinginterest": 138426000,
        "incometaxexpensebenefit": 28897000,
        "profitloss": 109529000,
        "netincomelossattributabletononcontrollinginterest": 1000,
        "netincomeloss": 109528000,
        "earningspersharebasic": 1.0099999999999998,
        "earningspersharediluted": 1.0100000000000002,
        "weightedaveragenumberofsharesoutstandingbasic": 108204000,
        "weightedaveragenumberofdilutedsharesoutstanding": 108907000,
        "othercomprehensiveincomelossavailableforsalesecuritiesadjustmentnetoftax": -51571000,
        "othercomprehensiveincomelossforeigncurrencytransactionandtranslationadjustmentnetoftax": 30676000,
        "comprehensiveincomenetoftaxincludingportionattributabletononcontrollinginterest": 88634000,
        "comprehensiveincomenetoftaxattributabletononcontrollinginterest": -1000,
        "comprehensiveincomenetoftax": 88635000
    },
    {
        "date": "2023-09-29",
        "symbol": "SBAC",
        "period": "Q3",
        "operatingleaseleaseincome": 637440000,
        "revenuefromcontractwithcustomerexcludingassessedtax": 45104000,
        "revenues": 682544000,
        "costofgoodssolddirectoperatinglease": 118277000,
        "costofgoodsandservicessold": 31493000,
        "sellinggeneralandadministrativeexpense": 64821000,
        "businesscombinationacquisitionrelatedcostsandadjusments": 5612000,
        "assetimpairmentanddecommissioncosts": 33063000,
        "depreciationamortizationandaccretionnet": 180674000,
        "costsandexpenses": 433940000,
        "operatingincomeloss": 248604000,
        "investmentincomeinterest": 5266000,
        "investmentincomeinvestmentexpense": 99322000,
        "paidinkindinterest": 7898000,
        "amortizationoffinancingcosts": 5097000,
        "othernonoperatingincomeexpense": -48330000,
        "nonoperatingincomeexpense": -155381000,
        "incomelossfromcontinuingoperationsbeforeincometaxesextraordinaryitemsnoncontrollinginterest": 93223000,
        "incometaxexpensebenefit": 7861000,
        "profitloss": 85362000,
        "netincomelossattributabletononcontrollinginterest": -2057000,
        "netincomeloss": 87419000,
        "earningspersharebasic": 0.81,
        "earningspersharediluted": 0.8,
        "weightedaveragenumberofsharesoutstandingbasic": 108373000,
        "weightedaveragenumberofdilutedsharesoutstanding": 108891000,
        "sharebasedcompensation": 20615000,
        "othercomprehensiveincomelossavailableforsalesecuritiesadjustmentnetoftax": -9489000,
        "othercomprehensiveincomelossforeigncurrencytransactionandtranslationadjustmentnetoftax": -29688000,
        "comprehensiveincomenetoftaxincludingportionattributabletononcontrollinginterest": 46185000,
        "comprehensiveincomenetoftaxattributabletononcontrollinginterest": -2499000,
        "comprehensiveincomenetoftax": 48684000
    },
    {
        "date": "2023-06-29",
        "symbol": "SBAC",
        "period": "Q2",
        "operatingleaseleaseincome": 626143000,
        "revenuefromcontractwithcustomerexcludingassessedtax": 52357000,
        "revenues": 678500000,
        "costofgoodssolddirectoperatinglease": 115014000,
        "costofgoodsandservicessold": 39236000,
        "sellinggeneralandadministrativeexpense": 63383000,
        "businesscombinationacquisitionrelatedcostsandadjusments": 4953000,
        "assetimpairmentanddecommissioncosts": 32867000,
        "depreciationamortizationandaccretionnet": 181820000,
        "costsandexpenses": 437273000,
        "operatingincomeloss": 241227000,
        "investmentincomeinterest": 4683000,
        "investmentincomeinvestmentexpense": 101288000,
        "paidinkindinterest": 7518000,
        "amortizationoffinancingcosts": 5044000,
        "othernonoperatingincomeexpense": 40732000,
        "nonoperatingincomeexpense": -68435000,
        "incomelossfromcontinuingoperationsbeforeincometaxesextraordinaryitemsnoncontrollinginterest": 172792000,
        "incometaxexpensebenefit": -29178000,
        "profitloss": 201970000,
        "netincomelossattributabletononcontrollinginterest": -1678000,
        "netincomeloss": 203648000,
        "earningspersharebasic": 1.88,
        "earningspersharediluted": 1.87,
        "weightedaveragenumberofsharesoutstandingbasic": 108355000,
        "weightedaveragenumberofdilutedsharesoutstanding": 108884000,
        "sharebasedcompensation": 17566000,
        "othercomprehensiveincomelossavailableforsalesecuritiesadjustmentnetoftax": 15316000,
        "othercomprehensiveincomelossforeigncurrencytransactionandtranslationadjustmentnetoftax": 25029000,
        "comprehensiveincomenetoftaxincludingportionattributabletononcontrollinginterest": 242315000,
        "comprehensiveincomenetoftaxattributabletononcontrollinginterest": -2133000,
        "comprehensiveincomenetoftax": 244448000
    },
    {
        "date": "2023-03-30",
        "symbol": "SBAC",
        "period": "Q1",
        "operatingleaseleaseincome": 617268000,
        "revenuefromcontractwithcustomerexcludingassessedtax": 58248000,
        "revenues": 675516000,
        "costofgoodssolddirectoperatinglease": 120119000,
        "costofgoodsandservicessold": 44185000,
        "sellinggeneralandadministrativeexpense": 72209000,
        "businesscombinationacquisitionrelatedcostsandadjusments": 6057000,
        "assetimpairmentanddecommissioncosts": 26390000,
        "depreciationamortizationandaccretionnet": 182415000,
        "costsandexpenses": 451375000,
        "operatingincomeloss": 224141000,
        "investmentincomeinterest": 2816000,
        "investmentincomeinvestmentexpense": 101226000,
        "paidinkindinterest": 14239000,
        "amortizationoffinancingcosts": 4988000,
        "othernonoperatingincomeexpense": 37558000,
        "nonoperatingincomeexpense": -80079000,
        "incomelossfromcontinuingoperationsbeforeincometaxesextraordinaryitemsnoncontrollinginterest": 144062000,
        "incometaxexpensebenefit": 43508000,
        "profitloss": 100554000,
        "netincomelossattributabletononcontrollinginterest": -663000,
        "netincomeloss": 101217000,
        "earningspersharebasic": 0.94,
        "earningspersharediluted": 0.93,
        "weightedaveragenumberofsharesoutstandingbasic": 108132000,
        "weightedaveragenumberofdilutedsharesoutstanding": 109271000,
        "sharebasedcompensation": 25529000,
        "othercomprehensiveincomelossavailableforsalesecuritiesadjustmentnetoftax": -22389000,
        "othercomprehensiveincomelossforeigncurrencytransactionandtranslationadjustmentnetoftax": 16529000,
        "comprehensiveincomenetoftaxincludingportionattributabletononcontrollinginterest": 94694000,
        "comprehensiveincomenetoftaxattributabletononcontrollinginterest": -663000,
        "comprehensiveincomenetoftax": 95357000
    },
    {
        "date": "2022-12-30",
        "symbol": "SBAC",
        "period": "Q4",
        "operatingleaseleaseincome": 609608000,
        "revenuefromcontractwithcustomerexcludingassessedtax": 76486000,
        "revenues": 686094000,
        "costofgoodssolddirectoperatinglease": 115002000,
        "costofgoodsandservicessold": 57155000,
        "sellinggeneralandadministrativeexpense": 70612000,
        "businesscombinationacquisitionrelatedcostsandadjusments": 8030000,
        "assetimpairmentanddecommissioncosts": 17595000,
        "depreciationamortizationandaccretionnet": 183036000,
        "costsandexpenses": 451430000,
        "operatingincomeloss": 234664000,
        "investmentincomeinterest": 3256000,
        "investmentincomeinvestmentexpense": 100256000,
        "paidinkindinterest": 11526000,
        "amortizationoffinancingcosts": 5077000,
        "othernonoperatingincomeexpense": 8203000,
        "nonoperatingincomeexpense": -105837000,
        "incomelossfromcontinuingoperationsbeforeincometaxesextraordinaryitemsnoncontrollinginterest": 128827000,
        "incometaxexpensebenefit": 26247000,
        "profitloss": 102580000,
        "netincomelossattributabletononcontrollinginterest": -701000,
        "netincomeloss": 103281000,
        "earningspersharebasic": 0.9499999999999993,
        "earningspersharediluted": 0.9499999999999995,
        "weightedaveragenumberofsharesoutstandingbasic": -215895000,
        "weightedaveragenumberofdilutedsharesoutstanding": -218863000,
        "othercomprehensiveincomelossavailableforsalesecuritiesadjustmentnetoftax": 4932000,
        "othercomprehensiveincomelossforeigncurrencytransactionandtranslationadjustmentnetoftax": 18444000,
        "comprehensiveincomenetoftaxincludingportionattributabletononcontrollinginterest": 125956000,
        "comprehensiveincomenetoftaxattributabletononcontrollinginterest": -709000,
        "comprehensiveincomenetoftax": 126665000
    },
    {
        "date": "2022-09-29",
        "symbol": "SBAC",
        "period": "Q3",
        "operatingleaseleaseincome": 587302000,
        "revenuefromcontractwithcustomerexcludingassessedtax": 88282000,
        "revenues": 675584000,
        "costofgoodssolddirectoperatinglease": 112013000,
        "costofgoodsandservicessold": 65540000,
        "sellinggeneralandadministrativeexpense": 65843000,
        "businesscombinationacquisitionrelatedcostsandadjusments": 6844000,
        "assetimpairmentanddecommissioncosts": 8532000,
        "depreciationamortizationandaccretionnet": 173825000,
        "costsandexpenses": 432597000,
        "operatingincomeloss": 242987000,
        "investmentincomeinterest": 2858000,
        "investmentincomeinvestmentexpense": 86961000,
        "paidinkindinterest": 11528000,
        "amortizationoffinancingcosts": 4955000,
        "othernonoperatingincomeexpense": -39756000,
        "nonoperatingincomeexpense": -140342000,
        "incomelossfromcontinuingoperationsbeforeincometaxesextraordinaryitemsnoncontrollinginterest": 102645000,
        "incometaxexpensebenefit": 2883000,
        "profitloss": 99762000,
        "netincomelossattributabletononcontrollinginterest": -247000,
        "netincomeloss": 100009000,
        "earningspersharebasic": 0.93,
        "earningspersharediluted": 0.91,
        "weightedaveragenumberofsharesoutstandingbasic": 107916000,
        "weightedaveragenumberofdilutedsharesoutstanding": 109358000,
        "sharebasedcompensation": 24945000,
        "othercomprehensiveincomelossavailableforsalesecuritiesadjustmentnetoftax": 53336000,
        "othercomprehensiveincomelossforeigncurrencytransactionandtranslationadjustmentnetoftax": -40757000,
        "comprehensiveincomenetoftaxincludingportionattributabletononcontrollinginterest": 112341000,
        "comprehensiveincomenetoftaxattributabletononcontrollinginterest": -247000,
        "comprehensiveincomenetoftax": 112588000
    },
    {
        "date": "2022-06-29",
        "symbol": "SBAC",
        "period": "Q2",
        "operatingleaseleaseincome": 580233000,
        "revenuefromcontractwithcustomerexcludingassessedtax": 71773000,
        "revenues": 652006000,
        "costofgoodssolddirectoperatinglease": 111515000,
        "costofgoodsandservicessold": 54497000,
        "sellinggeneralandadministrativeexpense": 63274000,
        "businesscombinationacquisitionrelatedcostsandadjusments": 6829000,
        "assetimpairmentanddecommissioncosts": 8521000,
        "depreciationamortizationandaccretionnet": 176392000,
        "costsandexpenses": 421028000,
        "operatingincomeloss": 230978000,
        "investmentincomeinterest": 1517000,
        "investmentincomeinvestmentexpense": 84315000,
        "paidinkindinterest": 11529000,
        "amortizationoffinancingcosts": 4922000,
        "othernonoperatingincomeexpense": -66141000,
        "nonoperatingincomeexpense": -165390000,
        "incomelossfromcontinuingoperationsbeforeincometaxesextraordinaryitemsnoncontrollinginterest": 65588000,
        "incometaxexpensebenefit": -3563000,
        "profitloss": 69151000,
        "netincomelossattributabletononcontrollinginterest": -365000,
        "netincomeloss": 69516000,
        "earningspersharebasic": 0.64,
        "earningspersharediluted": 0.64,
        "weightedaveragenumberofsharesoutstandingbasic": 107850000,
        "weightedaveragenumberofdilutedsharesoutstanding": 109347000,
        "sharebasedcompensation": 23248000,
        "othercomprehensiveincomelossavailableforsalesecuritiesadjustmentnetoftax": 23833000,
        "othercomprehensiveincomelossforeigncurrencytransactionandtranslationadjustmentnetoftax": -59021000,
        "comprehensiveincomenetoftaxincludingportionattributabletononcontrollinginterest": 33963000,
        "comprehensiveincomenetoftaxattributabletononcontrollinginterest": -444000,
        "comprehensiveincomenetoftax": 34407000
    },
    {
        "date": "2022-03-30",
        "symbol": "SBAC",
        "period": "Q1",
        "operatingleaseleaseincome": 559432000,
        "revenuefromcontractwithcustomerexcludingassessedtax": 60338000,
        "revenues": 619770000,
        "costofgoodssolddirectoperatinglease": 107155000,
        "costofgoodsandservicessold": 45773000,
        "sellinggeneralandadministrativeexpense": 62124000,
        "businesscombinationacquisitionrelatedcostsandadjusments": 5104000,
        "assetimpairmentanddecommissioncosts": 8512000,
        "depreciationamortizationandaccretionnet": 174323000,
        "costsandexpenses": 402991000,
        "operatingincomeloss": 216779000,
        "investmentincomeinterest": 2502000,
        "investmentincomeinvestmentexpense": 82252000,
        "paidinkindinterest": 11526000,
        "amortizationoffinancingcosts": 4881000,
        "othernonoperatingincomeexpense": 108161000,
        "nonoperatingincomeexpense": 12004000,
        "incomelossfromcontinuingoperationsbeforeincometaxesextraordinaryitemsnoncontrollinginterest": 228783000,
        "incometaxexpensebenefit": 40477000,
        "profitloss": 188306000,
        "netincomelossattributabletononcontrollinginterest": -317000,
        "netincomeloss": 188623000,
        "earningspersharebasic": 1.75,
        "earningspersharediluted": 1.72,
        "weightedaveragenumberofsharesoutstandingbasic": 108086000,
        "weightedaveragenumberofdilutedsharesoutstanding": 109544000,
        "sharebasedcompensation": 24116000,
        "othercomprehensiveincomelossavailableforsalesecuritiesadjustmentnetoftax": 85322000,
        "othercomprehensiveincomelossforeigncurrencytransactionandtranslationadjustmentnetoftax": 85506000,
        "comprehensiveincomenetoftaxincludingportionattributabletononcontrollinginterest": 359134000,
        "comprehensiveincomenetoftaxattributabletononcontrollinginterest": -434000,
        "comprehensiveincomenetoftax": 359568000
    },
    {
        "date": "2021-12-30",
        "symbol": "SBAC",
        "period": "Q4",
        "operatingleaseleaseincome": 539273000,
        "revenuefromcontractwithcustomerexcludingassessedtax": 55865000,
        "revenues": 595138000,
        "costofgoodssolddirectoperatinglease": 96881000,
        "costofgoodsandservicessold": 42921000,
        "sellinggeneralandadministrativeexpense": 63483000,
        "businesscombinationacquisitionrelatedcostsandadjusments": 10096000,
        "assetimpairmentanddecommissioncosts": 14484000,
        "depreciationamortizationandaccretionnet": 169895000,
        "costsandexpenses": 397760000,
        "operatingincomeloss": 197378000,
        "investmentincomeinterest": 1324000,
        "investmentincomeinvestmentexpense": 83080000,
        "paidinkindinterest": 11649000,
        "amortizationoffinancingcosts": 4899000,
        "othernonoperatingincomeexpense": -24894000,
        "nonoperatingincomeexpense": -149028000,
        "incomelossfromcontinuingoperationsbeforeincometaxesextraordinaryitemsnoncontrollinginterest": 48350000,
        "incometaxexpensebenefit": -554000,
        "profitloss": 48904000,
        "netincomeloss": 48904000,
        "earningspersharebasic": 0.44999999999999984,
        "earningspersharediluted": 0.44000000000000006,
        "weightedaveragenumberofsharesoutstandingbasic": -159000,
        "weightedaveragenumberofdilutedsharesoutstanding": -152000,
        "othercomprehensiveincomelossavailableforsalesecuritiesadjustmentnetoftax": 34836000,
        "othercomprehensiveincomelossforeigncurrencytransactionandtranslationadjustmentnetoftax": -16633000,
        "comprehensiveincomenetoftaxincludingportionattributabletononcontrollinginterest": 67107000,
        "comprehensiveincomenetoftax": 67107000
    },
    {
        "date": "2021-09-29",
        "symbol": "SBAC",
        "period": "Q3",
        "operatingleaseleaseincome": 535616000,
        "revenuefromcontractwithcustomerexcludingassessedtax": 53813000,
        "revenues": 589429000,
        "costofgoodssolddirectoperatinglease": 98792000,
        "costofgoodsandservicessold": 41357000,
        "sellinggeneralandadministrativeexpense": 51000000,
        "businesscombinationacquisitionrelatedcostsandadjusments": 5730000,
        "assetimpairmentanddecommissioncosts": 9860000,
        "depreciationamortizationandaccretionnet": 170916000,
        "costsandexpenses": 377655000,
        "operatingincomeloss": 211774000,
        "investmentincomeinterest": 945000,
        "investmentincomeinvestmentexpense": 89200000,
        "paidinkindinterest": 11820000,
        "amortizationoffinancingcosts": 4934000,
        "gainlossonextinguishmentofdebtincludinginterestexpense": 0,
        "othernonoperatingincomeexpense": -69803000,
        "nonoperatingincomeexpense": -174812000,
        "incomelossfromcontinuingoperationsbeforeincometaxesextraordinaryitemsnoncontrollinginterest": 36962000,
        "incometaxexpensebenefit": -10834000,
        "profitloss": 47796000,
        "netincomeloss": 47796000,
        "earningspersharebasic": 0.43000000000000005,
        "earningspersharediluted": 0.43999999999999984,
        "weightedaveragenumberofsharesoutstandingbasic": -109394000,
        "weightedaveragenumberofdilutedsharesoutstanding": -109441000,
        "sharebasedcompensation": 16588000,
        "othercomprehensiveincomelossavailableforsalesecuritiesadjustmentnetoftax": 9899000,
        "othercomprehensiveincomelossforeigncurrencytransactionandtranslationadjustmentnetoftax": -51416000,
        "comprehensiveincomenetoftaxincludingportionattributabletononcontrollinginterest": 6279000,
        "comprehensiveincomenetoftax": 6279000
    },
    {
        "date": "2021-06-29",
        "symbol": "SBAC",
        "period": "Q2",
        "operatingleaseleaseincome": 524095000,
        "revenuefromcontractwithcustomerexcludingassessedtax": 51433000,
        "revenues": 575528000,
        "costofgoodssolddirectoperatinglease": 95350000,
        "costofgoodsandservicessold": 40409000,
        "sellinggeneralandadministrativeexpense": 53945000,
        "businesscombinationacquisitionrelatedcostsandadjusments": 6794000,
        "assetimpairmentanddecommissioncosts": 3797000,
        "depreciationamortizationandaccretionnet": 175469000,
        "costsandexpenses": 375764000,
        "operatingincomeloss": 199764000,
        "investmentincomeinterest": 547000,
        "investmentincomeinvestmentexpense": 90544000,
        "paidinkindinterest": 11812000,
        "amortizationoffinancingcosts": 4865000,
        "gainlossonextinguishmentofdebtincludinginterestexpense": -2020000,
        "othernonoperatingincomeexpense": 108849000,
        "nonoperatingincomeexpense": 155000,
        "incomelossfromcontinuingoperationsbeforeincometaxesextraordinaryitemsnoncontrollinginterest": 199919000,
        "incometaxexpensebenefit": 47250000,
        "profitloss": 152669000,
        "netincomeloss": 152669000,
        "earningspersharebasic": 1.4,
        "earningspersharediluted": 1.37,
        "weightedaveragenumberofsharesoutstandingbasic": 109412000,
        "weightedaveragenumberofdilutedsharesoutstanding": 111301000,
        "sharebasedcompensation": 21077000,
        "othercomprehensiveincomelossavailableforsalesecuritiesadjustmentnetoftax": 5565000,
        "othercomprehensiveincomelossforeigncurrencytransactionandtranslationadjustmentnetoftax": 63869000,
        "comprehensiveincomenetoftaxincludingportionattributabletononcontrollinginterest": 222103000,
        "comprehensiveincomenetoftax": 222103000
    },
    {
        "date": "2021-03-30",
        "symbol": "SBAC",
        "period": "Q1",
        "operatingleaseleaseincome": 505103000,
        "revenuefromcontractwithcustomerexcludingassessedtax": 43636000,
        "revenues": 548739000,
        "costofgoodssolddirectoperatinglease": 95368000,
        "costofgoodsandservicessold": 34406000,
        "sellinggeneralandadministrativeexpense": 51601000,
        "businesscombinationacquisitionrelatedcostsandadjusments": 5001000,
        "assetimpairmentanddecommissioncosts": 4903000,
        "depreciationamortizationandaccretionnet": 183881000,
        "costsandexpenses": 375160000,
        "operatingincomeloss": 173579000,
        "investmentincomeinterest": 632000,
        "investmentincomeinvestmentexpense": 90095000,
        "paidinkindinterest": 11804000,
        "amortizationoffinancingcosts": 4891000,
        "gainlossonextinguishmentofdebtincludinginterestexpense": -11652000,
        "othernonoperatingincomeexpense": -88436000,
        "nonoperatingincomeexpense": -206246000,
        "incomelossfromcontinuingoperationsbeforeincometaxesextraordinaryitemsnoncontrollinginterest": -32667000,
        "incometaxexpensebenefit": -20922000,
        "profitloss": -11745000,
        "netincomeloss": -11745000,
        "earningspersharebasic": -0.11,
        "earningspersharediluted": -0.11,
        "weightedaveragenumberofsharesoutstandingbasic": 109469000,
        "weightedaveragenumberofdilutedsharesoutstanding": 109469000,
        "sharebasedcompensation": 19584000,
        "othercomprehensiveincomelossavailableforsalesecuritiesadjustmentnetoftax": 42787000,
        "othercomprehensiveincomelossforeigncurrencytransactionandtranslationadjustmentnetoftax": -43634000,
        "comprehensiveincomenetoftaxincludingportionattributabletononcontrollinginterest": -12592000,
        "comprehensiveincomenetoftax": -12592000
    },
    {
        "date": "2020-12-30",
        "symbol": "SBAC",
        "period": "Q4",
        "operatingleaseleaseincome": 492949000,
        "revenuefromcontractwithcustomerexcludingassessedtax": 42957000,
        "revenues": 535906000,
        "costofgoodssolddirectoperatinglease": 93659000,
        "costofgoodsandservicessold": 34333000,
        "sellinggeneralandadministrativeexpense": 47411000,
        "businesscombinationacquisitionrelatedcostsandadjusments": 4025000,
        "assetimpairmentanddecommissioncosts": 10994000,
        "depreciationamortizationandaccretionnet": 180383000,
        "costsandexpenses": 370805000,
        "operatingincomeloss": 165101000,
        "investmentincomeinterest": 641000,
        "investmentincomeinvestmentexpense": 86545000,
        "paidinkindinterest": 11804000,
        "amortizationoffinancingcosts": 4847000,
        "othernonoperatingincomeexpense": 77988000,
        "nonoperatingincomeexpense": -24567000,
        "incomelossfromcontinuingoperationsbeforeincometaxesextraordinaryitemsnoncontrollinginterest": 140534000,
        "incometaxexpensebenefit": 34347000,
        "profitloss": 106187000,
        "netincomelossattributabletononcontrollinginterest": 404000,
        "netincomeloss": 105783000,
        "earningspersharebasic": 0.9500000000000001,
        "earningspersharediluted": 0.9400000000000001,
        "weightedaveragenumberofsharesoutstandingbasic": -112074000,
        "weightedaveragenumberofdilutedsharesoutstanding": -112061000,
        "othercomprehensiveincomelossavailableforsalesecuritiesadjustmentnetoftax": 15595000,
        "othercomprehensiveincomelossforeigncurrencytransactionandtranslationadjustmentnetoftax": 51291000,
        "comprehensiveincomenetoftaxincludingportionattributabletononcontrollinginterest": 173073000,
        "comprehensiveincomenetoftaxattributabletononcontrollinginterest": 1260000,
        "comprehensiveincomenetoftax": 171813000
    },
    {
        "date": "2020-09-29",
        "symbol": "SBAC",
        "period": "Q3",
        "operatingleaseleaseincome": 486765000,
        "revenuefromcontractwithcustomerexcludingassessedtax": 36175000,
        "revenues": 522940000,
        "costofgoodssolddirectoperatinglease": 92722000,
        "costofgoodsandservicessold": 28797000,
        "sellinggeneralandadministrativeexpense": 48152000,
        "businesscombinationacquisitionrelatedcostsandadjusments": 4124000,
        "assetimpairmentanddecommissioncosts": 8506000,
        "depreciationamortizationandaccretionnet": 180302000,
        "costsandexpenses": 362603000,
        "operatingincomeloss": 160337000,
        "investmentincomeinterest": 756000,
        "investmentincomeinvestmentexpense": 89791000,
        "paidinkindinterest": 8323000,
        "amortizationoffinancingcosts": 4883000,
        "gainlossonextinguishmentofdebtincludinginterestexpense": -2599000,
        "othernonoperatingincomeexpense": -42262000,
        "nonoperatingincomeexpense": -147102000,
        "incomelossfromcontinuingoperationsbeforeincometaxesextraordinaryitemsnoncontrollinginterest": 13235000,
        "incometaxexpensebenefit": -9441000,
        "profitloss": 22676000,
        "netincomelossattributabletononcontrollinginterest": 108000,
        "netincomeloss": 22568000,
        "earningspersharebasic": 0.2,
        "earningspersharediluted": 0.2,
        "weightedaveragenumberofsharesoutstandingbasic": 111783000,
        "weightedaveragenumberofdilutedsharesoutstanding": 113703000,
        "sharebasedcompensation": 16606000,
        "othercomprehensiveincomelossavailableforsalesecuritiesadjustmentnetoftax": 1557000,
        "othercomprehensiveincomelossforeigncurrencytransactionandtranslationadjustmentnetoftax": -7196000,
        "comprehensiveincomenetoftaxincludingportionattributabletononcontrollinginterest": 17037000,
        "comprehensiveincomenetoftaxattributabletononcontrollinginterest": 204000,
        "comprehensiveincomenetoftax": 16833000
    },
    {
        "date": "2020-06-29",
        "symbol": "SBAC",
        "period": "Q2",
        "operatingleaseleaseincome": 482402000,
        "revenuefromcontractwithcustomerexcludingassessedtax": 24823000,
        "revenues": 507225000,
        "costofgoodssolddirectoperatinglease": 91598000,
        "costofgoodsandservicessold": 19905000,
        "sellinggeneralandadministrativeexpense": 49087000,
        "businesscombinationacquisitionrelatedcostsandadjusments": 4634000,
        "assetimpairmentanddecommissioncosts": 6242000,
        "depreciationamortizationandaccretionnet": 178706000,
        "costsandexpenses": 350172000,
        "operatingincomeloss": 157053000,
        "investmentincomeinterest": 699000,
        "investmentincomeinvestmentexpense": 95687000,
        "paidinkindinterest": 2337000,
        "amortizationoffinancingcosts": 5189000,
        "gainlossonextinguishmentofdebtincludinginterestexpense": 0,
        "othernonoperatingincomeexpense": -31586000,
        "nonoperatingincomeexpense": -134100000,
        "incomelossfromcontinuingoperationsbeforeincometaxesextraordinaryitemsnoncontrollinginterest": 22953000,
        "incometaxexpensebenefit": -164000,
        "profitloss": 23117000,
        "netincomelossattributabletononcontrollinginterest": 306000,
        "netincomeloss": 22811000,
        "earningspersharebasic": 0.20999999999999985,
        "earningspersharediluted": 0.20999999999999985,
        "weightedaveragenumberofsharesoutstandingbasic": -85000,
        "weightedaveragenumberofdilutedsharesoutstanding": -85000,
        "sharebasedcompensation": 18131000,
        "othercomprehensiveincomelossavailableforsalesecuritiesadjustmentnetoftax": -12683000,
        "othercomprehensiveincomelossforeigncurrencytransactionandtranslationadjustmentnetoftax": -9352000,
        "comprehensiveincomenetoftaxincludingportionattributabletononcontrollinginterest": 1082000,
        "comprehensiveincomenetoftaxattributabletononcontrollinginterest": 485000,
        "comprehensiveincomenetoftax": 597000
    },
    {
        "date": "2020-03-30",
        "symbol": "SBAC",
        "period": "Q1",
        "operatingleaseleaseincome": 492356000,
        "revenuefromcontractwithcustomerexcludingassessedtax": 24711000,
        "revenues": 517067000,
        "costofgoodssolddirectoperatinglease": 95799000,
        "costofgoodsandservicessold": 19715000,
        "sellinggeneralandadministrativeexpense": 49617000,
        "businesscombinationacquisitionrelatedcostsandadjusments": 3799000,
        "assetimpairmentanddecommissioncosts": 14355000,
        "depreciationamortizationandaccretionnet": 182579000,
        "costsandexpenses": 365864000,
        "operatingincomeloss": 151203000,
        "investmentincomeinterest": 885000,
        "investmentincomeinvestmentexpense": 95851000,
        "paidinkindinterest": 2406000,
        "amortizationoffinancingcosts": 5139000,
        "gainlossonextinguishmentofdebtincludinginterestexpense": -16864000,
        "othernonoperatingincomeexpense": -226299000,
        "nonoperatingincomeexpense": -345674000,
        "incomelossfromcontinuingoperationsbeforeincometaxesextraordinaryitemsnoncontrollinginterest": -194471000,
        "incometaxexpensebenefit": -66538000,
        "profitloss": -127933000,
        "netincomelossattributabletononcontrollinginterest": -875000,
        "netincomeloss": -127058000,
        "earningspersharebasic": -1.14,
        "earningspersharediluted": -1.14,
        "weightedaveragenumberofsharesoutstandingbasic": 111908000,
        "weightedaveragenumberofdilutedsharesoutstanding": 111908000,
        "sharebasedcompensation": 15553000,
        "othercomprehensiveincomelossavailableforsalesecuritiesadjustmentnetoftax": -103240000,
        "othercomprehensiveincomelossforeigncurrencytransactionandtranslationadjustmentnetoftax": -174841000,
        "comprehensiveincomenetoftaxincludingportionattributabletononcontrollinginterest": -406014000,
        "comprehensiveincomenetoftaxattributabletononcontrollinginterest": -2058000,
        "comprehensiveincomenetoftax": -403956000
    },
    {
        "date": "2019-12-30",
        "symbol": "SBAC",
        "period": "Q4",
        "operatingleaseleaseincome": 877283000,
        "revenuefromcontractwithcustomerexcludingassessedtax": 32558000,
        "revenues": 965841000,
        "costofgoodssolddirectoperatinglease": 94784000,
        "costofgoodsandservicessold": 26475000,
        "sellinggeneralandadministrativeexpense": 84249000,
        "businesscombinationacquisitionrelatedcostsandadjusments": 6268000,
        "assetimpairmentanddecommissioncosts": 13106000,
        "depreciationamortizationandaccretionnet": 349090000,
        "costsandexpenses": 359742000,
        "operatingincomeloss": 305298000,
        "investmentincomeinterest": 808000,
        "investmentincomeinvestmentexpense": 97355000,
        "paidinkindinterest": 1239000,
        "amortizationoffinancingcosts": 7132000,
        "othernonoperatingincomeexpense": 35350000,
        "nonoperatingincomeexpense": -69568000,
        "incomelossfromcontinuingoperationsbeforeincometaxesextraordinaryitemsnoncontrollinginterest": 84348000,
        "incometaxexpensebenefit": 16792000,
        "netincomeloss": 67350000,
        "earningspersharebasic": 0.6000000000000001,
        "earningspersharediluted": 0.5800000000000001,
        "weightedaveragenumberofsharesoutstandingbasic": -226141000,
        "weightedaveragenumberofdilutedsharesoutstanding": -229775000,
        "othercomprehensiveincomelossforeigncurrencytransactionandtranslationadjustmentnetoftax": 31740000,
        "comprehensiveincomenetoftax": 118903000
    },
    {
        "date": "2019-09-29",
        "symbol": "SBAC",
        "period": "Q3",
        "operatingleaseleaseincome": 468572000,
        "revenuefromcontractwithcustomerexcludingassessedtax": 38975000,
        "revenues": 507547000,
        "costofgoodssolddirectoperatinglease": 92993000,
        "costofgoodsandservicessold": 30516000,
        "sellinggeneralandadministrativeexpense": 42272000,
        "businesscombinationacquisitionrelatedcostsandadjusments": 4692000,
        "assetimpairmentanddecommissioncosts": 8240000,
        "depreciationamortizationandaccretionnet": 174987000,
        "costsandexpenses": 353700000,
        "operatingincomeloss": 153847000,
        "investmentincomeinterest": 1311000,
        "investmentincomeinvestmentexpense": 96567000,
        "paidinkindinterest": 662000,
        "amortizationoffinancingcosts": 5157000,
        "gainlossonextinguishmentofdebtincludinginterestexpense": -457000,
        "othernonoperatingincomeexpense": -33551000,
        "nonoperatingincomeexpense": -135083000,
        "incomelossfromcontinuingoperationsbeforeincometaxesextraordinaryitemsnoncontrollinginterest": 18764000,
        "incometaxexpensebenefit": -3002000,
        "profitloss": 21766000,
        "netincomelossattributabletononcontrollinginterest": 87000,
        "netincomeloss": 21679000,
        "earningspersharebasic": 0.19,
        "earningspersharediluted": 0.19,
        "weightedaveragenumberofsharesoutstandingbasic": 113037000,
        "weightedaveragenumberofdilutedsharesoutstanding": 115184000,
        "sharebasedcompensation": 12281000,
        "othercomprehensiveincomelosscashflowhedgegainlossafterreclassificationandtax": -10811000,
        "othercomprehensiveincomelossforeigncurrencytransactionandtranslationadjustmentnetoftax": -55047000,
        "comprehensiveincomenetoftaxincludingportionattributabletononcontrollinginterest": -44092000,
        "comprehensiveincomenetoftaxattributabletononcontrollinginterest": 87000,
        "comprehensiveincomenetoftax": -44179000
    },
    {
        "date": "2019-06-29",
        "symbol": "SBAC",
        "period": "Q2",
        "operatingleaseleaseincome": 459003000,
        "revenuefromcontractwithcustomerexcludingassessedtax": 41144000,
        "revenues": 500147000,
        "costofgoodssolddirectoperatinglease": 93460000,
        "costofgoodsandservicessold": 30988000,
        "sellinggeneralandadministrativeexpense": 55524000,
        "businesscombinationacquisitionrelatedcostsandadjusments": 2539000,
        "assetimpairmentanddecommissioncosts": 9620000,
        "depreciationamortizationandaccretionnet": 171564000,
        "costsandexpenses": 363695000,
        "operatingincomeloss": 136452000,
        "investmentincomeinterest": 1581000,
        "investmentincomeinvestmentexpense": 97447000,
        "paidinkindinterest": 651000,
        "amortizationoffinancingcosts": 5116000,
        "othernonoperatingincomeexpense": 12762000,
        "nonoperatingincomeexpense": -88871000,
        "incomelossfromcontinuingoperationsbeforeincometaxesextraordinaryitemsnoncontrollinginterest": 47581000,
        "incometaxexpensebenefit": 15608000,
        "netincomeloss": 31973000,
        "earningspersharebasic": 0.28,
        "earningspersharediluted": 0.28,
        "weightedaveragenumberofsharesoutstandingbasic": 113205000,
        "weightedaveragenumberofdilutedsharesoutstanding": 114940000,
        "sharebasedcompensation": 24131000,
        "othercomprehensiveincomelosscashflowhedgegainlossafterreclassificationandtax": -36281000,
        "othercomprehensiveincomelossforeigncurrencytransactionandtranslationadjustmentnetoftax": 13122000,
        "comprehensiveincomenetoftax": 8814000
    },
    {
        "date": "2019-03-30",
        "symbol": "SBAC",
        "period": "Q1",
        "operatingleaseleaseincome": 56000000,
        "revenuefromcontractwithcustomerexcludingassessedtax": 41110000,
        "revenues": 41110000,
        "costofgoodssolddirectoperatinglease": 92714000,
        "costofgoodsandservicessold": 31101000,
        "sellinggeneralandadministrativeexpense": 10672000,
        "businesscombinationacquisitionrelatedcostsandadjusments": 1729000,
        "assetimpairmentanddecommissioncosts": 2137000,
        "depreciationamortizationandaccretionnet": 1437000,
        "costsandexpenses": 354020000,
        "operatingincomeloss": -12109000,
        "investmentincomeinterest": 1800000,
        "investmentincomeinvestmentexpense": 98667000,
        "paidinkindinterest": 641000,
        "amortizationoffinancingcosts": 5061000,
        "othernonoperatingincomeexpense": -508000,
        "nonoperatingincomeexpense": -103077000,
        "incomelossfromcontinuingoperationsbeforeincometaxesextraordinaryitemsnoncontrollinginterest": 36196000,
        "incometaxexpensebenefit": 10207000,
        "netincomeloss": 25989000,
        "earningspersharebasic": 0.23,
        "earningspersharediluted": 0.23,
        "weightedaveragenumberofsharesoutstandingbasic": 112708000,
        "weightedaveragenumberofdilutedsharesoutstanding": 114344000,
        "sharebasedcompensation": 22605000,
        "provisionfordoubtfulaccounts": 2300000,
        "othercomprehensiveincomelosscashflowhedgegainlossafterreclassificationandtax": -15312000,
        "othercomprehensiveincomelossforeigncurrencytransactionandtranslationadjustmentnetoftax": -4544000,
        "comprehensiveincomenetoftax": 6133000
    },
    {
        "date": "2018-12-30",
        "symbol": "SBAC",
        "period": "Q4",
        "operatingleasesincomestatementleaserevenue": 54400000,
        "sitedevelopment": 39101000,
        "revenues": 39101000,
        "operatingleasesincomestatementinitialdirectcosts": 93496000,
        "costofsitedevelopment": 28806000,
        "sellinggeneralandadministrativeexpense": 6681000,
        "businesscombinationacquisitionrelatedcostsandadjusments": 1764000,
        "depreciationamortizationandaccretionnet": 1481000,
        "costsandexpenses": 333527000,
        "operatingincomeloss": -8162000,
        "investmentincomeinterest": 1759000,
        "investmentincomeinvestmentexpense": 97939000,
        "paidinkindinterest": 638000,
        "amortizationoffinancingcosts": 5024000,
        "othernonoperatingincomeexpense": 24551000,
        "nonoperatingincomeexpense": -77291000,
        "incomelossfromcontinuingoperationsbeforeincometaxesextraordinaryitemsnoncontrollinginterest": 73031000,
        "incometaxexpensebenefit": 15878000,
        "netincomeloss": 57153000,
        "earningspersharebasic": 0.49,
        "earningspersharediluted": 0.49,
        "weightedaveragenumberofsharesoutstandingbasic": -469000,
        "weightedaveragenumberofdilutedsharesoutstanding": 1137000,
        "othercomprehensiveincomeforeigncurrencytransactionandtranslationgainlossarisingduringperiodnetoftax": 16612000,
        "comprehensiveincomenetoftax": 73765000
    },
    {
        "date": "2018-09-29",
        "symbol": "SBAC",
        "period": "Q3",
        "operatingleasesincomestatementleaserevenue": -323984000,
        "sitedevelopment": 31961000,
        "revenues": 31961000,
        "operatingleasesincomestatementinitialdirectcosts": 92295000,
        "costofsitedevelopment": 24447000,
        "sellinggeneralandadministrativeexpense": -52323000,
        "businesscombinationacquisitionrelatedcostsandadjusments": 1108000,
        "assetimpairmentanddecommissioncosts": 0,
        "depreciationamortizationandaccretionnet": 1501000,
        "costsandexpenses": 329216000,
        "operatingincomeloss": -7978000,
        "investmentincomeinterest": 2006000,
        "investmentincomeinvestmentexpense": 95716000,
        "paidinkindinterest": 631000,
        "amortizationoffinancingcosts": 4980000,
        "othernonoperatingincomeexpense": -24518000,
        "nonoperatingincomeexpense": -123839000,
        "incomelossfromcontinuingoperationsbeforeincometaxesextraordinaryitemsnoncontrollinginterest": 14166000,
        "incometaxexpensebenefit": -1978000,
        "netincomeloss": 16144000,
        "earningspersharebasic": 0.14999999999999997,
        "earningspersharediluted": 0.14999999999999997,
        "weightedaveragenumberofsharesoutstandingbasic": -116180000,
        "weightedaveragenumberofdilutedsharesoutstanding": -117979000,
        "sharebasedcompensation": 10261000,
        "othercomprehensiveincomeforeigncurrencytransactionandtranslationgainlossarisingduringperiodnetoftax": -27598000,
        "comprehensiveincomenetoftax": -11454000
    },
    {
        "date": "2018-06-29",
        "symbol": "SBAC",
        "period": "Q2",
        "operatingleasesincomestatementleaserevenue": 429884000,
        "sitedevelopment": 26439000,
        "revenues": 26439000,
        "operatingleasesincomestatementinitialdirectcosts": 93688000,
        "costofsitedevelopment": 20726000,
        "sellinggeneralandadministrativeexpense": 35943000,
        "businesscombinationacquisitionrelatedcostsandadjusments": 1563000,
        "assetimpairmentanddecommissioncosts": 54000,
        "depreciationamortizationandaccretionnet": 1564000,
        "costsandexpenses": 330452000,
        "operatingincomeloss": -8737000,
        "investmentincomeinterest": 1671000,
        "investmentincomeinvestmentexpense": 93639000,
        "paidinkindinterest": 638000,
        "amortizationoffinancingcosts": 4897000,
        "gainlossonextinguishmentofdebtincludinginterestexpense": -13798000,
        "othernonoperatingincomeexpense": -90210000,
        "nonoperatingincomeexpense": -201511000,
        "incomelossfromcontinuingoperationsbeforeincometaxesextraordinaryitemsnoncontrollinginterest": -75640000,
        "incometaxexpensebenefit": -18249000,
        "netincomeloss": -57391000,
        "earningspersharebasic": -0.5,
        "earningspersharediluted": -0.5,
        "weightedaveragenumberofsharesoutstandingbasic": 115064000,
        "weightedaveragenumberofdilutedsharesoutstanding": 115064000,
        "sharebasedcompensation": 11034000,
        "othercomprehensiveincomeforeigncurrencytransactionandtranslationgainlossarisingduringperiodnetoftax": -121810000,
        "comprehensiveincomenetoftax": -179201000
    },
    {
        "date": "2018-03-30",
        "symbol": "SBAC",
        "period": "Q1",
        "operatingleasesincomestatementleaserevenue": 61200000,
        "sitedevelopment": 27760000,
        "revenues": 27760000,
        "operatingleasesincomestatementinitialdirectcosts": 92817000,
        "costofsitedevelopment": 22520000,
        "sellinggeneralandadministrativeexpense": 36049000,
        "businesscombinationacquisitionrelatedcostsandadjusments": 1258000,
        "assetimpairmentanddecommissioncosts": 278000,
        "depreciationamortizationandaccretionnet": 1618000,
        "costsandexpenses": 328334000,
        "operatingincomeloss": -7637000,
        "investmentincomeinterest": 1295000,
        "investmentincomeinvestmentexpense": 88923000,
        "paidinkindinterest": 733000,
        "amortizationoffinancingcosts": 5388000,
        "gainslossesonextinguishmentofdebt": -645000,
        "othernonoperatingincomeexpense": 4553000,
        "nonoperatingincomeexpense": -89841000,
        "incomelossfromcontinuingoperationsbeforeincometaxesextraordinaryitemsnoncontrollinginterest": 40127000,
        "incometaxexpensebenefit": 8582000,
        "netincomeloss": 31545000,
        "earningspersharebasic": 0.27,
        "earningspersharediluted": 0.27,
        "weightedaveragenumberofsharesoutstandingbasic": 116494000,
        "weightedaveragenumberofdilutedsharesoutstanding": 118293000,
        "sharebasedcompensation": 9893000,
        "othercomprehensiveincomeforeigncurrencytransactionandtranslationgainlossarisingduringperiodnetoftax": 351000,
        "comprehensiveincomenetoftax": 31896000
    },
    {
        "date": "2017-12-30",
        "symbol": "SBAC",
        "period": "Q4",
        "operatingleasesincomestatementleaserevenue": -991689000,
        "sitedevelopment": 28988000,
        "revenues": 28988000,
        "operatingleasesincomestatementinitialdirectcosts": 90457000,
        "costofsitedevelopment": 24072000,
        "sellinggeneralandadministrativeexpense": -76496000,
        "businesscombinationacquisitionrelatedcostsandadjusments": 1639000,
        "assetimpairmentanddecommissioncosts": -26000,
        "depreciationamortizationandaccretionnet": 1684000,
        "costsandexpenses": 323991000,
        "operatingincomeloss": -8837000,
        "investmentincomeinterest": 2689000,
        "investmentincomeinvestmentexpense": 86334000,
        "paidinkindinterest": 733000,
        "amortizationoffinancingcosts": 5337000,
        "othernonoperatingincomeexpense": -18636000,
        "nonoperatingincomeexpense": -108351000,
        "incomelossfromcontinuingoperationsbeforeincometaxesextraordinaryitemsnoncontrollinginterest": 10730000,
        "incometaxexpensebenefit": 3070000,
        "netincomeloss": 7660000,
        "earningspersharebasic": 0.06,
        "earningspersharediluted": 0.07,
        "weightedaveragenumberofsharesoutstandingbasic": -885000,
        "weightedaveragenumberofdilutedsharesoutstanding": -705000,
        "othercomprehensiveincomeforeigncurrencytransactionandtranslationgainlossarisingduringperiodnetoftax": -37010000,
        "comprehensiveincomenetoftax": -29350000
    },
    {
        "date": "2017-09-29",
        "symbol": "SBAC",
        "period": "Q3",
        "operatingleasesincomestatementleaserevenue": 408538000,
        "sitedevelopment": 25407000,
        "revenues": 25407000,
        "operatingleasesincomestatementinitialdirectcosts": 90351000,
        "costofsitedevelopment": 21118000,
        "sellinggeneralandadministrativeexpense": 32559000,
        "businesscombinationacquisitionrelatedcostsandadjusments": 621000,
        "assetimpairmentanddecommissioncosts": -35000,
        "depreciationamortizationandaccretionnet": 1612000,
        "costsandexpenses": 316934000,
        "operatingincomeloss": -6742000,
        "investmentincomeinterest": 2505000,
        "investmentincomeinvestmentexpense": 81357000,
        "paidinkindinterest": 725000,
        "amortizationoffinancingcosts": 4956000,
        "othernonoperatingincomeexpense": 20062000,
        "nonoperatingincomeexpense": -64471000,
        "incomelossfromcontinuingoperationsbeforeincometaxesextraordinaryitemsnoncontrollinginterest": 52540000,
        "incometaxexpensebenefit": 3378000,
        "netincomeloss": 49162000,
        "earningspersharebasic": 0.41,
        "earningspersharediluted": 0.41,
        "weightedaveragenumberofsharesoutstandingbasic": -508000,
        "weightedaveragenumberofdilutedsharesoutstanding": -360000,
        "sharebasedcompensation": 9213000,
        "othercomprehensiveincomeforeigncurrencytransactionandtranslationgainlossarisingduringperiodnetoftax": 36472000,
        "comprehensiveincomenetoftax": 85634000
    },
    {
        "date": "2017-06-29",
        "symbol": "SBAC",
        "period": "Q2",
        "operatingleasesincomestatementleaserevenue": 403001000,
        "sitedevelopment": 24293000,
        "revenues": 24293000,
        "operatingleasesincomestatementinitialdirectcosts": 89337000,
        "costofsitedevelopment": 20007000,
        "sellinggeneralandadministrativeexpense": 33395000,
        "businesscombinationacquisitionrelatedcostsandadjusments": 868000,
        "assetimpairmentanddecommissioncosts": 136000,
        "depreciationamortizationandaccretionnet": 1628000,
        "costsandexpenses": 312704000,
        "operatingincomeloss": -7735000,
        "investmentincomeinterest": 2909000,
        "investmentincomeinvestmentexpense": 78456000,
        "paidinkindinterest": 716000,
        "amortizationoffinancingcosts": 4949000,
        "othernonoperatingincomeexpense": -18792000,
        "nonoperatingincomeexpense": -101965000,
        "incomelossfromcontinuingoperationsbeforeincometaxesextraordinaryitemsnoncontrollinginterest": 12625000,
        "incometaxexpensebenefit": 3391000,
        "netincomeloss": 9234000,
        "earningspersharebasic": 0.08000000000000002,
        "earningspersharediluted": 0.07,
        "weightedaveragenumberofsharesoutstandingbasic": 204000,
        "weightedaveragenumberofdilutedsharesoutstanding": 353000,
        "sharebasedcompensation": 10030000,
        "othercomprehensiveincomeforeigncurrencytransactionandtranslationgainlossarisingduringperiodnetoftax": -36023000,
        "comprehensiveincomenetoftax": -26789000
    },
    {
        "date": "2017-03-30",
        "symbol": "SBAC",
        "period": "Q1",
        "operatingleasesincomestatementleaserevenue": 397550000,
        "sitedevelopment": 25813000,
        "revenues": 25813000,
        "operatingleasesincomestatementinitialdirectcosts": 89382000,
        "costofsitedevelopment": 21588000,
        "sellinggeneralandadministrativeexpense": 34223000,
        "businesscombinationacquisitionrelatedcostsandadjusments": 1068000,
        "assetimpairmentanddecommissioncosts": 105000,
        "depreciationamortizationandaccretionnet": 1599000,
        "costsandexpenses": 315544000,
        "operatingincomeloss": -6890000,
        "investmentincomeinterest": 3234000,
        "investmentincomeinvestmentexpense": 77602000,
        "paidinkindinterest": 705000,
        "amortizationoffinancingcosts": 6698000,
        "othernonoperatingincomeexpense": 14948000,
        "nonoperatingincomeexpense": -66823000,
        "incomelossfromcontinuingoperationsbeforeincometaxesextraordinaryitemsnoncontrollinginterest": 40996000,
        "incometaxexpensebenefit": 3398000,
        "netincomeloss": 37598000,
        "earningspersharebasic": 0.31,
        "earningspersharediluted": 0.31,
        "weightedaveragenumberofsharesoutstandingbasic": 121049000,
        "weightedaveragenumberofdilutedsharesoutstanding": 121734000,
        "sharebasedcompensation": 8826000,
        "othercomprehensiveincomeforeigncurrencytransactionandtranslationgainlossarisingduringperiodnetoftax": 27285000,
        "comprehensiveincomenetoftax": 64883000
    },
    {
        "date": "2016-12-30",
        "symbol": "SBAC",
        "period": "Q4",
        "operatingleasesincomestatementleaserevenue": 393609000,
        "sitedevelopment": 22896000,
        "revenues": 22896000,
        "operatingleasesincomestatementinitialdirectcosts": 86606000,
        "costofsitedevelopment": 19661000,
        "sellinggeneralandadministrativeexpense": -88614000,
        "businesscombinationacquisitionrelatedcostsandadjusments": 1466000,
        "assetimpairmentanddecommissioncosts": 0,
        "depreciationamortizationandaccretionnet": 1558000,
        "costsandexpenses": 309072000,
        "operatingincomeloss": -8772000,
        "investmentincomeinterest": 3224000,
        "investmentincomeinvestmentexpense": 78258000,
        "paidinkindinterest": 703000,
        "amortizationoffinancingcosts": 5101000,
        "othernonoperatingincomeexpense": 2141000,
        "nonoperatingincomeexpense": -96886000,
        "incomelossfromcontinuingoperationsbeforeincometaxesextraordinaryitemsnoncontrollinginterest": 10547000,
        "incometaxexpensebenefit": 5285000,
        "netincomeloss": 5262000,
        "earningspersharebasic": 0.03999999999999998,
        "earningspersharediluted": 0.04999999999999999,
        "weightedaveragenumberofsharesoutstandingbasic": -593000,
        "weightedaveragenumberofdilutedsharesoutstanding": -617000,
        "othercomprehensiveincomeforeigncurrencytransactionandtranslationgainlossarisingduringperiodnetoftax": 202000,
        "comprehensiveincomenetoftax": 5464000
    },
    {
        "date": "2016-09-29",
        "symbol": "SBAC",
        "period": "Q3",
        "operatingleasesincomestatementleaserevenue": 388168000,
        "sitedevelopment": 23151000,
        "revenues": 23151000,
        "operatingleasesincomestatementinitialdirectcosts": 86354000,
        "costofsitedevelopment": 19114000,
        "sellinggeneralandadministrativeexpense": 32256000,
        "businesscombinationacquisitionrelatedcostsandadjusments": 2635000,
        "assetimpairmentanddecommissioncosts": -162000,
        "depreciationamortizationandaccretionnet": 1602000,
        "costsandexpenses": 303112000,
        "operatingincomeloss": -6246000,
        "investmentincomeinterest": 3101000,
        "investmentincomeinvestmentexpense": 83427000,
        "paidinkindinterest": 585000,
        "amortizationoffinancingcosts": 5610000,
        "othernonoperatingincomeexpense": -1139000,
        "nonoperatingincomeexpense": -122007000,
        "incomelossfromcontinuingoperationsbeforeincometaxesextraordinaryitemsnoncontrollinginterest": -13800000,
        "incometaxexpensebenefit": 1574000,
        "netincomeloss": -15374000,
        "earningspersharebasic": -0.12000000000000005,
        "earningspersharediluted": -0.12999999999999995,
        "weightedaveragenumberofsharesoutstandingbasic": -125482000,
        "weightedaveragenumberofdilutedsharesoutstanding": -126146000,
        "sharebasedcompensation": 7969000,
        "othercomprehensiveincomeforeigncurrencytransactionandtranslationgainlossarisingduringperiodnetoftax": -5525000,
        "comprehensiveincomenetoftax": -20899000
    },
    {
        "date": "2016-06-29",
        "symbol": "SBAC",
        "period": "Q2",
        "operatingleasesincomestatementleaserevenue": 381843000,
        "sitedevelopment": 23689000,
        "revenues": 23689000,
        "operatingleasesincomestatementinitialdirectcosts": 86493000,
        "costofsitedevelopment": 20074000,
        "sellinggeneralandadministrativeexpense": 47664000,
        "businesscombinationacquisitionrelatedcostsandadjusments": 1466000,
        "assetimpairmentanddecommissioncosts": 2345000,
        "depreciationamortizationandaccretionnet": 2547000,
        "costsandexpenses": 331466000,
        "operatingincomeloss": -10260000,
        "investmentincomeinterest": 2737000,
        "investmentincomeinvestmentexpense": 83682000,
        "paidinkindinterest": 460000,
        "amortizationoffinancingcosts": 5325000,
        "othernonoperatingincomeexpense": 47376000,
        "nonoperatingincomeexpense": -39354000,
        "incomelossfromcontinuingoperationsbeforeincometaxesextraordinaryitemsnoncontrollinginterest": 34712000,
        "incometaxexpensebenefit": 2001000,
        "netincomeloss": 32711000,
        "earningspersharebasic": 0.26,
        "earningspersharediluted": 0.26,
        "weightedaveragenumberofsharesoutstandingbasic": 125125000,
        "weightedaveragenumberofdilutedsharesoutstanding": 125783000,
        "sharebasedcompensation": 8785000,
        "provisionfordoubtfulaccounts": 16498000,
        "othercomprehensiveincomeforeigncurrencytransactionandtranslationgainlossarisingduringperiodnetoftax": 76491000,
        "comprehensiveincomenetoftax": 109202000
    },
    {
        "date": "2016-03-30",
        "symbol": "SBAC",
        "period": "Q1",
        "operatingleasesincomestatementleaserevenue": 374450000,
        "sitedevelopment": 25319000,
        "revenues": 25319000,
        "operatingleasesincomestatementinitialdirectcosts": 82762000,
        "costofsitedevelopment": 19833000,
        "sellinggeneralandadministrativeexpense": 30406000,
        "businesscombinationacquisitionrelatedcostsandadjusments": 1340000,
        "assetimpairmentanddecommissioncosts": 162000,
        "depreciationamortizationandaccretionnet": 506000,
        "costsandexpenses": 302167000,
        "operatingincomeloss": -4992000,
        "investmentincomeinterest": 1866000,
        "investmentincomeinvestmentexpense": 83804000,
        "paidinkindinterest": 455000,
        "amortizationoffinancingcosts": 5100000,
        "othernonoperatingincomeexpense": 45900000,
        "nonoperatingincomeexpense": -41758000,
        "incomelossfromcontinuingoperationsbeforeincometaxesextraordinaryitemsnoncontrollinginterest": 55844000,
        "incometaxexpensebenefit": 2205000,
        "netincomeloss": 53639000,
        "earningspersharebasic": 0.43,
        "earningspersharediluted": 0.43,
        "weightedaveragenumberofsharesoutstandingbasic": 125398000,
        "weightedaveragenumberofdilutedsharesoutstanding": 126124000,
        "sharebasedcompensation": 7686000,
        "othercomprehensiveincomeforeigncurrencytransactionandtranslationgainlossarisingduringperiodnetoftax": 60693000,
        "comprehensiveincomenetoftax": 114332000
    },
    {
        "date": "2015-12-30",
        "symbol": "SBAC",
        "period": "Q4",
        "operatingleasesincomestatementleaserevenue": 368452000,
        "sitedevelopment": 38489000,
        "revenues": 38489000,
        "operatingleasesincomestatementinitialdirectcosts": 81361000,
        "costofsitedevelopment": 28083000,
        "sellinggeneralandadministrativeexpense": -66923000,
        "assetimpairmentanddecommissioncosts": 402000,
        "depreciationamortizationandaccretionnet": 232000,
        "costsandexpenses": 324817000,
        "operatingincomeloss": -4011000,
        "investmentincomeinterest": 1610000,
        "investmentincomeinvestmentexpense": 83927000,
        "paidinkindinterest": 454000,
        "amortizationoffinancingcosts": 5181000,
        "othernonoperatingincomeexpense": 39574000,
        "nonoperatingincomeexpense": -49161000,
        "incomelossfromcontinuingoperationsbeforeincometaxesextraordinaryitemsnoncontrollinginterest": 32963000,
        "incometaxexpensebenefit": 6396000,
        "netincomeloss": 31015000,
        "othercomprehensiveincomeforeigncurrencytransactionandtranslationgainlossarisingduringperiodnetoftax": -553000,
        "comprehensiveincomenetoftax": 30462000
    },
    {
        "date": "2015-09-29",
        "symbol": "SBAC",
        "period": "Q3",
        "operatingleasesincomestatementleaserevenue": 371993000,
        "sitedevelopment": 38742000,
        "revenues": 38742000,
        "operatingleasesincomestatementinitialdirectcosts": 81346000,
        "costofsitedevelopment": 30387000,
        "sellinggeneralandadministrativeexpense": 27872000,
        "businesscombinationacquisitionrelatedcostsandadjusments": 111000,
        "assetimpairmentanddecommissioncosts": 128000,
        "depreciationamortizationandaccretionnet": 650000,
        "costsandexpenses": 367652000,
        "operatingincomeloss": -4982000,
        "investmentincomeinterest": 1276000,
        "investmentincomeinvestmentexpense": 81877000,
        "paidinkindinterest": 449000,
        "amortizationoffinancingcosts": 4803000,
        "othernonoperatingincomeexpense": -111250000,
        "nonoperatingincomeexpense": -197103000,
        "incomelossfromcontinuingoperationsbeforeincometaxesextraordinaryitemsnoncontrollinginterest": -154020000,
        "incometaxexpensebenefit": 1926000,
        "netincomeloss": -155946000,
        "earningspersharebasicanddiluted": -1.23,
        "weightedaveragenumberofshareoutstandingbasicanddiluted": 127170000,
        "sharebasedcompensation": 6631000,
        "othercomprehensiveincomeforeigncurrencytransactionandtranslationgainlossarisingduringperiodnetoftax": -171089000,
        "comprehensiveincomenetoftax": -327035000
    },
    {
        "date": "2015-06-29",
        "symbol": "SBAC",
        "period": "Q2",
        "operatingleasesincomestatementleaserevenue": 370462000,
        "sitedevelopment": 40242000,
        "revenues": 40242000,
        "operatingleasesincomestatementinitialdirectcosts": 81731000,
        "costofsitedevelopment": 30381000,
        "sellinggeneralandadministrativeexpense": 28262000,
        "businesscombinationacquisitionrelatedcostsandadjusments": -786000,
        "assetimpairmentanddecommissioncosts": 48000,
        "depreciationamortizationandaccretionnet": 895000,
        "costsandexpenses": 312541000,
        "operatingincomeloss": -5665000,
        "investmentincomeinterest": 715000,
        "investmentincomeinvestmentexpense": 78908000,
        "paidinkindinterest": 322000,
        "amortizationoffinancingcosts": 4626000,
        "othernonoperatingincomeexpense": 15507000,
        "nonoperatingincomeexpense": -67634000,
        "incomelossfromcontinuingoperationsbeforeincometaxesextraordinaryitemsnoncontrollinginterest": 30529000,
        "incometaxexpensebenefit": -2224000,
        "netincomeloss": 28305000,
        "earningspersharebasic": 0.22,
        "earningspersharediluted": 0.22,
        "weightedaveragenumberofsharesoutstandingbasic": 128809000,
        "weightedaveragenumberofdilutedsharesoutstanding": 129948000,
        "sharebasedcompensation": 8089000,
        "othercomprehensiveincomeforeigncurrencytransactionandtranslationgainlossarisingduringperiodnetoftax": 26533000,
        "comprehensiveincomenetoftax": 54838000
    },
    {
        "date": "2015-03-30",
        "symbol": "SBAC",
        "period": "Q1",
        "operatingleasesincomestatementleaserevenue": 369727000,
        "sitedevelopment": 40367000,
        "revenues": 40367000,
        "operatingleasesincomestatementinitialdirectcosts": 80217000,
        "costofsitedevelopment": 30893000,
        "sellinggeneralandadministrativeexpense": 29884000,
        "businesscombinationacquisitionrelatedcosts": 863000,
        "assetimpairmentanddecommissioncosts": 228000,
        "depreciationamortizationandaccretionnet": 1260000,
        "costsandexpenses": 321008000,
        "operatingincomeloss": -7474000,
        "investmentincomeinterest": 293000,
        "investmentincomeinvestmentexpense": 77654000,
        "paidinkindinterest": 280000,
        "amortizationoffinancingcosts": 4544000,
        "othernonoperatingincomeexpense": -82968000,
        "nonoperatingincomeexpense": -165153000,
        "incomelossfromcontinuingoperationsbeforeincometaxesextraordinaryitemsnoncontrollinginterest": -76067000,
        "incometaxexpensebenefit": 2963000,
        "netincomeloss": -79030000,
        "earningspersharebasicanddiluted": -0.61,
        "weightedaveragenumberofsharesoutstandingbasic": 129235000,
        "weightedaveragenumberofdilutedsharesoutstanding": 129235000,
        "sharebasedcompensation": 6884000,
        "othercomprehensiveincomeforeigncurrencytransactionandtranslationgainlossarisingduringperiodnetoftax": -174450000,
        "comprehensiveincomenetoftax": -253480000
    },
    {
        "date": "2014-12-30",
        "symbol": "SBAC",
        "period": "Q4",
        "operatingleasesincomestatementleaserevenue": 361420000,
        "sitedevelopment": 43313000,
        "revenues": -229777000,
        "operatingleasesincomestatementinitialdirectcosts": 78265000,
        "costofsitedevelopment": 33739000,
        "sellinggeneralandadministrativeexpense": -42469000,
        "businesscombinationacquisitionrelatedcosts": -4039000,
        "assetimpairmentanddecommissioncosts": -5755000,
        "depreciationamortizationandaccretionnet": 2717000,
        "costsandexpenses": 308147000,
        "operatingincomeloss": -5110000,
        "investmentincomeinterest": 250000,
        "investmentincomeinvestmentexpense": 76905000,
        "paidinkindinterest": 279000,
        "amortizationoffinancingcosts": 4458000,
        "gainslossesonextinguishmentofdebt": -1124000,
        "othernonoperatingincomeexpense": -9757000,
        "nonoperatingincomeexpense": -92273000,
        "incomelossfromcontinuingoperationsbeforeincometaxesextraordinaryitemsnoncontrollinginterest": 4313000,
        "incometaxexpensebenefit": 3924000,
        "netincomeloss": 389000,
        "othercomprehensiveincomeforeigncurrencytransactionandtranslationgainlossarisingduringperiodnetoftax": -88341000,
        "comprehensiveincomenetoftax": -87952000
    },
    {
        "date": "2014-09-29",
        "symbol": "SBAC",
        "period": "Q3",
        "operatingleasesincomestatementleaserevenue": 349010000,
        "sitedevelopment": 44283000,
        "revenues": 44283000,
        "operatingleasesincomestatementinitialdirectcosts": 77926000,
        "costofsitedevelopment": 33950000,
        "sellinggeneralandadministrativeexpense": 2222000,
        "businesscombinationacquisitionrelatedcosts": -2300000,
        "assetimpairmentanddecommissioncosts": 456000,
        "depreciationamortizationandaccretionnet": 731000,
        "costsandexpenses": 303809000,
        "operatingincomeloss": -2953000,
        "investmentincomeinterest": 161000,
        "investmentincomeinvestmentexpense": 78170000,
        "paidinkindinterest": 8236000,
        "amortizationoffinancingcosts": 4599000,
        "gainslossesonextinguishmentofdebt": -14893000,
        "othernonoperatingincomeexpense": 611000,
        "nonoperatingincomeexpense": -105126000,
        "incomelossfromcontinuingoperationsbeforeincometaxesextraordinaryitemsnoncontrollinginterest": -15642000,
        "incometaxexpensebenefit": 982000,
        "netincomeloss": -16624000,
        "earningspersharebasic": -0.13,
        "earningspersharediluted": -0.13,
        "weightedaveragenumberofsharesoutstandingbasic": 129046000,
        "weightedaveragenumberofdilutedsharesoutstanding": 129046000,
        "sharebasedcompensation": 6319000,
        "othercomprehensiveincomeforeigncurrencytransactionandtranslationgainlossarisingduringperiodnetoftax": -128461000,
        "comprehensiveincomenetoftax": -145085000
    },
    {
        "date": "2014-06-29",
        "symbol": "SBAC",
        "period": "Q2",
        "operatingleasesincomestatementleaserevenue": 340452000,
        "sitedevelopment": 42968000,
        "revenues": 42968000,
        "operatingleasesincomestatementinitialdirectcosts": 75382000,
        "costofsitedevelopment": 32056000,
        "sellinggeneralandadministrativeexpense": 25441000,
        "businesscombinationacquisitionrelatedcosts": 2225000,
        "assetimpairmentanddecommissioncosts": 3994000,
        "depreciationamortizationandaccretionnet": 682000,
        "costsandexpenses": 300103000,
        "operatingincomeloss": -3794000,
        "investmentincomeinterest": 180000,
        "investmentincomeinvestmentexpense": 71498000,
        "paidinkindinterest": 8293000,
        "amortizationoffinancingcosts": 4278000,
        "gainslossesonextinguishmentofdebt": -8236000,
        "othernonoperatingincomeexpense": 1384000,
        "nonoperatingincomeexpense": -90741000,
        "incomelossfromcontinuingoperationsbeforeincometaxesextraordinaryitemsnoncontrollinginterest": -7424000,
        "incometaxexpensebenefit": 2043000,
        "netincomeloss": -9467000,
        "earningspersharebasicanddiluted": -0.07,
        "weightedaveragenumberofshareoutstandingbasicanddiluted": 128950000,
        "sharebasedcompensation": 6090000,
        "othercomprehensiveincomeforeigncurrencytransactionandtranslationgainlossarisingduringperiodnetoftax": 34988000,
        "comprehensiveincomenetoftax": 25521000
    },
    {
        "date": "2014-03-30",
        "symbol": "SBAC",
        "period": "Q1",
        "operatingleasesincomestatementleaserevenue": 309320000,
        "sitedevelopment": 36230000,
        "revenues": 309320000,
        "operatingleasesincomestatementinitialdirectcosts": 69740000,
        "costofsitedevelopment": 27427000,
        "sellinggeneralandadministrativeexpense": 24676000,
        "businesscombinationacquisitionrelatedcosts": 8561000,
        "assetimpairmentanddecommissioncosts": 3568000,
        "depreciationamortizationandaccretionnet": 892000,
        "costsandexpenses": 278414000,
        "operatingincomeloss": -3035000,
        "investmentincomeinterest": 86000,
        "investmentincomeinvestmentexpense": 66027000,
        "paidinkindinterest": 10304000,
        "amortizationoffinancingcosts": 4237000,
        "gainslossesonextinguishmentofdebt": -1951000,
        "othernonoperatingincomeexpense": 18390000,
        "nonoperatingincomeexpense": -64043000,
        "incomelossfromcontinuingoperationsbeforeincometaxesextraordinaryitemsnoncontrollinginterest": 3093000,
        "incometaxexpensebenefit": 1686000,
        "netincomeloss": 1407000,
        "earningspersharebasic": 0.01,
        "earningspersharediluted": 0.01,
        "weightedaveragenumberofsharesoutstandingbasic": 128560000,
        "weightedaveragenumberofdilutedsharesoutstanding": 138356000,
        "sharebasedcompensation": 4541000,
        "othercomprehensiveincomeforeigncurrencytransactionandtranslationgainlossarisingduringperiodnetoftax": 33007000,
        "comprehensiveincomenetoftax": 34414000
    },
    {
        "date": "2013-12-30",
        "symbol": "SBAC",
        "period": "Q4",
        "operatingleasesincomestatementleaserevenue": 292525000,
        "sitedevelopment": 42871000,
        "revenues": 292525000,
        "operatingleasesincomestatementinitialdirectcosts": 66845000,
        "costofsitedevelopment": 33693000,
        "sellinggeneralandadministrativeexpense": 21711000,
        "businesscombinationacquisitionrelatedcosts": 7820000,
        "assetimpairmentanddecommissioncosts": 12555000,
        "depreciationamortizationandaccretionnet": -123531000,
        "costsandexpenses": 275952000,
        "operatingincomeloss": -52747000,
        "investmentincomeinterest": 182000,
        "amortizationoffinancingcosts": -9508000,
        "gainslossesonextinguishmentofdebt": -336000,
        "othernonoperatingincomeexpense": -3736000,
        "nonoperatingincomeexpense": -81359000,
        "incometaxexpensebenefit": -2750000,
        "profitloss": -19165000,
        "netincomeloss": -19165000,
        "othercomprehensiveincomeforeigncurrencytransactionandtranslationgainlossarisingduringperiodnetoftax": -36415000,
        "comprehensiveincomenetoftax": -40280000,
        "comprehensiveincomenetoftaxincludingportionattributabletononcontrollinginterest": -40280000
    },
    {
        "date": "2013-09-29",
        "symbol": "SBAC",
        "period": "Q3",
        "operatingleasesincomestatementleaserevenue": 287483000,
        "sitedevelopment": 44611000,
        "revenues": 287483000,
        "operatingleasesincomestatementinitialdirectcosts": 68042000,
        "costofsitedevelopment": 35253000,
        "sellinggeneralandadministrativeexpense": 21827000,
        "assetimpairmentanddecommissioncosts": 6190000,
        "businesscombinationacquisitionrelatedcosts": 3599000,
        "depreciationamortizationandaccretionnet": 476000,
        "costsandexpenses": 268192000,
        "operatingincomeloss": -2540000,
        "investmentincomeinterest": 274000,
        "investmentincomeinvestmentexpense": 62987000,
        "paidinkindinterest": 9642000,
        "amortizationoffinancingcosts": 3981000,
        "gainslossesonextinguishmentofdebt": -3000,
        "othernonoperatingincomeexpense": 34175000,
        "nonoperatingincomeexpense": -42164000,
        "incomelossfromcontinuingoperationsbeforeincometaxesextraordinaryitemsnoncontrollinginterest": 21738000,
        "incometaxexpensebenefit": 207000,
        "incomelossfromcontinuingoperations": 21531000,
        "profitloss": 21531000,
        "netincomeloss": 21531000,
        "incomelossfromcontinuingoperationsperbasicshare": 0.17,
        "incomelossfromcontinuingoperationsperdilutedshare": 0.16,
        "weightedaveragenumberofsharesoutstandingbasic": 127885000,
        "weightedaveragenumberofdilutedsharesoutstanding": 136912000,
        "othercomprehensiveincomeforeigncurrencytransactionandtranslationgainlossarisingduringperiodnetoftax": 16909000,
        "comprehensiveincomenetoftax": 23140000,
        "comprehensiveincomenetoftaxincludingportionattributabletononcontrollinginterest": 23140000
    },
    {
        "date": "2013-06-29",
        "symbol": "SBAC",
        "period": "Q2",
        "operatingleasesincomestatementleaserevenue": 279501000,
        "sitedevelopment": 44804000,
        "revenues": 279501000,
        "operatingleasesincomestatementinitialdirectcosts": 67784000,
        "costofsitedevelopment": 35941000,
        "sellinggeneralandadministrativeexpense": 21507000,
        "assetimpairmentanddecommissioncosts": 6493000,
        "businesscombinationacquisitionrelatedcosts": 1957000,
        "depreciationamortizationandaccretionnet": 475000,
        "costsandexpenses": 274771000,
        "operatingincomeloss": -6665000,
        "investmentincomeinterest": 697000,
        "cashinterestexpense": 1193000,
        "noncashinterestexpense": 14000,
        "amortizationoffinancingcosts": 3923000,
        "gainslossesonextinguishmentofdebt": -5618000,
        "othernonoperatingincomeexpense": 547000,
        "nonoperatingincomeexpense": -83558000,
        "incomelossfromcontinuingoperationsbeforeincometaxesminorityinterestandincomelossfromequitymethodinvestments": -34024000,
        "incometaxexpensebenefit": 1875000,
        "incomelossfromcontinuingoperations": -35899000,
        "profitloss": -35899000,
        "netincomeloss": -35899000,
        "incomelossfromcontinuingoperationsperbasicanddilutedshare": -0.28,
        "earningspersharebasicanddiluted": -0.28,
        "weightedaveragenumberofshareoutstandingbasicanddiluted": 127713000,
        "othercomprehensiveincomeforeigncurrencytransactionandtranslationgainlossarisingduringperiodnetoftax": -18518000,
        "comprehensiveincomenetoftax": -54417000,
        "comprehensiveincomenetoftaxincludingportionattributabletononcontrollinginterest": -54417000
    },
    {
        "date": "2013-03-30",
        "symbol": "SBAC",
        "period": "Q1",
        "operatingleasesincomestatementleaserevenue": 273504000,
        "sitedevelopment": 39567000,
        "revenues": 273504000,
        "operatingleasesincomestatementinitialdirectcosts": 68101000,
        "costofsitedevelopment": 32594000,
        "sellinggeneralandadministrativeexpense": 20431000,
        "assetimpairmentanddecommissioncosts": 3722000,
        "businesscombinationacquisitionrelatedcosts": 5822000,
        "depreciationamortizationandaccretionnet": 124608000,
        "costsandexpenses": 256306000,
        "operatingincomeloss": 51593000,
        "investmentincomeinterest": 641000,
        "interestexpense": 59465000,
        "interestexpensedebtexcludingamortization": 17364000,
        "amortizationoffinancingcosts": 3604000,
        "gainslossesonextinguishmentofdebt": -142000,
        "othernonoperatingincomeexpense": 152000,
        "nonoperatingincomeexpense": -79782000,
        "incomelossfromcontinuingoperationsbeforeincometaxesminorityinterestandincomelossfromequitymethodinvestments": -23017000,
        "incometaxexpensebenefit": -641000,
        "profitloss": -22376000,
        "netincomeloss": -22376000,
        "earningspersharebasicanddiluted": -0.18,
        "weightedaveragenumberbasicdilutedsharesoutstanding": 127057000,
        "othercomprehensiveincomeforeigncurrencytransactionandtranslationgainlossarisingduringperiodnetoftax": 1554000,
        "comprehensiveincomenetoftax": -20822000,
        "comprehensiveincomenetoftaxincludingportionattributabletononcontrollinginterest": -20822000
    },
    {
        "date": "2012-12-30",
        "symbol": "SBAC",
        "period": "Q4",
        "operatingleasesincomestatementleaserevenue": 260762000,
        "sitedevelopment": 33079000,
        "revenues": 260762000,
        "operatingleasesincomestatementinitialdirectcosts": 62164000,
        "costofsitedevelopment": 27262000,
        "sellinggeneralandadministrativeexpense": 19624000,
        "businesscombinationacquisitionrelatedcosts": 18558000,
        "assetimpairmentcharges": 3828000,
        "depreciationamortizationandaccretionnet": 211503000,
        "costsandexpenses": 262793000,
        "operatingincomeloss": 73692000,
        "investmentincomeinterest": 709000,
        "interestexpense": 59513000,
        "interestexpensedebtexcludingamortization": 17829000,
        "amortizationoffinancingcosts": 3577000,
        "othernonoperatingincomeexpense": 421000,
        "nonoperatingincomeexpense": -81796000,
        "incomelossfromcontinuingoperationsbeforeincometaxesminorityinterestandincomelossfromequitymethodinvestments": -50748000,
        "incometaxexpensebenefit": 1785000,
        "profitloss": -52586000,
        "netincomelossattributabletononcontrollinginterest": -97000,
        "netincomeloss": -52489000,
        "earningspersharebasicanddiluted": -0.4400000000000001,
        "weightedaveragenumberbasicdilutedsharesoutstanding": -234158000,
        "othercomprehensiveincomeforeigncurrencytransactionandtranslationgainlossarisingduringperiodnetoftax": 857000,
        "comprehensiveincomenetoftax": -51729000,
        "comprehensiveincomenetoftaxattributabletononcontrollinginterest": -97000,
        "comprehensiveincomenetoftaxincludingportionattributabletononcontrollinginterest": -51632000
    },
    {
        "date": "2012-09-29",
        "symbol": "SBAC",
        "period": "Q3",
        "operatingleasesincomestatementleaserevenue": 208828000,
        "sitedevelopment": 29778000,
        "revenues": 208828000,
        "operatingleasesincomestatementinitialdirectcosts": 46621000,
        "costofsitedevelopment": 25062000,
        "sellinggeneralandadministrativeexpense": 17565000,
        "assetimpairmentcharges": 1560000,
        "businesscombinationacquisitionrelatedcosts": 5715000,
        "depreciationamortizationandaccretionnet": 100107000,
        "costsandexpenses": 197535000,
        "operatingincomeloss": 42420000,
        "investmentincomeinterest": 335000,
        "interestexpense": 50578000,
        "interestexpensedebtexcludingamortization": 17874000,
        "amortizationoffinancingcosts": 3199000,
        "gainslossesonextinguishmentofdebt": -22643000,
        "othernonoperatingincomeexpense": 249000,
        "nonoperatingincomeexpense": -93710000,
        "incomelossfromcontinuingoperationsbeforeincometaxesminorityinterestandincomelossfromequitymethodinvestments": -52639000,
        "incometaxexpensebenefit": 1029000,
        "incomelossfromcontinuingoperations": -53668000,
        "incomelossfromdiscontinuedoperationsnetoftax": 969000,
        "profitloss": -52699000,
        "netincomelossattributabletononcontrollinginterest": -254000,
        "netincomeloss": -52445000,
        "incomelossfromcontinuingoperationsperbasicanddilutedshare": -0.44,
        "incomelossfromdiscontinuedoperationsnetoftaxperbasicanddilutedshare": 0.01,
        "earningspersharebasicanddiluted": -0.43,
        "weightedaveragenumberbasicdilutedsharesoutstanding": 121689000,
        "othercomprehensiveincomeforeigncurrencytransactionandtranslationgainlossarisingduringperiodnetoftax": 1686000,
        "comprehensiveincomenetoftax": -51013000,
        "comprehensiveincomenetoftaxattributabletononcontrollinginterest": -254000,
        "comprehensiveincomenetoftaxincludingportionattributabletononcontrollinginterest": -50759000
    },
    {
        "date": "2012-06-29",
        "symbol": "SBAC",
        "period": "Q2",
        "operatingleasesincomestatementleaserevenue": 203581000,
        "sitedevelopment": 25566000,
        "revenues": 203581000,
        "operatingleasesincomestatementinitialdirectcosts": 44759000,
        "costofsitedevelopment": 21446000,
        "sellinggeneralandadministrativeexpense": 17744000,
        "assetimpairmentcharges": 646000,
        "businesscombinationacquisitionrelatedcosts": 15816000,
        "depreciationamortizationandaccretionnet": 93108000,
        "costsandexpenses": 194409000,
        "operatingincomeloss": 35550000,
        "investmentincomeinterest": 37000,
        "interestexpense": 43902000,
        "interestexpensedebtexcludingamortization": 17416000,
        "amortizationoffinancingcosts": 3661000,
        "gainslossesonextinguishmentofdebt": -27149000,
        "othernonoperatingincomeexpense": 4972000,
        "nonoperatingincomeexpense": -87119000,
        "incomelossfromcontinuingoperationsbeforeincometaxesminorityinterestandincomelossfromequitymethodinvestments": -52381000,
        "incometaxexpensebenefit": 2453000,
        "incomelossfromcontinuingoperations": -54834000,
        "incomelossfromdiscontinuedoperationsnetoftax": 1380000,
        "profitloss": -53454000,
        "netincomelossattributabletononcontrollinginterest": 18000,
        "netincomeloss": -53472000,
        "incomelossfromcontinuingoperationsperbasicanddilutedshare": -0.45,
        "incomelossfromdiscontinuedoperationsnetoftaxperbasicanddilutedshare": 0.01,
        "earningspersharebasicanddiluted": -0.44,
        "weightedaveragenumberbasicdilutedsharesoutstanding": 121318000,
        "othercomprehensiveincomeforeigncurrencytransactionandtranslationgainlossarisingduringperiodnetoftax": -979000,
        "comprehensiveincomenetoftax": -54433000,
        "comprehensiveincomenetoftaxattributabletononcontrollinginterest": 18000,
        "comprehensiveincomenetoftaxincludingportionattributabletononcontrollinginterest": -54451000
    },
    {
        "date": "2012-03-30",
        "symbol": "SBAC",
        "period": "Q1",
        "operatingleasesincomestatementleaserevenue": 172923000,
        "sitedevelopment": 19567000,
        "revenues": 172923000,
        "operatingleasesincomestatementinitialdirectcosts": 35407000,
        "costofsitedevelopment": 16786000,
        "sellinggeneralandadministrativeexpense": 17215000,
        "assetimpairmentcharges": 349000,
        "businesscombinationacquisitionrelatedcosts": 344000,
        "depreciationamortizationandaccretionnet": 258000,
        "costsandexpenses": 152201000,
        "operatingincomeloss": -2020000,
        "investmentincomeinterest": 47000,
        "interestexpense": 42248000,
        "interestexpensedebtexcludingamortization": 16991000,
        "amortizationoffinancingcosts": 2433000,
        "othernonoperatingincomeexpense": 12000,
        "nonoperatingincomeexpense": -61613000,
        "incomelossfromcontinuingoperationsbeforeincometaxesminorityinterestandincomelossfromequitymethodinvestments": -21324000,
        "incometaxexpensebenefit": 1327000,
        "profitloss": -22651000,
        "netincomelossattributabletononcontrollinginterest": -20000,
        "netincomeloss": -22631000,
        "earningspersharebasicanddiluted": -0.2,
        "weightedaveragenumberbasicdilutedsharesoutstanding": 111431000,
        "othercomprehensiveincomeforeigncurrencytransactionandtranslationgainlossarisingduringperiodnetoftax": 742000,
        "comprehensiveincomenetoftax": -21909000,
        "comprehensiveincomenetoftaxattributabletononcontrollinginterest": -20000,
        "comprehensiveincomenetoftaxincludingportionattributabletononcontrollinginterest": -21889000
    },
    {
        "date": "2011-09-29",
        "symbol": "SBAC",
        "period": "Q3",
        "operatingleasesincomestatementleaserevenue": 154514000,
        "revenues": 154514000,
        "sellinggeneralandadministrativeexpense": 15415000,
        "businesscombinationacquisitionrelatedcosts": 1474000,
        "depreciationamortizationandaccretionnet": 308000,
        "costsandexpenses": 147978000,
        "operatingincomeloss": -2119000,
        "investmentincomeinterest": 38000,
        "interestexpense": 42307000,
        "amortizationoffinancingcosts": 2381000,
        "othernonoperatingincomeexpense": 122000,
        "nonoperatingincomeexpense": -60617000,
        "incomelossfromcontinuingoperationsbeforeincometaxesminorityinterestandincomelossfromequitymethodinvestments": -33046000,
        "incometaxexpensebenefit": 391000,
        "profitloss": -33437000,
        "netincomelossattributabletononcontrollinginterest": -132000,
        "netincomeloss": -33305000,
        "earningspersharebasicanddiluted": -0.3000000000000001,
        "weightedaveragenumberbasicdilutedsharesoutstanding": -1056000,
        "othercomprehensiveincomeforeigncurrencytransactionandtranslationgainlossarisingduringperiodnetoftax": -3041000,
        "comprehensiveincomenetoftaxincludingportionattributabletononcontrollinginterest": -36346000,
        "comprehensiveincomenetoftax": -36346000
    },
    {
        "date": "2011-06-29",
        "symbol": "SBAC",
        "period": "Q2",
        "operatingleasesincomestatementleaserevenue": 150173000,
        "revenues": 128908000,
        "sellinggeneralandadministrativeexpense": 15721000,
        "businesscombinationacquisitionrelatedcosts": 1029000,
        "depreciationamortizationandaccretionnet": -74336000,
        "costsandexpenses": 143844000,
        "operatingincomeloss": -27446000,
        "investmentincomeinterest": 29000,
        "interestexpense": 38528000,
        "amortizationoffinancingcosts": 2201000,
        "gainslossesonextinguishmentofdebt": 0,
        "othernonoperatingincomeexpense": -104000,
        "nonoperatingincomeexpense": -56417000,
        "incomelossfromcontinuingoperationsbeforeincometaxesminorityinterestandincomelossfromequitymethodinvestments": -29208000,
        "incometaxexpensebenefit": 702000,
        "profitloss": -29910000,
        "netincomelossattributabletononcontrollinginterest": -91000,
        "netincomeloss": -29819000,
        "earningspersharebasicanddiluted": -0.26999999999999996,
        "weightedaveragenumberbasicdilutedsharesoutstanding": -1051000,
        "othercomprehensiveincomeforeigncurrencytransactionandtranslationgainlossarisingduringperiodnetoftax": 65000,
        "comprehensiveincomenetoftaxincludingportionattributabletononcontrollinginterest": -29754000,
        "comprehensiveincomenetoftax": -29754000
    },
    {
        "date": "2011-03-30",
        "symbol": "SBAC",
        "period": "Q1",
        "operatingleasesincomestatementleaserevenue": 146484000,
        "salesrevenueservicesnet": 21265000,
        "revenues": 167749000,
        "directcostsofleasedandrentedpropertyorequipment": 31976000,
        "costofservices": 18728000,
        "sellinggeneralandadministrativeexpense": 15895000,
        "businesscombinationacquisitionrelatedcosts": 2373000,
        "depreciationamortizationandaccretionnet": 74878000,
        "costsandexpenses": 143850000,
        "operatingincomeloss": 23899000,
        "investmentincomeinterest": 30000,
        "interestexpense": 37781000,
        "amortizationoffinancingcostsanddiscounts": 15393000,
        "amortizationoffinancingcosts": 2199000,
        "gainslossesonextinguishmentofdebt": -1696000,
        "othernonoperatingincomeexpense": -545000,
        "nonoperatingincomeexpense": -57584000,
        "incomelossfromcontinuingoperationsbeforeincometaxesminorityinterestandincomelossfromequitymethodinvestments": -33685000,
        "incometaxexpensebenefit": 691000,
        "profitloss": -34376000,
        "netincomelossattributabletononcontrollinginterest": -125000,
        "netincomeloss": -34251000,
        "earningspersharebasicanddiluted": -0.3,
        "weightedaveragenumberbasicdilutedsharesoutstanding": 114416000,
        "othercomprehensiveincomeforeigncurrencytransactionandtranslationgainlossarisingduringperiodnetoftax": 184000,
        "comprehensiveincomenetoftaxincludingportionattributabletononcontrollinginterest": -34067000,
        "comprehensiveincomenetoftax": -34067000
    },
    {
        "date": "2010-06-29",
        "symbol": "SBAC",
        "period": "Q2",
        "operatingleasesincomestatementleaserevenue": 131739000,
        "salesrevenueservicesnet": 22776000,
        "revenues": 154515000,
        "directcostsofleasedandrentedpropertyorequipment": 30004000,
        "costofservices": 19954000,
        "sellinggeneralandadministrativeexpense": 14297000,
        "businesscombinationacquisitionrelatedcosts": 1405000,
        "depreciationamortizationandaccretionnet": 68831000,
        "costsandexpenses": 134491000,
        "operatingincomeloss": 20024000,
        "investmentincomeinterest": 175000,
        "interestexpense": 37711000,
        "amortizationoffinancingcostsanddiscounts": 14780000,
        "amortizationoffinancingcosts": 2214000,
        "gainslossesonextinguishmentofdebt": -48932000,
        "othernonoperatingincomeexpense": -434000,
        "nonoperatingincomeexpense": -103896000,
        "incomelossfromcontinuingoperationsbeforeincometaxesminorityinterestandincomelossfromequitymethodinvestments": -83872000,
        "incometaxexpensebenefit": -18000,
        "profitloss": -83854000,
        "netincomelossattributabletononcontrollinginterest": -155000,
        "netincomeloss": -83699000,
        "earningspersharebasicanddiluted": -0.72,
        "weightedaveragenumberbasicdilutedsharesoutstanding": 115666000,
        "othercomprehensiveincomereclassificationadjustmentonderivativesincludedinnetincomenetoftax": -91000,
        "writeoffofdeferredgainsloss": -3636000,
        "othercomprehensiveincomeforeigncurrencytransactionandtranslationadjustmentnetoftaxperiodincreasedecrease": -679000,
        "comprehensiveincomenetoftaxincludingportionattributabletononcontrollinginterest": -80806000,
        "comprehensiveincomenetoftaxattributabletononcontrollinginterest": -217000,
        "comprehensiveincomenetoftax": -80589000
    }
]