[
    {
        "date": "2024-09-29",
        "symbol": "FCX",
        "period": "Q3",
        "revenues": -2007000000,
        "directoperatingcosts": 99000000,
        "costdepreciationamortizationanddepletion": 600000000,
        "costofrevenue": 4677000000,
        "sellinggeneralandadministrativeexpense": 117000000,
        "explorationexpense": 38000000,
        "environmentalremediationexpense": 20000000,
        "costsandexpenses": 4852000000,
        "operatingincomeloss": 1938000000,
        "interestincomeexpensenet": -72000000,
        "othernonoperatingincomeexpense": 97000000,
        "incomelossfromcontinuingoperationsbeforeincometaxesminorityinterestandincomelossfromequitymethodinvestments": 1963000000,
        "incometaxexpensebenefit": 182000000,
        "incomelossfromequitymethodinvestments": 10000000,
        "profitloss": 1236000000,
        "netincomelossattributabletononcontrollinginterest": 710000000,
        "netincomelossavailabletocommonstockholdersbasic": 526000000,
        "earningspersharebasic": 0.36,
        "earningspersharediluted": 0.36,
        "weightedaveragenumberofsharesoutstandingbasic": 1438000000,
        "weightedaveragenumberofdilutedsharesoutstanding": 1444000000,
        "commonstockdividendspersharedeclared": 0.15,
        "othercomprehensiveincomelossforeigncurrencytransactionandtranslationadjustmentnetoftax": 1000000,
        "othercomprehensiveincomelossnetoftax": 1000000,
        "comprehensiveincomenetoftaxincludingportionattributabletononcontrollinginterest": 1237000000,
        "comprehensiveincomenetoftaxattributabletononcontrollinginterest": 710000000,
        "comprehensiveincomenetoftax": 527000000
    },
    {
        "date": "2024-03-30",
        "symbol": "FCX",
        "period": "Q1",
        "revenues": 6321000000,
        "directoperatingcosts": 3844000000,
        "costdepreciationamortizationanddepletion": 595000000,
        "costofrevenue": 4439000000,
        "sellinggeneralandadministrativeexpense": 144000000,
        "explorationexpense": 37000000,
        "environmentalremediationexpense": 67000000,
        "costsandexpenses": 4687000000,
        "operatingincomeloss": 1634000000,
        "interestincomeexpensenet": -89000000,
        "othernonoperatingincomeexpense": 129000000,
        "incomelossfromcontinuingoperationsbeforeincometaxesminorityinterestandincomelossfromequitymethodinvestments": 1674000000,
        "incometaxexpensebenefit": 512000000,
        "incomelossfromequitymethodinvestments": -2000000,
        "profitloss": 1162000000,
        "netincomelossattributabletononcontrollinginterest": 689000000,
        "netincomelossavailabletocommonstockholdersbasic": 473000000,
        "earningspersharebasic": 0.33,
        "earningspersharediluted": 0.32,
        "weightedaveragenumberofsharesoutstandingbasic": 1436000000,
        "weightedaveragenumberofdilutedsharesoutstanding": 1444000000,
        "commonstockdividendspersharedeclared": 0.15,
        "othercomprehensiveincomelossreclassificationadjustmentfromaocipensionandotherpostretirementbenefitplansnetoftax": 1000000,
        "othercomprehensiveincomelossforeigncurrencytransactionandtranslationadjustmentnetoftax": -1000000,
        "comprehensiveincomenetoftaxincludingportionattributabletononcontrollinginterest": 1162000000,
        "comprehensiveincomenetoftaxattributabletononcontrollinginterest": 689000000,
        "comprehensiveincomenetoftax": 473000000
    },
    {
        "date": "2023-12-30",
        "symbol": "FCX",
        "period": "Q4",
        "revenues": 5905000000,
        "directoperatingcosts": 3367000000,
        "costdepreciationamortizationanddepletion": 589000000,
        "costofrevenue": 3949000000,
        "sellinggeneralandadministrativeexpense": 120000000,
        "explorationexpense": 34000000,
        "environmentalremediationexpense": 80000000,
        "costsandexpenses": 4183000000,
        "operatingincomeloss": 1722000000,
        "interestincomeexpensenet": -97000000,
        "othernonoperatingincomeexpense": 103000000,
        "incomelossfromcontinuingoperationsbeforeincometaxesminorityinterestandincomelossfromequitymethodinvestments": 1728000000,
        "incometaxexpensebenefit": 724000000,
        "incomelossfromequitymethodinvestments": 5000000,
        "profitloss": 1007000000,
        "netincomelossavailabletocommonstockholdersbasic": 388000000,
        "weightedaveragenumberofsharesoutstandingbasic": 1434000000,
        "commonstockdividendspersharedeclared": 0.14999999999999994,
        "othercomprehensiveincomelossreclassificationadjustmentfromaocipensionandotherpostretirementbenefitplansnetoftax": 2000000,
        "othercomprehensiveincomelossnetoftax": 40000000,
        "comprehensiveincomenetoftaxincludingportionattributabletononcontrollinginterest": 1048000000,
        "comprehensiveincomenetoftaxattributabletononcontrollinginterest": 617000000,
        "comprehensiveincomenetoftax": 431000000
    },
    {
        "date": "2023-09-29",
        "symbol": "FCX",
        "period": "Q3",
        "revenues": 5824000000,
        "directoperatingcosts": 3548000000,
        "costdepreciationamortizationanddepletion": 533000000,
        "inventoryadjustment": 5000000,
        "costofrevenue": 4086000000,
        "sellinggeneralandadministrativeexpense": 118000000,
        "explorationexpense": 30000000,
        "environmentalremediationexpense": 98000000,
        "costsandexpenses": 4332000000,
        "operatingincomeloss": 1492000000,
        "interestincomeexpensenet": -96000000,
        "gainslossesonextinguishmentofdebt": 5000000,
        "othernonoperatingincomeexpense": 71000000,
        "incomelossfromcontinuingoperationsbeforeincometaxesminorityinterestandincomelossfromequitymethodinvestments": 1472000000,
        "incometaxexpensebenefit": 508000000,
        "incomelossfromequitymethodinvestments": -2000000,
        "profitloss": 964000000,
        "netincomelossattributabletononcontrollinginterest": 510000000,
        "netincomelossavailabletocommonstockholdersbasic": 454000000,
        "earningspersharebasic": 0.31,
        "earningspersharediluted": 0.31,
        "weightedaveragenumberofsharesoutstandingbasic": 1435000000,
        "weightedaveragenumberofdilutedsharesoutstanding": 1443000000,
        "commonstockdividendspersharedeclared": 0.15,
        "othercomprehensiveincomelossreclassificationadjustmentfromaocipensionandotherpostretirementbenefitplansnetoftax": 1000000,
        "othercomprehensiveincomelossforeigncurrencytransactionandtranslationadjustmentnetoftax": -1000000,
        "othercomprehensiveincomelossnetoftax": 1000000,
        "comprehensiveincomenetoftaxincludingportionattributabletononcontrollinginterest": 964000000,
        "comprehensiveincomenetoftaxattributabletononcontrollinginterest": 509000000,
        "comprehensiveincomenetoftax": 455000000
    },
    {
        "date": "2023-06-29",
        "symbol": "FCX",
        "period": "Q2",
        "revenues": 5737000000,
        "directoperatingcosts": 3547000000,
        "costdepreciationamortizationanddepletion": 547000000,
        "costofrevenue": 4096000000,
        "sellinggeneralandadministrativeexpense": 115000000,
        "explorationexpense": 42000000,
        "environmentalremediationexpense": 74000000,
        "costsandexpenses": 4327000000,
        "operatingincomeloss": 1410000000,
        "interestincomeexpensenet": -171000000,
        "othernonoperatingincomeexpense": 24000000,
        "incomelossfromcontinuingoperationsbeforeincometaxesminorityinterestandincomelossfromequitymethodinvestments": 1268000000,
        "incometaxexpensebenefit": 539000000,
        "incomelossfromequitymethodinvestments": 2000000,
        "profitloss": 731000000,
        "netincomelossattributabletononcontrollinginterest": 388000000,
        "netincomelossavailabletocommonstockholdersbasic": 343000000,
        "earningspersharebasic": 0.23999999999999994,
        "earningspersharediluted": 0.22999999999999993,
        "weightedaveragenumberofsharesoutstandingbasic": 1000000,
        "weightedaveragenumberofdilutedsharesoutstanding": 0,
        "commonstockdividendspersharedeclared": 0.15,
        "othercomprehensiveincomelossreclassificationadjustmentfromaocipensionandotherpostretirementbenefitplansnetoftax": 1000000,
        "othercomprehensiveincomelossforeigncurrencytransactionandtranslationadjustmentnetoftax": 0,
        "othercomprehensiveincomelossnetoftax": 1000000,
        "comprehensiveincomenetoftaxincludingportionattributabletononcontrollinginterest": 732000000,
        "comprehensiveincomenetoftaxattributabletononcontrollinginterest": 388000000,
        "comprehensiveincomenetoftax": 344000000
    },
    {
        "date": "2023-03-30",
        "symbol": "FCX",
        "period": "Q1",
        "revenues": 5389000000,
        "directoperatingcosts": 3165000000,
        "costdepreciationamortizationanddepletion": 399000000,
        "costofrevenue": 3564000000,
        "sellinggeneralandadministrativeexpense": 126000000,
        "explorationexpense": 31000000,
        "environmentalremediationexpense": 67000000,
        "costsandexpenses": 3788000000,
        "operatingincomeloss": 1601000000,
        "interestincomeexpensenet": -151000000,
        "othernonoperatingincomeexpense": 88000000,
        "incomelossfromcontinuingoperationsbeforeincometaxesminorityinterestandincomelossfromequitymethodinvestments": 1538000000,
        "incometaxexpensebenefit": 499000000,
        "incomelossfromequitymethodinvestments": 10000000,
        "profitloss": 1049000000,
        "netincomelossattributabletononcontrollinginterest": 386000000,
        "netincomelossavailabletocommonstockholdersbasic": 663000000,
        "earningspersharebasic": 0.46,
        "earningspersharediluted": 0.46,
        "weightedaveragenumberofsharesoutstandingbasic": 1433000000,
        "weightedaveragenumberofdilutedsharesoutstanding": 1443000000,
        "commonstockdividendspersharedeclared": 0.15,
        "othercomprehensiveincomelossreclassificationadjustmentfromaocipensionandotherpostretirementbenefitplansnetoftax": 1000000,
        "othercomprehensiveincomelossforeigncurrencytransactionandtranslationadjustmentnetoftax": 1000000,
        "othercomprehensiveincomelossnetoftax": 2000000,
        "comprehensiveincomenetoftaxincludingportionattributabletononcontrollinginterest": 1051000000,
        "comprehensiveincomenetoftaxattributabletononcontrollinginterest": 387000000,
        "comprehensiveincomenetoftax": 664000000
    },
    {
        "date": "2022-09-29",
        "symbol": "FCX",
        "period": "Q3",
        "revenues": 5003000000,
        "directoperatingcosts": 3366000000,
        "costdepreciationamortizationanddepletion": 508000000,
        "costofrevenue": 3899000000,
        "sellinggeneralandadministrativeexpense": 98000000,
        "explorationexpense": 38000000,
        "environmentalremediationexpense": 6000000,
        "costsandexpenses": 4041000000,
        "operatingincomeloss": 962000000,
        "interestincomeexpensenet": -140000000,
        "othernonoperatingincomeexpense": 25000000,
        "incomelossfromcontinuingoperationsbeforeincometaxesminorityinterestandincomelossfromequitymethodinvestments": 867000000,
        "incometaxexpensebenefit": 315000000,
        "incomelossfromequitymethodinvestments": 8000000,
        "profitloss": 560000000,
        "netincomelossavailabletocommonstockholdersbasic": 404000000,
        "earningspersharebasic": 0.28,
        "earningspersharediluted": 0.2899999999999998,
        "weightedaveragenumberofsharesoutstandingbasic": -7000000,
        "weightedaveragenumberofdilutedsharesoutstanding": -8000000,
        "commonstockdividendspersharedeclared": 0.15000000000000005,
        "othercomprehensiveincomelossreclassificationadjustmentfromaocipensionandotherpostretirementbenefitplansnetoftax": 1000000,
        "othercomprehensiveincomelossnetoftax": 1000000,
        "comprehensiveincomenetoftaxincludingportionattributabletononcontrollinginterest": 561000000,
        "comprehensiveincomenetoftaxattributabletononcontrollinginterest": 156000000,
        "comprehensiveincomenetoftax": 405000000
    },
    {
        "date": "2022-06-29",
        "symbol": "FCX",
        "period": "Q2",
        "revenues": 5416000000,
        "directoperatingcosts": 3003000000,
        "costdepreciationamortizationanddepletion": 507000000,
        "costofrevenue": 3528000000,
        "sellinggeneralandadministrativeexpense": 100000000,
        "explorationexpense": 25000000,
        "environmentalremediationexpense": 29000000,
        "costsandexpenses": 3680000000,
        "operatingincomeloss": 1736000000,
        "interestincomeexpensenet": -156000000,
        "othernonoperatingincomeexpense": 11000000,
        "incomelossfromcontinuingoperationsbeforeincometaxesminorityinterestandincomelossfromequitymethodinvestments": 1599000000,
        "incometaxexpensebenefit": 571000000,
        "incomelossfromequitymethodinvestments": 10000000,
        "profitloss": 1038000000,
        "netincomelossavailabletocommonstockholdersbasic": 840000000,
        "earningspersharebasic": 0.5799999999999998,
        "earningspersharediluted": 0.5700000000000001,
        "weightedaveragenumberofsharesoutstandingbasic": -4000000,
        "weightedaveragenumberofdilutedsharesoutstanding": -6000000,
        "commonstockdividendspersharedeclared": 0.15,
        "othercomprehensiveincomedefinedbenefitplannetpriorservicecostcreditarisingduringperiodbeforetax": 0,
        "othercomprehensiveincomelossreclassificationadjustmentfromaocipensionandotherpostretirementbenefitplansnetoftax": 2000000,
        "othercomprehensiveincomelossnetoftax": 1000000,
        "comprehensiveincomenetoftaxincludingportionattributabletononcontrollinginterest": 1039000000,
        "comprehensiveincomenetoftaxattributabletononcontrollinginterest": 198000000,
        "comprehensiveincomenetoftax": 841000000
    },
    {
        "date": "2022-03-30",
        "symbol": "FCX",
        "period": "Q1",
        "revenues": 6603000000,
        "directoperatingcosts": 3150000000,
        "costdepreciationamortizationanddepletion": 489000000,
        "costofrevenue": 3639000000,
        "sellinggeneralandadministrativeexpense": 115000000,
        "explorationexpense": 24000000,
        "environmentalremediationexpense": 16000000,
        "costsandexpenses": 3794000000,
        "operatingincomeloss": 2809000000,
        "interestincomeexpensenet": -127000000,
        "othernonoperatingincomeexpense": 31000000,
        "incomelossfromcontinuingoperationsbeforeincometaxesminorityinterestandincomelossfromequitymethodinvestments": 2713000000,
        "incometaxexpensebenefit": 824000000,
        "incomelossfromequitymethodinvestments": 15000000,
        "profitloss": 1904000000,
        "incomelossfromcontinuingoperationsattributabletononcontrollingentity": 377000000,
        "netincomelossavailabletocommonstockholdersbasic": 1527000000,
        "earningspersharebasic": 1.05,
        "earningspersharediluted": 1.04,
        "weightedaveragenumberofsharesoutstandingbasic": 1455000000,
        "weightedaveragenumberofdilutedsharesoutstanding": 1469000000,
        "commonstockdividendspersharedeclared": 0.15,
        "othercomprehensiveincomedefinedbenefitplannetpriorservicecostcreditarisingduringperiodbeforetax": -1000000,
        "othercomprehensiveincomelossreclassificationadjustmentfromaocipensionandotherpostretirementbenefitplansnetoftax": 2000000,
        "othercomprehensiveincomelossnetoftax": 1000000,
        "comprehensiveincomenetoftaxincludingportionattributabletononcontrollinginterest": 1905000000,
        "comprehensiveincomenetoftaxattributabletononcontrollinginterest": 377000000,
        "comprehensiveincomenetoftax": 1528000000
    },
    {
        "date": "2021-12-30",
        "symbol": "FCX",
        "period": "Q4",
        "revenues": 6164000000,
        "directoperatingcosts": 3154000000,
        "costdepreciationamortizationanddepletion": 568000000,
        "costofrevenue": 3723000000,
        "sellinggeneralandadministrativeexpense": 94000000,
        "explorationexpense": 19000000,
        "environmentalremediationexpense": 40000000,
        "costsandexpenses": 3859000000,
        "operatingincomeloss": 2305000000,
        "interestincomeexpensenet": -171000000,
        "othernonoperatingincomeexpense": -161000000,
        "incomelossfromcontinuingoperationsbeforeincometaxesminorityinterestandincomelossfromequitymethodinvestments": 1973000000,
        "incometaxexpensebenefit": 625000000,
        "incomelossfromequitymethodinvestments": 10000000,
        "incomelossfromcontinuingoperationsincludingportionattributabletononcontrollinginterest": 1358000000,
        "profitloss": 1358000000,
        "netincomelossavailabletocommonstockholdersbasic": 1106000000,
        "earningspersharebasic": 0.75,
        "earningspersharediluted": 0.7399999999999998,
        "weightedaveragenumberofsharesoutstandingbasic": 0,
        "weightedaveragenumberofdilutedsharesoutstanding": 1000000,
        "commonstockdividendspersharedeclared": 0.14999999999999997,
        "othercomprehensiveincomelossreclassificationadjustmentfromaocipensionandotherpostretirementbenefitplansnetoftax": 6000000,
        "othercomprehensiveincomelossnetoftax": 186000000,
        "comprehensiveincomenetoftaxincludingportionattributabletononcontrollinginterest": 1544000000,
        "comprehensiveincomenetoftaxattributabletononcontrollinginterest": 254000000,
        "comprehensiveincomenetoftax": 1290000000
    },
    {
        "date": "2021-09-29",
        "symbol": "FCX",
        "period": "Q3",
        "revenues": 6083000000,
        "directoperatingcosts": 3009000000,
        "costdepreciationamortizationanddepletion": 528000000,
        "costofrevenue": 3551000000,
        "sellinggeneralandadministrativeexpense": 102000000,
        "explorationexpense": 15000000,
        "environmentalremediationexpense": 13000000,
        "costsandexpenses": 3621000000,
        "operatingincomeloss": 2462000000,
        "interestincomeexpensenet": -138000000,
        "othernonoperatingincomeexpense": 36000000,
        "incomelossfromcontinuingoperationsbeforeincometaxesminorityinterestandincomelossfromequitymethodinvestments": 2360000000,
        "incometaxexpensebenefit": 628000000,
        "incomelossfromequitymethodinvestments": -9000000,
        "incomelossfromcontinuingoperationsincludingportionattributabletononcontrollinginterest": 1723000000,
        "profitloss": 1723000000,
        "netincomelossattributabletononcontrollinginterest": 324000000,
        "netincomelossavailabletocommonstockholdersbasic": 1399000000,
        "earningspersharebasic": 0.9500000000000002,
        "earningspersharediluted": 0.9500000000000002,
        "weightedaveragenumberofsharesoutstandingbasic": 1000000,
        "weightedaveragenumberofdilutedsharesoutstanding": 1000000,
        "commonstockdividendspersharedeclared": 0.07500000000000002,
        "othercomprehensiveincomelossreclassificationadjustmentfromaocipensionandotherpostretirementbenefitplansnetoftax": 4000000,
        "othercomprehensiveincomelossnetoftax": 4000000,
        "comprehensiveincomenetoftaxincludingportionattributabletononcontrollinginterest": 1727000000,
        "comprehensiveincomenetoftaxattributabletononcontrollinginterest": 324000000,
        "comprehensiveincomenetoftax": 1403000000
    },
    {
        "date": "2021-06-29",
        "symbol": "FCX",
        "period": "Q2",
        "revenues": 5748000000,
        "directoperatingcosts": 3067000000,
        "costdepreciationamortizationanddepletion": 483000000,
        "inventoryadjustment": 0,
        "costofrevenue": 3550000000,
        "sellinggeneralandadministrativeexpense": 87000000,
        "explorationexpense": 14000000,
        "environmentalremediationexpense": 33000000,
        "costsandexpenses": 3681000000,
        "operatingincomeloss": 2067000000,
        "interestincomeexpensenet": -148000000,
        "othernonoperatingincomeexpense": 9000000,
        "incomelossfromcontinuingoperationsbeforeincometaxesminorityinterestandincomelossfromequitymethodinvestments": 1928000000,
        "incometaxexpensebenefit": 603000000,
        "incomelossfromequitymethodinvestments": 6000000,
        "incomelossfromcontinuingoperationsincludingportionattributabletononcontrollinginterest": 1331000000,
        "profitloss": 1331000000,
        "netincomelossattributabletononcontrollinginterest": 248000000,
        "netincomelossavailabletocommonstockholdersbasic": 1083000000,
        "earningspersharebasic": 0.74,
        "earningspersharediluted": 0.73,
        "weightedaveragenumberofsharesoutstandingbasic": 3000000,
        "weightedaveragenumberofdilutedsharesoutstanding": 3000000,
        "commonstockdividendspersharedeclared": 0.075,
        "othercomprehensiveincomedefinedbenefitplansnetunamortizedgainlossarisingduringperiodnetoftax": 0,
        "othercomprehensiveincomelossreclassificationadjustmentfromaocipensionandotherpostretirementbenefitplansnetoftax": 4000000,
        "othercomprehensiveincomelossforeigncurrencytransactionandtranslationadjustmentnetoftax": 0,
        "othercomprehensiveincomelossnetoftax": 4000000,
        "comprehensiveincomenetoftaxincludingportionattributabletononcontrollinginterest": 1335000000,
        "comprehensiveincomenetoftaxattributabletononcontrollinginterest": 248000000,
        "comprehensiveincomenetoftax": 1087000000
    },
    {
        "date": "2021-03-30",
        "symbol": "FCX",
        "period": "Q1",
        "revenues": 4850000000,
        "directoperatingcosts": 2786000000,
        "costdepreciationamortizationanddepletion": 419000000,
        "inventoryadjustment": 1000000,
        "costofrevenue": 3206000000,
        "sellinggeneralandadministrativeexpense": 100000000,
        "explorationexpense": 7000000,
        "environmentalremediationexpense": 5000000,
        "costsandexpenses": 3318000000,
        "operatingincomeloss": 1532000000,
        "interestincomeexpensenet": -145000000,
        "othernonoperatingincomeexpense": 11000000,
        "incomelossfromcontinuingoperationsbeforeincometaxesminorityinterestandincomelossfromequitymethodinvestments": 1398000000,
        "incometaxexpensebenefit": 443000000,
        "incomelossfromequitymethodinvestments": -2000000,
        "incomelossfromcontinuingoperationsincludingportionattributabletononcontrollinginterest": 953000000,
        "profitloss": 953000000,
        "netincomelossattributabletononcontrollinginterest": 235000000,
        "netincomelossavailabletocommonstockholdersbasic": 718000000,
        "earningspersharebasic": 0.49,
        "earningspersharediluted": 0.48,
        "weightedaveragenumberofsharesoutstandingbasic": 1462000000,
        "weightedaveragenumberofdilutedsharesoutstanding": 1477000000,
        "commonstockdividendspersharedeclared": 0.075,
        "othercomprehensiveincomedefinedbenefitplansnetunamortizedgainlossarisingduringperiodnetoftax": -1000000,
        "othercomprehensiveincomelossreclassificationadjustmentfromaocipensionandotherpostretirementbenefitplansnetoftax": 4000000,
        "othercomprehensiveincomelossforeigncurrencytransactionandtranslationadjustmentnetoftax": -1000000,
        "othercomprehensiveincomelossnetoftax": 2000000,
        "comprehensiveincomenetoftaxincludingportionattributabletononcontrollinginterest": 955000000,
        "comprehensiveincomenetoftaxattributabletononcontrollinginterest": 234000000,
        "comprehensiveincomenetoftax": 721000000
    },
    {
        "date": "2020-09-29",
        "symbol": "FCX",
        "period": "Q3",
        "revenues": 3851000000,
        "directoperatingcosts": 2465000000,
        "costdepreciationamortizationanddepletion": 394000000,
        "inventoryadjustment": 9000000,
        "costofrevenue": 2868000000,
        "sellinggeneralandadministrativeexpense": 72000000,
        "explorationexpense": 8000000,
        "environmentalremediationexpense": 21000000,
        "gainlossondispositionofassets1": -2000000,
        "costsandexpenses": 2971000000,
        "operatingincomeloss": 880000000,
        "interestincomeexpensenet": -120000000,
        "gainslossesonextinguishmentofdebt": -59000000,
        "othernonoperatingincomeexpense": 22000000,
        "incomelossfromcontinuingoperationsbeforeincometaxesminorityinterestandincomelossfromequitymethodinvestments": 723000000,
        "incometaxexpensebenefit": 297000000,
        "incomelossfromequitymethodinvestments": 6000000,
        "incomelossfromcontinuingoperationsincludingportionattributabletononcontrollinginterest": 432000000,
        "profitloss": 432000000,
        "incomelossfromcontinuingoperationsattributabletononcontrollingentity": 103000000,
        "netincomelossavailabletocommonstockholdersbasic": 329000000,
        "incomelossfromcontinuingoperationsperbasicanddilutedshare": 0.22,
        "earningspersharebasicanddiluted": 0.22,
        "weightedaveragenumberofsharesoutstandingbasic": 1453000000,
        "weightedaveragenumberofdilutedsharesoutstanding": 1461000000,
        "othercomprehensiveincomedefinedbenefitplansnetunamortizedgainlossarisingduringperiodnetoftax": -89000000,
        "othercomprehensiveincomelossreclassificationadjustmentfromaocipensionandotherpostretirementbenefitplansnetoftax": 14000000,
        "othercomprehensiveincomelossforeigncurrencytransactionandtranslationadjustmentnetoftax": -1000000,
        "othercomprehensiveincomelossnetoftax": -76000000,
        "comprehensiveincomenetoftaxincludingportionattributabletononcontrollinginterest": 356000000,
        "comprehensiveincomenetoftaxattributabletononcontrollinginterest": 103000000,
        "comprehensiveincomenetoftax": 253000000
    },
    {
        "date": "2020-06-29",
        "symbol": "FCX",
        "period": "Q2",
        "profitloss": 124000000,
        "othercomprehensiveincomelossreclassificationadjustmentfromaocipensionandotherpostretirementbenefitplansnetoftax": 12000000,
        "othercomprehensiveincomelossforeigncurrencytransactionandtranslationadjustmentnetoftax": 4000000,
        "othercomprehensiveincomelossnetoftax": 16000000,
        "comprehensiveincomenetoftaxincludingportionattributabletononcontrollinginterest": 140000000,
        "comprehensiveincomenetoftaxattributabletononcontrollinginterest": 71000000,
        "comprehensiveincomenetoftax": 69000000,
        "revenues": 3054000000,
        "directoperatingcosts": 2394000000,
        "costdepreciationamortizationanddepletion": 358000000,
        "costofrevenue": 2613000000,
        "sellinggeneralandadministrativeexpense": 91000000,
        "explorationexpense": 18000000,
        "environmentalremediationexpense": 11000000,
        "gainlossondispositionofassets1": 0,
        "costsandexpenses": 2733000000,
        "operatingincomeloss": 321000000,
        "interestincomeexpensenet": -115000000,
        "gainslossesonextinguishmentofdebt": -9000000,
        "othernonoperatingincomeexpense": 20000000,
        "incomelossfromcontinuingoperationsbeforeincometaxesminorityinterestandincomelossfromequitymethodinvestments": 217000000,
        "incometaxexpensebenefit": 96000000,
        "incomelossfromequitymethodinvestments": 3000000,
        "incomelossfromcontinuingoperationsincludingportionattributabletononcontrollinginterest": 124000000,
        "incomelossfromcontinuingoperationsattributabletononcontrollingentity": 71000000,
        "netincomelossavailabletocommonstockholdersbasic": 53000000,
        "incomelossfromcontinuingoperationsperbasicanddilutedshare": 0.040000000000000036,
        "earningspersharebasicanddiluted": 0.040000000000000036,
        "weightedaveragenumberofsharesoutstandingbasic": 1000000,
        "weightedaveragenumberofdilutedsharesoutstanding": 1000000
    },
    {
        "date": "2020-03-30",
        "symbol": "FCX",
        "period": "Q1",
        "profitloss": -549000000,
        "othercomprehensiveincomelossreclassificationadjustmentfromaocipensionandotherpostretirementbenefitplansnetoftax": 12000000,
        "othercomprehensiveincomelossforeigncurrencytransactionandtranslationadjustmentnetoftax": -5000000,
        "othercomprehensiveincomelossnetoftax": 7000000,
        "comprehensiveincomenetoftaxincludingportionattributabletononcontrollinginterest": -542000000,
        "comprehensiveincomenetoftaxattributabletononcontrollinginterest": -59000000,
        "comprehensiveincomenetoftax": -483000000,
        "revenues": 2798000000,
        "directoperatingcosts": 2545000000,
        "costdepreciationamortizationanddepletion": 341000000,
        "inventorywritedown": 222000000,
        "costofrevenue": 3108000000,
        "sellinggeneralandadministrativeexpense": 110000000,
        "explorationexpense": 16000000,
        "environmentalremediationexpense": 26000000,
        "gainlossondispositionofassets1": -11000000,
        "costsandexpenses": 3271000000,
        "operatingincomeloss": -473000000,
        "interestincomeexpensenet": -127000000,
        "gainslossesonextinguishmentofdebt": -32000000,
        "othernonoperatingincomeexpense": 20000000,
        "incomelossfromcontinuingoperationsbeforeincometaxesminorityinterestandincomelossfromequitymethodinvestments": -612000000,
        "incometaxexpensebenefit": -60000000,
        "incomelossfromequitymethodinvestments": 3000000,
        "incomelossfromcontinuingoperationsincludingportionattributabletononcontrollinginterest": -549000000,
        "incomelossfromcontinuingoperationsattributabletononcontrollingentity": -58000000,
        "netincomelossavailabletocommonstockholdersbasic": -491000000,
        "incomelossfromcontinuingoperationsperbasicanddilutedshare": -0.34,
        "earningspersharebasicanddiluted": -0.34,
        "weightedaveragenumberofsharesoutstandingbasic": 1452000000,
        "weightedaveragenumberofdilutedsharesoutstanding": 1452000000
    },
    {
        "date": "2019-12-30",
        "symbol": "FCX",
        "period": "Q4",
        "profitloss": 43000000,
        "othercomprehensiveincomelossreclassificationadjustmentfromaocipensionandotherpostretirementbenefitplansnetoftax": 12000000,
        "othercomprehensiveincomelossnetoftax": -103000000,
        "comprehensiveincomenetoftaxincludingportionattributabletononcontrollinginterest": -60000000,
        "comprehensiveincomenetoftaxattributabletononcontrollinginterest": 37000000,
        "comprehensiveincomenetoftax": -97000000,
        "revenues": 3911000000,
        "costdepreciationamortizationanddepletion": 391000000,
        "costofrevenue": 3400000000,
        "sellinggeneralandadministrativeexpense": 99000000,
        "explorationexpense": 21000000,
        "environmentalremediationexpense": 20000000,
        "gainlossondispositionofassets1": 404000000,
        "costsandexpenses": 3136000000,
        "operatingincomeloss": 775000000,
        "interestincomeexpensenet": -219000000,
        "othernonoperatingincomeexpense": -190000000,
        "incomelossfromcontinuingoperationsbeforeincometaxesminorityinterestandincomelossfromequitymethodinvestments": 366000000,
        "incometaxexpensebenefit": 329000000,
        "incomelossfromequitymethodinvestments": 5000000,
        "incomelossfromcontinuingoperationsincludingportionattributabletononcontrollinginterest": 42000000,
        "incomelossfromcontinuingoperationsattributabletononcontrollingentity": 34000000,
        "netincomelossavailabletocommonstockholdersbasic": 9000000,
        "weightedaveragenumberofdilutedsharesoutstanding": -1452000000,
        "commonstockdividendspersharedeclared": 0.05000000000000002
    },
    {
        "date": "2019-09-29",
        "symbol": "FCX",
        "period": "Q3",
        "profitloss": -234000000,
        "othercomprehensiveincomelossreclassificationadjustmentfromaocipensionandotherpostretirementbenefitplansnetoftax": 11000000,
        "othercomprehensiveincomelossnetoftax": 11000000,
        "comprehensiveincomenetoftaxincludingportionattributabletononcontrollinginterest": -223000000,
        "comprehensiveincomenetoftaxattributabletononcontrollinginterest": -28000000,
        "comprehensiveincomenetoftax": -195000000,
        "revenues": 3153000000,
        "costofgoodsandserviceexcludingdepreciationdepletionandamortization": 2665000000,
        "costdepreciationamortizationanddepletion": 322000000,
        "inventorywritedown": 41000000,
        "costofrevenue": 3028000000,
        "sellinggeneralandadministrativeexpense": 106000000,
        "explorationexpense": 25000000,
        "environmentalremediationexpense": 20000000,
        "gainlossondispositionofassets1": -12000000,
        "costsandexpenses": 3191000000,
        "operatingincomeloss": -38000000,
        "interestincomeexpensenet": -123000000,
        "gainslossesonextinguishmentofdebt": -21000000,
        "othernonoperatingincomeexpense": 33000000,
        "incomelossfromcontinuingoperationsbeforeincometaxesminorityinterestandincomelossfromequitymethodinvestments": -149000000,
        "incometaxexpensebenefit": 91000000,
        "incomelossfromequitymethodinvestments": 5000000,
        "incomelossfromcontinuingoperationsincludingportionattributabletononcontrollinginterest": -235000000,
        "incomelossfromdiscontinuedoperationsnetoftax": 1000000,
        "incomelossfromcontinuingoperationsattributabletononcontrollingentity": -27000000,
        "netincomelossavailabletocommonstockholdersbasic": -207000000,
        "incomelossfromcontinuingoperationsperbasicshare": -0.15,
        "earningspersharebasic": -0.15,
        "incomelossfromcontinuingoperationsperdilutedshare": -0.15,
        "earningspersharediluted": -0.15,
        "weightedaveragenumberofsharesoutstandingbasic": 1452000000,
        "weightedaveragenumberofdilutedsharesoutstanding": 1452000000,
        "commonstockdividendspersharedeclared": 0.05
    },
    {
        "date": "2019-06-29",
        "symbol": "FCX",
        "period": "Q2",
        "profitloss": -74000000,
        "othercomprehensiveincomelossreclassificationadjustmentfromaocipensionandotherpostretirementbenefitplansnetoftax": 13000000,
        "othercomprehensiveincomelossnetoftax": 13000000,
        "comprehensiveincomenetoftaxincludingportionattributabletononcontrollinginterest": -61000000,
        "comprehensiveincomenetoftaxattributabletononcontrollinginterest": -1000000,
        "comprehensiveincomenetoftax": -60000000,
        "revenues": 3546000000,
        "costdepreciationamortizationanddepletion": 352000000,
        "inventorywritedown": 2000000,
        "costofrevenue": 3354000000,
        "sellinggeneralandadministrativeexpense": 97000000,
        "explorationexpense": 31000000,
        "environmentalremediationexpense": 23000000,
        "gainlossondispositionofassets1": -8000000,
        "costsandexpenses": 3513000000,
        "operatingincomeloss": 33000000,
        "interestincomeexpensenet": -132000000,
        "gainslossesonextinguishmentofdebt": 0,
        "othernonoperatingincomeexpense": 5000000,
        "incomelossfromcontinuingoperationsbeforeincometaxesminorityinterestandincomelossfromequitymethodinvestments": -94000000,
        "incometaxexpensebenefit": -15000000,
        "incomelossfromequitymethodinvestments": 5000000,
        "incomelossfromcontinuingoperationsincludingportionattributabletononcontrollinginterest": -74000000,
        "incomelossfromdiscontinuedoperationsnetoftax": 0,
        "incomelossfromcontinuingoperationsattributabletononcontrollingentity": -2000000,
        "netincomelossavailabletocommonstockholdersbasic": -72000000,
        "weightedaveragenumberofsharesoutstandingbasic": 0,
        "weightedaveragenumberofdilutedsharesoutstanding": -6000000,
        "commonstockdividendspersharedeclared": 0.05
    },
    {
        "date": "2019-03-30",
        "symbol": "FCX",
        "period": "Q1",
        "profitloss": 76000000,
        "othercomprehensiveincomelossreclassificationadjustmentfromaocipensionandotherpostretirementbenefitplansnetoftax": 11000000,
        "othercomprehensiveincomelossnetoftax": 11000000,
        "comprehensiveincomenetoftaxincludingportionattributabletononcontrollinginterest": 87000000,
        "comprehensiveincomenetoftaxattributabletononcontrollinginterest": 45000000,
        "comprehensiveincomenetoftax": 42000000,
        "revenues": 3792000000,
        "costofgoodssoldexcludingdepreciationdepletionandamortization": 2919000000,
        "costdepreciationamortizationanddepletion": 347000000,
        "inventorywritedown": 57000000,
        "costofrevenue": 3323000000,
        "sellinggeneralandadministrativeexpense": 112000000,
        "explorationexpense": 27000000,
        "environmentalremediationexpense": 42000000,
        "gainlossondispositionofassets1": 33000000,
        "costsandexpenses": 3471000000,
        "operatingincomeloss": 321000000,
        "interestincomeexpensenet": -146000000,
        "gainslossesonextinguishmentofdebt": -6000000,
        "othernonoperatingincomeexpense": 14000000,
        "incomelossfromcontinuingoperationsbeforeincometaxesminorityinterestandincomelossfromequitymethodinvestments": 183000000,
        "incometaxexpensebenefit": 105000000,
        "incomelossfromequitymethodinvestments": -3000000,
        "incomelossfromcontinuingoperationsincludingportionattributabletononcontrollinginterest": 75000000,
        "incomelossfromdiscontinuedoperationsnetoftax": 1000000,
        "incomelossfromcontinuingoperationsattributabletononcontrollingentity": 45000000,
        "netincomelossavailabletocommonstockholdersbasic": 31000000,
        "incomelossfromcontinuingoperationsperbasicanddilutedshare": 0.02,
        "earningspersharebasicanddiluted": 0.02,
        "weightedaveragenumberofsharesoutstandingbasic": 1451000000,
        "weightedaveragenumberofdilutedsharesoutstanding": 1457000000,
        "commonstockdividendspersharedeclared": 0.05
    },
    {
        "date": "2018-12-30",
        "symbol": "FCX",
        "period": "Q4",
        "profitloss": -285000000,
        "othercomprehensiveincomelossreclassificationadjustmentfromaocipensionandotherpostretirementbenefitplansnetoftax": 12000000,
        "othercomprehensiveincomelossnetoftax": -67000000,
        "comprehensiveincomenetoftaxincludingportionattributabletononcontrollinginterest": 310000000,
        "comprehensiveincomenetoftaxattributabletononcontrollinginterest": -108000000,
        "comprehensiveincomenetoftax": -263000000,
        "revenues": -783000000,
        "costofrevenue": -10088000000,
        "sellinggeneralandadministrativeexpense": 5000000,
        "environmentalremediationexpense": 0,
        "gainlossondispositionofassets1": -45000000,
        "operatingincomeloss": 42000000,
        "interestincomeexpensenet": -352000000,
        "othernonoperatingincomeexpense": 13000000,
        "incometaxexpensebenefit": -18000000,
        "incomelossfromequitymethodinvestments": 2219000000,
        "incomelossfromcontinuingoperationsincludingportionattributabletononcontrollinginterest": -285000000,
        "incomelossfromdiscontinuedoperationsnetoftax": 4000000,
        "incomelossfromcontinuingoperationsattributabletononcontrollingentity": -164000000,
        "netincomelossavailabletocommonstockholdersbasic": 485000000,
        "commonstockdividendspersharedeclared": 0.05000000000000002
    },
    {
        "date": "2018-09-29",
        "symbol": "FCX",
        "period": "Q3",
        "profitloss": -656000000,
        "othercomprehensiveincomelossreclassificationadjustmentfromaocipensionandotherpostretirementbenefitplansnetoftax": 13000000,
        "othercomprehensiveincomelossnetoftax": 11000000,
        "comprehensiveincomenetoftaxincludingportionattributabletononcontrollinginterest": 676000000,
        "comprehensiveincomenetoftaxattributabletononcontrollinginterest": 109000000,
        "comprehensiveincomenetoftax": -728000000,
        "revenues": 762000000,
        "costofrevenue": 3527000000,
        "sellinggeneralandadministrativeexpense": 12000000,
        "environmentalremediationexpense": -66000000,
        "gainlossondispositionofassets1": 20000000,
        "costsandexpenses": 0,
        "operatingincomeloss": -474000000,
        "interestincomeexpensenet": 15000000,
        "othernonoperatingincomeexpense": 14000000,
        "incomelossfromcontinuingoperationsbeforeincometaxesminorityinterestandincomelossfromequitymethodinvestments": 0,
        "incometaxexpensebenefit": -179000000,
        "incomelossfromequitymethodinvestments": -656000000,
        "incomelossfromcontinuingoperationsincludingportionattributabletononcontrollinginterest": -656000000,
        "incomelossfromdiscontinuedoperationsnetoftax": -4000000,
        "incomelossfromcontinuingoperationsattributabletononcontrollingentity": 61000000,
        "netincomelossavailabletocommonstockholdersbasic": 556000000,
        "commonstockdividendspersharedeclared": 0.04999999999999999
    },
    {
        "date": "2018-06-29",
        "symbol": "FCX",
        "period": "Q2",
        "profitloss": -796000000,
        "othercomprehensiveincomelossreclassificationadjustmentfromaocipensionandotherpostretirementbenefitplansnetoftax": 11000000,
        "othercomprehensiveincomelossforeigncurrencytransactionandtranslationadjustmentnetoftax": 0,
        "othercomprehensiveincomelossnetoftax": 11000000,
        "comprehensiveincomenetoftaxincludingportionattributabletononcontrollinginterest": 1046000000,
        "comprehensiveincomenetoftaxattributabletononcontrollinginterest": 166000000,
        "comprehensiveincomenetoftax": -871000000,
        "revenues": 668000000,
        "mineralextractionprocessingandmarketingcosts": 578000000,
        "costofgoodssolddepreciationdepletionandamortization": 133000000,
        "costofrevenue": 3357000000,
        "sellinggeneralandadministrativeexpense": 2000000,
        "explorationexpensemining": 0,
        "environmentalremediationexpense": 59000000,
        "gainlossondispositionofassets1": 45000000,
        "costsandexpenses": -9000000,
        "operatingincomeloss": 277000000,
        "interestincomeexpensenet": -16000000,
        "othernonoperatingincomeexpense": 151000000,
        "incomelossfromcontinuingoperationsbeforeincometaxesminorityinterestandincomelossfromequitymethodinvestments": 9000000,
        "incometaxexpensebenefit": 108000000,
        "incomelossfromequitymethodinvestments": -803000000,
        "incomelossfromcontinuingoperationsincludingportionattributabletononcontrollinginterest": -796000000,
        "incomelossfromdiscontinuedoperationsnetoftax": -4000000,
        "incomelossfromcontinuingoperationsattributabletononcontrollingentity": 64000000,
        "netincomelossavailabletocommonstockholdersbasic": 869000000,
        "weightedaveragenumberofsharesoutstandingbasic": 0,
        "weightedaveragenumberofdilutedsharesoutstanding": 0,
        "commonstockdividendspersharedeclared": 0.05
    },
    {
        "date": "2018-03-30",
        "symbol": "FCX",
        "period": "Q1",
        "profitloss": -748000000,
        "othercomprehensiveincomelossreclassificationadjustmentfromaocipensionandotherpostretirementbenefitplansnetoftax": 12000000,
        "othercomprehensiveincomelossforeigncurrencytransactionandtranslationadjustmentnetoftax": -1000000,
        "othercomprehensiveincomelossnetoftax": 12000000,
        "comprehensiveincomenetoftaxincludingportionattributabletononcontrollinginterest": 828000000,
        "comprehensiveincomenetoftaxattributabletononcontrollinginterest": 124000000,
        "comprehensiveincomenetoftax": -814000000,
        "revenues": 670000000,
        "mineralextractionprocessingandmarketingcosts": 543000000,
        "costofgoodssolddepreciationdepletionandamortization": 127000000,
        "costofrevenue": 3259000000,
        "sellinggeneralandadministrativeexpense": 2000000,
        "explorationexpensemining": 1000000,
        "environmentalremediationexpense": 9000000,
        "gainlossondispositionofassets1": 11000000,
        "costsandexpenses": -1000000,
        "operatingincomeloss": 205000000,
        "interestincomeexpensenet": -17000000,
        "othernonoperatingincomeexpense": -102000000,
        "incomelossfromcontinuingoperationsbeforeincometaxesminorityinterestandincomelossfromequitymethodinvestments": 1000000,
        "incometaxexpensebenefit": 72000000,
        "incomelossfromequitymethodinvestments": -749000000,
        "incomelossfromcontinuingoperationsincludingportionattributabletononcontrollinginterest": -748000000,
        "incomelossfromdiscontinuedoperationsnetoftax": -11000000,
        "incomelossfromcontinuingoperationsattributabletononcontrollingentity": 54000000,
        "netincomelossavailabletocommonstockholdersbasic": 692000000,
        "incomelossfromcontinuingoperationsperbasicanddilutedshare": 0.48,
        "incomelossfromdiscontinuedoperationsnetoftaxperbasicanddilutedshare": -0.01,
        "earningspersharebasicanddiluted": 0.47,
        "weightedaveragenumberofsharesoutstandingbasic": 1449000000,
        "weightedaveragenumberofdilutedsharesoutstanding": 1458000000,
        "commonstockdividendspersharedeclared": 0.05
    },
    {
        "date": "2017-12-30",
        "symbol": "FCX",
        "period": "Q4",
        "profitloss": -501000000,
        "othercomprehensiveincomelossreclassificationadjustmentfromaocipensionandotherpostretirementbenefitplansnetoftax": 12000000,
        "othercomprehensiveincomelossnetoftax": -44000000,
        "comprehensiveincomenetoftaxincludingportionattributabletononcontrollinginterest": 1165000000,
        "comprehensiveincomenetoftaxattributabletononcontrollinginterest": 168000000,
        "comprehensiveincomenetoftax": -517000000,
        "revenues": 108000000,
        "mineralextractionprocessingandmarketingcosts": 8000000,
        "costofgoodssolddepreciationdepletionandamortization": 133000000,
        "costofrevenue": -8710000000,
        "sellinggeneralandadministrativeexpense": -2000000,
        "environmentalremediationexpense": 170000000,
        "gainlossondispositionofassets1": 68000000,
        "costsandexpenses": -1000000,
        "operatingincomeloss": -657000000,
        "interestincomeexpensenet": 42000000,
        "othernonoperatingincomeexpense": 13000000,
        "incomelossfromcontinuingoperationsbeforeincometaxesminorityinterestandincomelossfromequitymethodinvestments": 1000000,
        "incometaxexpensebenefit": -336000000,
        "incomelossfromequitymethodinvestments": 975000000,
        "incomelossfromcontinuingoperationsincludingportionattributabletononcontrollinginterest": -501000000,
        "incomelossfromdiscontinuedoperationsnetoftax": 16000000,
        "incomelossfromcontinuingoperationsattributabletononcontrollingentity": -172000000,
        "netincomelossavailabletocommonstockholdersbasic": 1041000000,
        "incomelossfromcontinuingoperationsperbasicanddilutedshare": -0.21999999999999997,
        "earningspersharebasicanddiluted": 0.72
    },
    {
        "date": "2017-09-29",
        "symbol": "FCX",
        "period": "Q3",
        "profitloss": -282000000,
        "othercomprehensiveincomelossavailableforsalesecuritiesadjustmentnetoftax": 0,
        "othercomprehensiveincomelossreclassificationadjustmentfromaocipensionandotherpostretirementbenefitplansnetoftax": 12000000,
        "othercomprehensiveincomelossnetoftax": 13000000,
        "comprehensiveincomenetoftaxincludingportionattributabletononcontrollinginterest": 258000000,
        "comprehensiveincomenetoftaxattributabletononcontrollinginterest": -35000000,
        "comprehensiveincomenetoftax": -329000000,
        "revenues": 606000000,
        "mineralextractionprocessingandmarketingcosts": 9000000,
        "costofgoodssolddepreciationdepletionandamortization": 134000000,
        "costofrevenue": 3220000000,
        "sellinggeneralandadministrativeexpense": 2000000,
        "explorationexpensemining": 0,
        "environmentalremediationexpense": 73000000,
        "gainlossondispositionofassets1": -20000000,
        "costsandexpenses": -1000000,
        "operatingincomeloss": 128000000,
        "interestincomeexpensenet": -156000000,
        "othernonoperatingincomeexpense": 2000000,
        "incomelossfromcontinuingoperationsbeforeincometaxesminorityinterestandincomelossfromequitymethodinvestments": 1000000,
        "incometaxexpensebenefit": 139000000,
        "incomelossfromequitymethodinvestments": -283000000,
        "incomelossfromcontinuingoperationsincludingportionattributabletononcontrollinginterest": -282000000,
        "incomelossfromdiscontinuedoperationsnetoftax": 3000000,
        "incomelossfromcontinuingoperationsattributabletononcontrollingentity": -35000000,
        "incomelossfromdiscontinuedoperationsnetoftaxattributabletononcontrollinginterest": 0,
        "netincomelossavailabletocommonstockholdersbasic": 280000000,
        "incomelossfromcontinuingoperationsperbasicanddilutedshare": 0.19,
        "earningspersharebasicanddiluted": 0.18999999999999997,
        "weightedaveragenumberofsharesoutstandingbasic": 0,
        "weightedaveragenumberofdilutedsharesoutstanding": 0
    },
    {
        "date": "2017-06-29",
        "symbol": "FCX",
        "period": "Q2",
        "profitloss": -311000000,
        "othercomprehensiveincomelossavailableforsalesecuritiesadjustmentnetoftax": 1000000,
        "othercomprehensiveincomelossreclassificationadjustmentfromaocipensionandotherpostretirementbenefitplansnetoftax": 19000000,
        "othercomprehensiveincomelossforeigncurrencytransactionandtranslationadjustmentnetoftax": 0,
        "othercomprehensiveincomelossnetoftax": 81000000,
        "comprehensiveincomenetoftaxincludingportionattributabletononcontrollinginterest": 424000000,
        "comprehensiveincomenetoftaxattributabletononcontrollinginterest": 75000000,
        "comprehensiveincomenetoftax": -412000000,
        "revenues": 536000000,
        "mineralextractionprocessingandmarketingcosts": -370000000,
        "costofgoodssolddepreciationdepletionandamortization": 125000000,
        "costofrevenue": 2945000000,
        "sellinggeneralandadministrativeexpense": 3000000,
        "explorationexpensemining": 1000000,
        "environmentalremediationexpense": -19000000,
        "gainlossondispositionofassets1": 10000000,
        "costsandexpenses": 10000000,
        "operatingincomeloss": 144000000,
        "interestincomeexpensenet": -15000000,
        "othernonoperatingincomeexpense": 113000000,
        "incomelossfromcontinuingoperationsbeforeincometaxesminorityinterestandincomelossfromequitymethodinvestments": -10000000,
        "incometaxexpensebenefit": 58000000,
        "incomelossfromequitymethodinvestments": -304000000,
        "incomelossfromcontinuingoperationsincludingportionattributabletononcontrollinginterest": -311000000,
        "incomelossfromdiscontinuedoperationsnetoftax": 9000000,
        "incomelossfromcontinuingoperationsattributabletononcontrollingentity": 66000000,
        "incomelossfromdiscontinuedoperationsnetoftaxattributabletononcontrollinginterest": 1000000,
        "netincomelossavailabletocommonstockholdersbasic": 268000000,
        "incomelossfromcontinuingoperationsperbasicanddilutedshare": 0.18,
        "incomelossfromdiscontinuedoperationsnetoftaxperbasicanddilutedshare": 0,
        "earningspersharebasicanddiluted": 0.18000000000000002,
        "weightedaveragenumberofsharesoutstandingbasic": 1000000,
        "weightedaveragenumberofdilutedsharesoutstanding": -1000000
    },
    {
        "date": "2017-03-30",
        "symbol": "FCX",
        "period": "Q1",
        "profitloss": -321000000,
        "othercomprehensiveincomelossavailableforsalesecuritiesadjustmentnetoftax": 1000000,
        "othercomprehensiveincomelossreclassificationadjustmentfromaocipensionandotherpostretirementbenefitplansnetoftax": 11000000,
        "othercomprehensiveincomelossforeigncurrencytransactionandtranslationadjustmentnetoftax": -1000000,
        "othercomprehensiveincomelossnetoftax": 11000000,
        "comprehensiveincomenetoftaxincludingportionattributabletononcontrollinginterest": 317000000,
        "comprehensiveincomenetoftaxattributabletononcontrollinginterest": 78000000,
        "comprehensiveincomenetoftax": -342000000,
        "revenues": 258000000,
        "mineralextractionprocessingandmarketingcosts": 473000000,
        "costofgoodssolddepreciationdepletionandamortization": 133000000,
        "costofrevenue": 2589000000,
        "sellinggeneralandadministrativeexpense": 2000000,
        "explorationexpensemining": 1000000,
        "environmentalremediationexpense": 27000000,
        "gainlossondispositionofassets1": 23000000,
        "costsandexpenses": 2000000,
        "operatingincomeloss": 260000000,
        "interestincomeexpensenet": -16000000,
        "othernonoperatingincomeexpense": -79000000,
        "incomelossfromcontinuingoperationsbeforeincometaxesminorityinterestandincomelossfromequitymethodinvestments": -2000000,
        "incometaxexpensebenefit": 101000000,
        "incomelossfromequitymethodinvestments": -320000000,
        "incomelossfromcontinuingoperationsincludingportionattributabletononcontrollinginterest": -321000000,
        "incomelossfromdiscontinuedoperationsnetoftax": 38000000,
        "incomelossfromcontinuingoperationsattributabletononcontrollingentity": 75000000,
        "incomelossfromdiscontinuedoperationsnetoftaxattributabletononcontrollinginterest": 3000000,
        "netincomelossavailabletocommonstockholdersbasic": 228000000,
        "incomelossfromcontinuingoperationsperbasicanddilutedshare": 0.13,
        "incomelossfromdiscontinuedoperationsnetoftaxperbasicanddilutedshare": 0.03,
        "earningspersharebasicanddiluted": 0.16,
        "weightedaveragenumberofsharesoutstandingbasic": 1446000000,
        "weightedaveragenumberofdilutedsharesoutstanding": 1454000000
    },
    {
        "date": "2016-09-29",
        "symbol": "FCX",
        "period": "Q3",
        "profitloss": 891000000,
        "othercomprehensiveincomeunrealizedholdinggainlossonsecuritiesarisingduringperiodnetoftax": 2000000,
        "othercomprehensiveincomelossamortizationadjustmentfromaocipensionandotherpostretirementbenefitplansfornetpriorservicecostcreditnetoftax": 11000000,
        "othercomprehensiveincomeforeigncurrencytransactionandtranslationgainlossarisingduringperiodnetoftax": -1000000,
        "othercomprehensiveincomelossnetoftax": 12000000,
        "comprehensiveincomenetoftaxincludingportionattributabletononcontrollinginterest": 298000000,
        "comprehensiveincomenetoftaxattributabletononcontrollinginterest": 59000000,
        "preferredstockdividendsincomestatementimpact": 10000000,
        "comprehensiveincomenetoftax": 856000000,
        "salesrevenuenet": 617000000,
        "productionanddelivery": 424000000,
        "costofgoodssolddepreciationdepletionandamortization": 134000000,
        "impairmentofoilandgasproperties": 238000000,
        "inventorywritedown": 8000000,
        "costofgoodssold": 3411000000,
        "sellinggeneralandadministrativeexpense": 2000000,
        "explorationandresearchexpenses": 12000000,
        "environmentalobligationsandshutdowncosts": -3000000,
        "gainlossondispositionofassets1": 7000000,
        "costsandexpenses": 1000000,
        "operatingincomeloss": 111000000,
        "interestexpenseincludingaccretion": 21000000,
        "gainslossesonextinguishmentofdebt": 15000000,
        "othernonoperatingincomeexpense": -10000000,
        "incomelossfromcontinuingoperationsbeforeincometaxesminorityinterestandincomelossfromequitymethodinvestments": 12000000,
        "incometaxexpensebenefit": 32000000,
        "incomelossfromequitymethodinvestments": 883000000,
        "incomelossfromcontinuingoperationsincludingportionattributabletononcontrollinginterest": 903000000,
        "incomelossfromdiscontinuedoperationsnetoftax": -6000000,
        "incomelossfromcontinuingoperationsattributabletononcontrollingentity": 37000000,
        "incomelossfromdiscontinuedoperationsnetoftaxattributabletononcontrollinginterest": 22000000,
        "netincomelossavailabletocommonstockholdersbasic": 868000000,
        "incomelossfromcontinuingoperationsperdilutedshare": 0.18,
        "discontinuedoperationincomelossfromdiscontinuedoperationnetoftaxperdilutedshare": -0.02,
        "earningspersharediluted": 0.16,
        "weightedaveragenumberofsharesoutstandingbasic": 1346000000,
        "weightedaveragenumberofdilutedsharesoutstanding": 1351000000
    },
    {
        "date": "2016-06-29",
        "symbol": "FCX",
        "period": "Q2",
        "profitloss": 1218000000,
        "othercomprehensiveincomeunrealizedholdinggainlossonsecuritiesarisingduringperiodnetoftax": 1000000,
        "othercomprehensiveincomelossamortizationadjustmentfromaocipensionandotherpostretirementbenefitplansfornetpriorservicecostcreditnetoftax": 15000000,
        "othercomprehensiveincomeforeigncurrencytransactionandtranslationgainlossarisingduringperiodnetoftax": -1000000,
        "othercomprehensiveincomelossnetoftax": 15000000,
        "comprehensiveincomenetoftaxincludingportionattributabletononcontrollinginterest": -395000000,
        "comprehensiveincomenetoftaxattributabletononcontrollinginterest": 59000000,
        "preferredstockdividendsincomestatementimpact": 10000000,
        "comprehensiveincomenetoftax": 1196000000,
        "salesrevenuenet": 617000000,
        "productionanddelivery": 406000000,
        "costofgoodssolddepreciationdepletionandamortization": 136000000,
        "impairmentofoilandgasproperties": 290000000,
        "costofgoodssold": 3879000000,
        "sellinggeneralandadministrativeexpense": 2000000,
        "explorationandresearchexpenses": 15000000,
        "environmentalobligationsandshutdowncosts": 10000000,
        "gainlossondispositionofassets1": 172000000,
        "costsandexpenses": 17000000,
        "operatingincomeloss": 133000000,
        "interestexpenseincludingaccretion": 20000000,
        "gainslossesonextinguishmentofdebt": 16000000,
        "othernonoperatingincomeexpense": 25000000,
        "incomelossfromcontinuingoperationsbeforeincometaxesminorityinterestandincomelossfromequitymethodinvestments": 13000000,
        "incometaxexpensebenefit": 43000000,
        "incomelossfromequitymethodinvestments": 1224000000,
        "incomelossfromcontinuingoperationsincludingportionattributabletononcontrollinginterest": 1229000000,
        "incomelossfromdiscontinuedoperationsnetoftax": -181000000,
        "incomelossfromcontinuingoperationsattributabletononcontrollingentity": 47000000,
        "incomelossfromdiscontinuedoperationsnetoftaxattributabletononcontrollinginterest": 12000000,
        "netincomelossavailabletocommonstockholdersbasic": 1211000000,
        "incomelossfromcontinuingoperationsperdilutedshare": -0.23,
        "discontinuedoperationincomelossfromdiscontinuedoperationnetoftaxperdilutedshare": -0.15,
        "earningspersharediluted": -0.38,
        "weightedaveragenumberofshareoutstandingbasicanddiluted": 1269000000
    },
    {
        "date": "2016-03-30",
        "symbol": "FCX",
        "period": "Q1",
        "inventorywritedown": 35000000,
        "profitloss": -4101000000,
        "othercomprehensiveincomelossamortizationadjustmentfromaocipensionandotherpostretirementbenefitplansfornetpriorservicecostcreditnetoftax": 8000000,
        "othercomprehensiveincomeforeigncurrencytransactionandtranslationgainlossarisingduringperiodnetoftax": -9000000,
        "othercomprehensiveincomelossnetoftax": -1000000,
        "comprehensiveincomenetoftaxincludingportionattributabletononcontrollinginterest": -4102000000,
        "comprehensiveincomenetoftaxattributabletononcontrollinginterest": 71000000,
        "preferredstockdividendsincomestatementimpact": 11000000,
        "comprehensiveincomenetoftax": -4184000000,
        "salesrevenuenet": 286000000,
        "productionanddelivery": 226000000,
        "costofgoodssolddepreciationdepletionandamortization": 60000000,
        "impairmentofoilandgasproperties": 3771000000,
        "costofgoodssold": 7234000000,
        "sellinggeneralandadministrativeexpense": 2000000,
        "explorationandresearchexpenses": 18000000,
        "environmentalobligationsandshutdowncosts": 10000000,
        "costsandexpenses": 7403000000,
        "operatingincomeloss": 29000000,
        "interestexpenseincludingaccretion": 22000000,
        "othernonoperatingincomeexpense": 38000000,
        "incomelossfromcontinuingoperationsbeforeincometaxesminorityinterestandincomelossfromequitymethodinvestments": -4038000000,
        "incometaxexpensebenefit": 3000000,
        "incomelossfromequitymethodinvestments": 7000000,
        "netincomelossattributabletononcontrollinginterest": 72000000,
        "netincomelossavailabletocommonstockholdersbasic": -4184000000,
        "earningspersharebasicanddiluted": -3.35,
        "weightedaveragenumberofshareoutstandingbasicanddiluted": 1251000000
    },
    {
        "date": "2015-12-30",
        "symbol": "FCX",
        "period": "Q4",
        "profitloss": -4081000000,
        "othercomprehensiveincomelossamortizationadjustmentfromaocipensionandotherpostretirementbenefitplansfornetpriorservicecostcreditnetoftax": 14000000,
        "othercomprehensiveincomeforeigncurrencytransactionandtranslationgainlossarisingduringperiodnetoftax": -4000000,
        "othercomprehensiveincomelossnetoftax": 6000000,
        "comprehensiveincomenetoftaxincludingportionattributabletononcontrollinginterest": -4089000000,
        "comprehensiveincomenetoftaxattributabletononcontrollinginterest": -24000000,
        "preferredstockdividendsincomestatementimpact": 10000000,
        "comprehensiveincomenetoftax": -4075000000,
        "salesrevenuenet": 813000000,
        "productionanddelivery": 226000000,
        "costofgoodssolddepreciationdepletionandamortization": 62000000,
        "impairmentofoilandgasproperties": 3710000000,
        "costofgoodssold": 7712000000,
        "sellinggeneralandadministrativeexpense": 3000000,
        "explorationandresearchexpenses": 25000000,
        "environmentalobligationsandshutdowncosts": 17000000,
        "costsandexpenses": 13000000,
        "operatingincomeloss": 4000000,
        "othernonoperatingincomeexpense": 94000000,
        "incomelossfromcontinuingoperationsbeforeincometaxesminorityinterestandincomelossfromequitymethodinvestments": -105000000,
        "incometaxexpensebenefit": -11000000,
        "incomelossfromequitymethodinvestments": -2718000000,
        "netincomelossattributabletononcontrollinginterest": -23000000,
        "netincomelossavailabletocommonstockholdersbasic": -4081000000,
        "earningspersharebasic": -3.540000000000001,
        "earningspersharediluted": -3.540000000000001,
        "commonstockdividendspersharedeclared": -1.3877787807814457e-17
    },
    {
        "date": "2015-09-29",
        "symbol": "FCX",
        "period": "Q3",
        "profitloss": -3830000000,
        "othercomprehensiveincomelossamortizationadjustmentfromaocipensionandotherpostretirementbenefitplansfornetpriorservicecostcreditnetoftax": 8000000,
        "othercomprehensiveincomeforeigncurrencytransactionandtranslationgainlossarisingduringperiodnetoftax": 7000000,
        "othercomprehensiveincomelossnetoftax": 14000000,
        "comprehensiveincomenetoftaxincludingportionattributabletononcontrollinginterest": -3775000000,
        "comprehensiveincomenetoftaxattributabletononcontrollinginterest": 30000000,
        "preferredstockdividendsincomestatementimpact": 11000000,
        "comprehensiveincomenetoftax": -3816000000,
        "salesrevenuenet": 299000000,
        "productionanddelivery": 209000000,
        "costofgoodssolddepreciationdepletionandamortization": 65000000,
        "impairmentofoilandgasproperties": 3480000000,
        "costofgoodssold": 7433000000,
        "sellinggeneralandadministrativeexpense": 2000000,
        "explorationandresearchexpenses": 31000000,
        "environmentalobligationsandshutdowncosts": 33000000,
        "costsandexpenses": 12000000,
        "operatingincomeloss": 52000000,
        "interestexpenseincludingaccretion": 0,
        "othernonoperatingincomeexpense": -40000000,
        "incomelossfromcontinuingoperationsbeforeincometaxesminorityinterestandincomelossfromequitymethodinvestments": -104000000,
        "incometaxexpensebenefit": 6000000,
        "incomelossfromequitymethodinvestments": -2443000000,
        "netincomelossattributabletononcontrollinginterest": 29000000,
        "netincomelossavailabletocommonstockholdersbasic": -3830000000,
        "earningspersharebasic": -3.6099999999999994,
        "earningspersharediluted": -3.6099999999999994,
        "commonstockdividendspersharedeclared": 0.05000000000000003
    },
    {
        "date": "2015-06-29",
        "symbol": "FCX",
        "period": "Q2",
        "profitloss": -1919000000,
        "othercomprehensiveincomelossamortizationadjustmentfromaocipensionandotherpostretirementbenefitplansfornetpriorservicecostcreditnetoftax": 8000000,
        "othercomprehensiveincomeforeigncurrencytransactionandtranslationgainlossarisingduringperiodnetoftax": 1000000,
        "othercomprehensiveincomelossnetoftax": 9000000,
        "comprehensiveincomenetoftaxincludingportionattributabletononcontrollinginterest": -1790000000,
        "comprehensiveincomenetoftaxattributabletononcontrollinginterest": 42000000,
        "preferredstockdividendsincomestatementimpact": 10000000,
        "comprehensiveincomenetoftax": -1842000000,
        "salesrevenuenet": -3461000000,
        "productionanddelivery": -2487000000,
        "costofgoodssolddepreciationdepletionandamortization": -809000000,
        "impairmentofoilandgasproperties": 2686000000,
        "costofgoodssold": 6424000000,
        "sellinggeneralandadministrativeexpense": -148000000,
        "explorationandresearchexpenses": 31000000,
        "environmentalobligationsandshutdowncosts": 11000000,
        "gainlossondispositionofassets1": 0,
        "costsandexpenses": -7081000000,
        "operatingincomeloss": 3163000000,
        "interestexpenseincludingaccretion": -145000000,
        "othernonoperatingincomeexpense": -55000000,
        "incomelossfromcontinuingoperationsbeforeincometaxesminorityinterestandincomelossfromequitymethodinvestments": 2987000000,
        "incometaxexpensebenefit": 748000000,
        "incomelossfromequitymethodinvestments": -3525000000,
        "netincomelossattributabletononcontrollinginterest": 42000000,
        "netincomelossavailabletocommonstockholdersbasic": -1851000000,
        "earningspersharebasic": -1.7800000000000002,
        "earningspersharediluted": -1.7800000000000002,
        "weightedaveragenumberofsharesoutstandingbasic": 0,
        "weightedaveragenumberofdilutedsharesoutstanding": 0,
        "commonstockdividendspersharedeclared": 0.16049999999999998
    },
    {
        "date": "2015-03-30",
        "symbol": "FCX",
        "period": "Q1",
        "profitloss": -2406000000,
        "othercomprehensiveincomelossamortizationadjustmentfromaocipensionandotherpostretirementbenefitplansfornetpriorservicecostcreditnetoftax": 8000000,
        "othercomprehensiveincomeforeigncurrencytransactionandtranslationgainlossarisingduringperiodnetoftax": 4000000,
        "othercomprehensiveincomelossnetoftax": 12000000,
        "comprehensiveincomenetoftaxincludingportionattributabletononcontrollinginterest": -2394000000,
        "comprehensiveincomenetoftaxattributabletononcontrollinginterest": 58000000,
        "preferredstockdividendsincomestatementimpact": 10000000,
        "comprehensiveincomenetoftax": -2462000000,
        "salesrevenuenet": 4153000000,
        "productionanddelivery": 2912000000,
        "costofgoodssolddepreciationdepletionandamortization": 939000000,
        "impairmentofoilandgasproperties": 3104000000,
        "costofgoodssold": 6955000000,
        "sellinggeneralandadministrativeexpense": 154000000,
        "explorationandresearchexpenses": 33000000,
        "environmentalobligationsandshutdowncosts": 13000000,
        "gainlossondispositionofassets1": 39000000,
        "costsandexpenses": 7116000000,
        "operatingincomeloss": -2963000000,
        "interestexpenseincludingaccretion": 146000000,
        "othernonoperatingincomeexpense": 7000000,
        "incomelossfromcontinuingoperationsbeforeincometaxesminorityinterestandincomelossfromequitymethodinvestments": -3102000000,
        "incometaxexpensebenefit": -695000000,
        "incomelossfromequitymethodinvestments": 1000000,
        "netincomelossattributabletononcontrollinginterest": 58000000,
        "netincomelossavailabletocommonstockholdersbasic": -2474000000,
        "earningspersharebasic": -2.38,
        "earningspersharediluted": -2.38,
        "weightedaveragenumberofsharesoutstandingbasic": 1040000000,
        "weightedaveragenumberofdilutedsharesoutstanding": 1040000000,
        "commonstockdividendspersharedeclared": 0.05
    },
    {
        "date": "2014-09-29",
        "symbol": "FCX",
        "period": "Q3",
        "profitloss": 552000000,
        "othercomprehensiveincomelossamortizationadjustmentfromaocipensionandotherpostretirementbenefitplansfornetpriorservicecostcreditnetoftax": 5000000,
        "othercomprehensiveincomeforeigncurrencytransactionandtranslationgainlossarisingduringperiodnetoftax": 2000000,
        "othercomprehensiveincomelossnetoftax": 7000000,
        "comprehensiveincomenetoftaxincludingportionattributabletononcontrollinginterest": 711000000,
        "comprehensiveincomenetoftaxattributabletononcontrollinginterest": 142000000,
        "preferredstockdividendsincomestatementimpact": 10000000,
        "comprehensiveincomenetoftax": -249000000,
        "salesrevenuenet": 5326000000,
        "productionanddelivery": 561000000,
        "costofgoodssolddepreciationdepletionandamortization": 15000000,
        "impairmentofoilandgasproperties": 308000000,
        "costofgoodssold": 4405000000,
        "sellinggeneralandadministrativeexpense": 7000000,
        "explorationandresearchexpenses": 2000000,
        "environmentalobligationsandshutdowncosts": 23000000,
        "gainlossondispositionofassets1": 14000000,
        "costsandexpenses": 12000000,
        "operatingincomeloss": 330000000,
        "interestexpenseincludingaccretion": 37000000,
        "gainslossesonextinguishmentofdebt": 58000000,
        "othernonoperatingincomeexpense": 23000000,
        "incomelossfromcontinuingoperationsbeforeincometaxesminorityinterestandincomelossfromequitymethodinvestments": 1055000000,
        "incometaxexpensebenefit": 166000000,
        "incomelossfromequitymethodinvestments": 381000000,
        "netincomelossattributabletononcontrollinginterest": 142000000,
        "netincomelossavailabletocommonstockholdersbasic": 940000000,
        "earningspersharebasic": 0.53,
        "earningspersharediluted": 0.53,
        "weightedaveragenumberofsharesoutstandingbasic": 1039000000,
        "weightedaveragenumberofdilutedsharesoutstanding": 1046000000,
        "commonstockdividendspersharedeclared": 0.3125
    },
    {
        "date": "2014-06-29",
        "symbol": "FCX",
        "period": "Q2",
        "profitloss": -822000000,
        "othercomprehensiveincomelossamortizationadjustmentfromaocipensionandotherpostretirementbenefitplansfornetpriorservicecostcreditnetoftax": 4000000,
        "othercomprehensiveincomeforeigncurrencytransactionandtranslationgainlossarisingduringperiodnetoftax": -3000000,
        "othercomprehensiveincomelossnetoftax": 1000000,
        "comprehensiveincomenetoftaxincludingportionattributabletononcontrollinginterest": 661000000,
        "comprehensiveincomenetoftaxattributabletononcontrollinginterest": 168000000,
        "preferredstockdividendsincomestatementimpact": 10000000,
        "comprehensiveincomenetoftax": 196000000,
        "salesrevenuenet": 4952000000,
        "productionanddelivery": 164000000,
        "costofgoodssolddepreciationdepletionandamortization": 63000000,
        "costofgoodssold": 4095000000,
        "sellinggeneralandadministrativeexpense": 1000000,
        "explorationandresearchexpenses": 2000000,
        "environmentalobligationsandshutdowncosts": 76000000,
        "costsandexpenses": -6000000,
        "operatingincomeloss": 1087000000,
        "interestexpenseincludingaccretion": 44000000,
        "gainslossesonextinguishmentofdebt": -1000000,
        "othernonoperatingincomeexpense": -8000000,
        "incomelossfromcontinuingoperationsbeforeincometaxesminorityinterestandincomelossfromequitymethodinvestments": 986000000,
        "incometaxexpensebenefit": 378000000,
        "incomelossfromequitymethodinvestments": 548000000,
        "netincomelossattributabletononcontrollinginterest": 168000000,
        "netincomelossavailabletocommonstockholdersbasic": 196000000,
        "earningspersharebasic": 0.46,
        "earningspersharediluted": 0.46,
        "weightedaveragenumberofsharesoutstandingbasic": 1039000000,
        "weightedaveragenumberofdilutedsharesoutstanding": 1045000000,
        "commonstockdividendspersharedeclared": 0.3125
    },
    {
        "date": "2014-03-30",
        "symbol": "FCX",
        "period": "Q1",
        "profitloss": 510000000,
        "othercomprehensiveincomelossamortizationadjustmentfromaocipensionandotherpostretirementbenefitplansfornetpriorservicecostcreditnetoftax": 3000000,
        "othercomprehensiveincomelossnetoftax": 3000000,
        "comprehensiveincomenetoftaxincludingportionattributabletononcontrollinginterest": 629000000,
        "comprehensiveincomenetoftaxattributabletononcontrollinginterest": 106000000,
        "preferredstockdividendsincomestatementimpact": 10000000,
        "comprehensiveincomenetoftax": 164000000,
        "salesrevenuenet": 4341000000,
        "productionanddelivery": 588000000,
        "costofgoodssolddepreciationdepletionandamortization": -2000000,
        "costofgoodssold": 3703000000,
        "sellinggeneralandadministrativeexpense": 57000000,
        "explorationandresearchexpenses": 2000000,
        "environmentalobligationsandshutdowncosts": 6000000,
        "costsandexpenses": 11000000,
        "operatingincomeloss": 1002000000,
        "interestexpenseincludingaccretion": 82000000,
        "othernonoperatingincomeexpense": 33000000,
        "incomelossfromcontinuingoperationsbeforeincometaxesminorityinterestandincomelossfromequitymethodinvestments": 983000000,
        "incometaxexpensebenefit": 43000000,
        "incomelossfromequitymethodinvestments": 130000000,
        "netincomelossattributabletononcontrollinginterest": 106000000,
        "netincomelossavailabletocommonstockholdersbasic": 164000000,
        "earningspersharebasic": 0.49,
        "earningspersharediluted": 0.49,
        "weightedaveragenumberofsharesoutstandingbasic": 1038000000,
        "weightedaveragenumberofdilutedsharesoutstanding": 1044000000,
        "commonstockdividendspersharedeclared": 0.3125
    },
    {
        "date": "2013-09-29",
        "symbol": "FCX",
        "period": "Q3",
        "profitloss": -3155000000,
        "othercomprehensiveincomeunrealizedholdinggainlossonsecuritiesarisingduringperiodnetoftax": -1000000,
        "othercomprehensiveincomelossnetoftax": 10000000,
        "comprehensiveincomenetoftaxincludingportionattributabletononcontrollinginterest": 688000000,
        "comprehensiveincomenetoftaxattributabletononcontrollinginterest": 226000000,
        "comprehensiveincomenetoftax": 832000000,
        "productionanddelivery": -4421000000,
        "costofgoodssolddepreciationdepletionandamortization": 1353000000,
        "costofgoodssold": -2633000000,
        "sellinggeneralandadministrativeexpense": 3000000,
        "explorationandresearchexpenses": 108000000,
        "environmentalobligationsandshutdowncosts": -13000000,
        "costsandexpenses": 7279000000,
        "operatingincomeloss": -1066000000,
        "interestexpenseincludingaccretion": 206000000,
        "gainslossesonextinguishmentofdebt": 45000000,
        "othernonoperatingincomeexpense": 3000000,
        "incomelossfromcontinuingoperationsbeforeincometaxesminorityinterestandincomelossfromequitymethodinvestments": 1716000000,
        "incometaxexpensebenefit": -175000000,
        "incomelossfromequitymethodinvestments": 2074000000,
        "netincomelossavailabletocommonstockholdersbasic": -3468000000,
        "earningspersharebasic": 0.7999999999999999,
        "earningspersharediluted": 0.7899999999999999,
        "weightedaveragenumberofsharesoutstandingbasic": -941000000,
        "weightedaveragenumberofdilutedsharesoutstanding": -944000000,
        "commonstockdividendspersharedeclared": 0.3125
    },
    {
        "date": "2013-06-29",
        "symbol": "FCX",
        "period": "Q2",
        "profitloss": 30000000,
        "othercomprehensiveincomelossamortizationadjustmentfromaocipensionandotherpostretirementbenefitplansfornetpriorservicecostcreditnetoftax": 5000000,
        "othercomprehensiveincomeunrealizedholdinggainlossonsecuritiesarisingduringperiodnetoftax": 1000000,
        "othercomprehensiveincomelossforeigncurrencytransactionandtranslationadjustmentnetoftax": -1000000,
        "othercomprehensiveincomelossnetoftax": 5000000,
        "comprehensiveincomenetoftaxincludingportionattributabletononcontrollinginterest": 615000000,
        "comprehensiveincomenetoftaxattributabletononcontrollinginterest": 128000000,
        "comprehensiveincomenetoftax": 487000000,
        "salesrevenuenet": 4126000000,
        "productionanddelivery": 327000000,
        "costofgoodssolddepreciationdepletionandamortization": 12000000,
        "costofgoodssold": 126000000,
        "sellinggeneralandadministrativeexpense": 2000000,
        "explorationandresearchexpenses": 1000000,
        "environmentalobligationsandshutdowncosts": 16000000,
        "costsandexpenses": 135000000,
        "operatingincomeloss": 688000000,
        "interestexpenseincludingaccretion": 12000000,
        "gainslossesonextinguishmentofdebt": -45000000,
        "businesscombinationstepacquisitionequityinterestinacquireeremeasurementgain": 128000000,
        "othernonoperatingincomeexpense": 13000000,
        "incomelossfromcontinuingoperationsbeforeincometaxesminorityinterestandincomelossfromequitymethodinvestments": 662000000,
        "incometaxexpensebenefit": 70000000,
        "incomelossfromequitymethodinvestments": 20000000,
        "netincomelossattributabletononcontrollinginterest": -5000000,
        "netincomelossavailabletocommonstockholdersbasic": 482000000,
        "earningspersharebasic": 0.49,
        "earningspersharediluted": 0.49,
        "weightedaveragenumberofsharesoutstandingbasic": 980000000,
        "weightedaveragenumberofdilutedsharesoutstanding": 984000000,
        "commonstockdividendspersharedeclared": 1.3125
    },
    {
        "date": "2013-03-30",
        "symbol": "FCX",
        "period": "Q1",
        "profitloss": 824000000,
        "othercomprehensiveincomelossamortizationpensionandotherpostretirementbenefitplansnetpriorservicecostrecognizedinnetperiodicpensioncostnetoftax": -7000000,
        "othercomprehensiveincomeunrealizedholdinggainlossonsecuritiesarisingduringperiodnetoftax": -1000000,
        "othercomprehensiveincomelossnetoftax": 6000000,
        "comprehensiveincomenetoftaxincludingportionattributabletononcontrollinginterest": 648000000,
        "comprehensiveincomenetoftaxattributabletononcontrollinginterest": 176000000,
        "comprehensiveincomenetoftax": 654000000,
        "revenuemineralsales": 850000000,
        "productionanddelivery": 563000000,
        "costofgoodssolddepreciationdepletionandamortization": 69000000,
        "costofgoodssold": 3048000000,
        "sellinggeneralandadministrativeexpense": 77000000,
        "explorationandresearchexpenses": 52000000,
        "environmentalobligationsandshutdowncosts": -4000000,
        "costsandexpenses": 3228000000,
        "operatingincomeloss": 272000000,
        "interestexpenseincludingaccretion": 4000000,
        "gainslossesonextinguishmentofdebt": -45000000,
        "othernonoperatingincomeexpense": -3000000,
        "incomelossfromcontinuingoperationsbeforeincometaxesminorityinterestandincomelossfromequitymethodinvestments": 1250000000,
        "incometaxexpensebenefit": 44000000,
        "incomelossfromequitymethodinvestments": 2000000,
        "netincomelossattributabletononcontrollinginterest": 176000000,
        "netincomelossavailabletocommonstockholdersbasic": 648000000,
        "earningspersharebasic": 0.68,
        "earningspersharediluted": 0.68,
        "weightedaveragenumberofsharesoutstandingbasic": 950000000,
        "weightedaveragenumberofdilutedsharesoutstanding": 953000000,
        "commonstockdividendspersharedeclared": 0.3125
    },
    {
        "date": "2012-12-30",
        "symbol": "FCX",
        "period": "Q4",
        "profitloss": 945000000,
        "comprehensiveincomenetoftaxincludingportionattributabletononcontrollinginterest": -1386000000,
        "comprehensiveincomenetoftaxattributabletononcontrollinginterest": 201000000,
        "comprehensiveincomenetoftax": 676000000,
        "revenuemineralsales": -1235000000,
        "productionanddelivery": 498000000,
        "costofgoodssolddepreciationdepletionandamortization": -154000000,
        "costofgoodssold": 3063000000,
        "sellinggeneralandadministrativeexpense": 3000000,
        "explorationandresearchexpenses": 0,
        "costsandexpenses": 3155000000,
        "operatingincomeloss": -817000000,
        "othernonoperatingincomeexpense": 4000000,
        "incomelossfromcontinuingoperationsbeforeincometaxesminorityinterestandincomelossfromequitymethodinvestments": 1324000000,
        "incometaxexpensebenefit": 366000000,
        "netincomelossattributabletononcontrollinginterest": 202000000,
        "netincomelossavailabletocommonstockholdersbasic": 743000000,
        "earningspersharebasic": 0.78,
        "earningspersharediluted": 0.78,
        "weightedaveragenumberofdilutedsharesoutstanding": 1000000,
        "commonstockdividendspersharedeclared": 0.3125
    },
    {
        "date": "2012-09-29",
        "symbol": "FCX",
        "period": "Q3",
        "profitloss": 1140000000,
        "comprehensiveincomenetoftaxincludingportionattributabletononcontrollinginterest": 850000000,
        "comprehensiveincomenetoftaxattributabletononcontrollinginterest": 315000000,
        "comprehensiveincomenetoftax": 833000000,
        "revenuemineralsales": -1296000000,
        "productionanddelivery": 4049000000,
        "costofgoodssolddepreciationdepletionandamortization": -7000000,
        "costofgoodssold": 2890000000,
        "sellinggeneralandadministrativeexpense": 2000000,
        "explorationandresearchexpenses": -132000000,
        "environmentalobligationsandshutdowncosts": 0,
        "costsandexpenses": 3006000000,
        "operatingincomeloss": 902000000,
        "othernonoperatingincomeexpense": -15000000,
        "incomelossfromcontinuingoperationsbeforeincometaxesminorityinterestandincomelossfromequitymethodinvestments": 1354000000,
        "incometaxexpensebenefit": -64000000,
        "netincomelossattributabletononcontrollinginterest": 316000000,
        "netincomelossavailabletocommonstockholdersbasic": 824000000,
        "earningspersharebasic": 0.8699999999999999,
        "earningspersharediluted": 0.8600000000000001,
        "weightedaveragenumberofdilutedsharesoutstanding": -1000000,
        "commonstockdividendspersharedeclared": 0.3125
    },
    {
        "date": "2012-06-29",
        "symbol": "FCX",
        "period": "Q2",
        "profitloss": 894000000,
        "valuationallowancedeferredtaxassetchangeinamount": 0,
        "comprehensiveincomenetoftaxincludingportionattributabletononcontrollinginterest": 698000000,
        "comprehensiveincomenetoftaxattributabletononcontrollinginterest": 185000000,
        "comprehensiveincomenetoftax": 715000000,
        "revenuemineralsales": 2132000000,
        "productionanddelivery": -3378000000,
        "costofgoodssolddepreciationdepletionandamortization": 125000000,
        "costofgoodssold": 2913000000,
        "sellinggeneralandadministrativeexpense": -1000000,
        "explorationandresearchexpenses": 72000000,
        "environmentalobligationsandshutdowncosts": 32000000,
        "costsandexpenses": 3164000000,
        "operatingincomeloss": 588000000,
        "gainslossesonextinguishmentofdebt": 0,
        "othernonoperatingincomeexpense": 51000000,
        "incomelossfromcontinuingoperationsbeforeincometaxesminorityinterestandincomelossfromequitymethodinvestments": 1319000000,
        "incometaxexpensebenefit": 45000000,
        "incomelossfromequitymethodinvestments": -3000000,
        "netincomelossattributabletononcontrollinginterest": 184000000,
        "netincomelossavailabletocommonstockholdersbasic": 710000000,
        "earningspersharebasic": 0.74,
        "earningspersharediluted": 0.75,
        "weightedaveragenumberofsharesoutstandingbasic": 0,
        "weightedaveragenumberofdilutedsharesoutstanding": -1000000,
        "commonstockdividendspersharedeclared": 0.3125
    },
    {
        "date": "2012-03-30",
        "symbol": "FCX",
        "period": "Q1",
        "profitloss": 1001000000,
        "othercomprehensiveincomeamortizationofdefinedbenefitplannetpriorservicecostrecognizedinnetperiodicpensioncostnetoftax": 7000000,
        "valuationallowancedeferredtaxassetchangeinamount": 5000000,
        "othercomprehensiveincomelossnetoftaxperiodincreasedecrease": 12000000,
        "comprehensiveincomenetoftaxincludingportionattributabletononcontrollinginterest": 776000000,
        "comprehensiveincomenetoftaxattributabletononcontrollinginterest": 237000000,
        "comprehensiveincomenetoftax": 776000000,
        "revenuemineralsales": 449000000,
        "productionanddelivery": 132000000,
        "costofgoodssolddepreciationdepletionandamortization": 62000000,
        "costofgoodssold": 2695000000,
        "sellinggeneralandadministrativeexpense": 2000000,
        "explorationandresearchexpenses": 61000000,
        "environmentalobligationsandshutdowncosts": 10000000,
        "costsandexpenses": 2871000000,
        "operatingincomeloss": 139000000,
        "interestexpense": 5000000,
        "gainslossesonextinguishmentofdebt": -168000000,
        "othernonoperatingincomeexpense": -13000000,
        "incomelossfromcontinuingoperationsbeforeincometaxesminorityinterestandincomelossfromequitymethodinvestments": 1490000000,
        "incometaxexpensebenefit": 150000000,
        "incomelossfromequitymethodinvestments": 2000000,
        "netincomelossattributabletononcontrollinginterest": 237000000,
        "netincomelossavailabletocommonstockholdersbasic": 764000000,
        "earningspersharebasic": 0.81,
        "earningspersharediluted": 0.8,
        "weightedaveragenumberofsharesoutstandingbasic": 949000000,
        "weightedaveragenumberofdilutedsharesoutstanding": 955000000,
        "commonstockdividendspersharedeclared": 0.3125
    },
    {
        "date": "2011-12-30",
        "symbol": "FCX",
        "period": "Q4",
        "revenuemineralsales": 47000000,
        "productionanddelivery": 2205000000,
        "costofgoodssolddepreciationdepletionandamortization": 110000000,
        "costofgoodssold": 2660000000,
        "sellinggeneralandadministrativeexpense": 234000000,
        "explorationandresearchexpenses": -1000000,
        "costsandexpenses": 2865000000,
        "operatingincomeloss": 1696000000,
        "gainslossesonextinguishmentofdebt": 1000000,
        "othernonoperatingincomeexpense": 18000000,
        "incomelossfromcontinuingoperationsbeforeincometaxesminorityinterestandincomelossfromequitymethodinvestments": 1253000000,
        "incometaxexpensebenefit": 246000000,
        "incomelossfromequitymethodinvestments": 2000000,
        "profitloss": 640000000,
        "netincomelossattributabletononcontrollinginterest": 226000000,
        "netincomelossavailabletocommonstockholdersbasic": 640000000,
        "earningspersharebasic": 0.6699999999999999,
        "earningspersharediluted": 0.6800000000000008,
        "weightedaveragenumberofsharesoutstandingbasic": 0,
        "weightedaveragenumberofdilutedsharesoutstanding": 0,
        "commonstockdividendspersharedeclared": 0.25
    },
    {
        "date": "2011-09-29",
        "symbol": "FCX",
        "period": "Q3",
        "revenuemineralsales": -6759000000,
        "productionanddelivery": 2130000000,
        "costofgoodssolddepreciationdepletionandamortization": -267000000,
        "costofgoodssold": 2827000000,
        "sellinggeneralandadministrativeexpense": -54000000,
        "explorationandresearchexpenses": -46000000,
        "costsandexpenses": 3045000000,
        "operatingincomeloss": 1022000000,
        "gainslossesonextinguishmentofdebt": 55000000,
        "othernonoperatingincomeexpense": 28000000,
        "incomelossfromcontinuingoperationsbeforeincometaxesminorityinterestandincomelossfromequitymethodinvestments": 2100000000,
        "incometaxexpensebenefit": 536000000,
        "incomelossfromequitymethodinvestments": 2000000,
        "profitloss": 1832000000,
        "netincomelossattributabletononcontrollinginterest": 241000000,
        "netincomelossavailabletocommonstockholdersbasic": 1053000000,
        "earningspersharebasic": 1.1199999999999997,
        "earningspersharediluted": 1.0999999999999999,
        "weightedaveragenumberofsharesoutstandingbasic": -946000000,
        "weightedaveragenumberofdilutedsharesoutstanding": -956000000,
        "commonstockdividendspersharedeclared": 0.25
    },
    {
        "date": "2011-06-29",
        "symbol": "FCX",
        "period": "Q2",
        "revenuemineralsales": 1421000000,
        "productionanddelivery": 399000000,
        "costofgoodssolddepreciationdepletionandamortization": 41000000,
        "costofgoodssold": 2824000000,
        "sellinggeneralandadministrativeexpense": 1000000,
        "explorationandresearchexpenses": 1000000,
        "environmentalobligationsandshutdowncosts": 56000000,
        "costsandexpenses": 3057000000,
        "operatingincomeloss": 439000000,
        "interestexpense": 1000000,
        "gainslossesonextinguishmentofdebt": -55000000,
        "othernonoperatingincomeexpense": 2000000,
        "incomelossfromcontinuingoperationsbeforeincometaxesminorityinterestandincomelossfromequitymethodinvestments": 2624000000,
        "incometaxexpensebenefit": 162000000,
        "incomelossfromequitymethodinvestments": 8000000,
        "profitloss": 1726000000,
        "netincomelossattributabletononcontrollinginterest": 358000000,
        "netincomelossavailabletocommonstockholdersbasic": 1368000000,
        "earningspersharebasic": 1.44,
        "earningspersharediluted": 1.43,
        "weightedaveragenumberofsharesoutstandingbasic": 947000000,
        "weightedaveragenumberofdilutedsharesoutstanding": 956000000,
        "commonstockdividendspersharedeclared": 0.75
    },
    {
        "date": "2011-03-30",
        "symbol": "FCX",
        "period": "Q1",
        "revenuemineralsales": 5709000000,
        "productionanddelivery": -1743000000,
        "costofgoodssolddepreciationdepletionandamortization": 232000000,
        "costofgoodssold": 2609000000,
        "sellinggeneralandadministrativeexpense": 54000000,
        "explorationandresearchexpenses": 49000000,
        "costsandexpenses": 2773000000,
        "operatingincomeloss": -69000000,
        "interestexpensenet": 89000000,
        "gainslossesonextinguishmentofdebt": -7000000,
        "othernonoperatingincomeexpense": 10000000,
        "incomelossfromcontinuingoperationsbeforeincometaxesminorityinterestandincomelossfromequitymethodinvestments": 2841000000,
        "incometaxexpensebenefit": 131000000,
        "incomelossfromequitymethodinvestments": 4000000,
        "profitloss": 362000000,
        "netincomelossattributabletononcontrollinginterest": 362000000,
        "netincomelossavailabletocommonstockholdersbasic": 1499000000,
        "earningspersharebasic": 1.58,
        "earningspersharediluted": 1.57,
        "weightedaveragenumberofsharesoutstandingbasic": 946000000,
        "weightedaveragenumberofdilutedsharesoutstanding": 955000000,
        "commonstockdividendspersharedeclared": 0.25
    },
    {
        "date": "2010-12-30",
        "symbol": "FCX",
        "period": "Q4",
        "productionanddelivery": -1376000000,
        "sellinggeneralandadministrativeexpense": 55000000,
        "explorationandresearchexpenses": 39000000,
        "costsandexpenses": 2506000000,
        "operatingincomeloss": -284000000,
        "interestexpensenet": 85000000,
        "gainslossesonextinguishmentofdebt": -18000000,
        "othernonoperatingincomeexpense": -15000000,
        "incomelossfromcontinuingoperationsbeforeincometaxesminorityinterestandincomelossfromequitymethodinvestments": 2986000000,
        "incometaxexpensebenefit": 48000000,
        "incomelossfromequitymethodinvestments": 5000000,
        "profitloss": 4751000000,
        "netincomelossattributabletononcontrollinginterest": 415000000,
        "netincomelossavailabletocommonstockholdersbasic": 1549000000,
        "earningspersharebasic": -1.3399999999999999,
        "earningspersharediluted": -1.31,
        "weightedaveragenumberofsharesoutstandingbasic": 462000000,
        "weightedaveragenumberofdilutedsharesoutstanding": 475000000,
        "commonstockdividendspersharedeclared": 0.3749999999999999
    },
    {
        "date": "2010-09-29",
        "symbol": "FCX",
        "period": "Q3",
        "revenuesgoodsandservices": 5152000000,
        "productionanddelivery": -4657000000,
        "depreciationdepletionandamortizationaspresentedinincomestatement": -256000000,
        "costofrevenue": 2537000000,
        "sellinggeneralandadministrativeexpense": 12000000,
        "explorationandresearchexpenses": 33000000,
        "costsandexpenses": 2653000000,
        "operatingincomeloss": -2497000000,
        "interestexpensenet": 377000000,
        "gainslossesonextinguishmentofdebt": 99000000,
        "othernonoperatingincomeexpense": -19000000,
        "incomelossfromcontinuingoperationsbeforeincometaxesminorityinterestandincomelossfromequitymethodinvestments": 2377000000,
        "incometaxexpensebenefit": -599000000,
        "incomelossfromequitymethodinvestments": 1000000,
        "profitloss": -309000000,
        "netincomelossattributabletononcontrollinginterest": 355000000,
        "preferredstockdividends": 0,
        "netincomelossavailabletocommonstockholdersbasic": 1178000000,
        "earningspersharebasic": 2.51,
        "earningspersharediluted": 2.4800000000000004,
        "weightedaveragenumberofsharesoutstandingbasic": 21999542,
        "weightedaveragenumberofdilutedsharesoutstanding": 999527,
        "commonstockdividendspersharedeclared": 0.30000000000000004
    },
    {
        "date": "2010-06-29",
        "symbol": "FCX",
        "period": "Q2",
        "revenuesgoodsandservices": 3864000000,
        "productionanddelivery": -1313000000,
        "depreciationdepletionandamortizationaspresentedinincomestatement": 9000000,
        "costofrevenue": 2301000000,
        "sellinggeneralandadministrativeexpense": 71000000,
        "explorationandresearchexpenses": 38000000,
        "costsandexpenses": 2440000000,
        "operatingincomeloss": -38000000,
        "interestexpensenet": 116000000,
        "gainslossesonextinguishmentofdebt": -50000000,
        "othernonoperatingincomeexpense": 9000000,
        "incomelossfromcontinuingoperationsbeforeincometaxesminorityinterestandincomelossfromequitymethodinvestments": 1261000000,
        "incometaxexpensebenefit": 104000000,
        "incomelossfromequitymethodinvestments": 4000000,
        "profitloss": 832000000,
        "netincomelossattributabletononcontrollinginterest": 168000000,
        "preferredstockdividends": 15000000,
        "netincomelossavailabletocommonstockholdersbasic": 649000000,
        "earningspersharebasic": 1.42,
        "earningspersharediluted": 1.4,
        "weightedaveragenumberofsharesoutstandingbasic": 458,
        "weightedaveragenumberofdilutedsharesoutstanding": 473,
        "commonstockdividendspersharedeclared": 0.3
    },
    {
        "date": "2010-03-30",
        "symbol": "FCX",
        "period": "Q1",
        "revenuesgoodsandservices": 4363000000,
        "productionanddelivery": 1918000000,
        "depreciationdepletionandamortizationaspresentedinincomestatement": 271000000,
        "costofrevenue": 2189000000,
        "sellinggeneralandadministrativeexpense": 95000000,
        "explorationandresearchexpenses": 31000000,
        "costsandexpenses": 2315000000,
        "operatingincomeloss": 2048000000,
        "interestexpensenet": -145000000,
        "gainslossesonextinguishmentofdebt": -27000000,
        "othernonoperatingincomeexpense": 12000000,
        "incomelossfromcontinuingoperationsbeforeincometaxesminorityinterestandincomelossfromequitymethodinvestments": 1888000000,
        "incometaxexpensebenefit": 678000000,
        "incomelossfromequitymethodinvestments": 5000000,
        "profitloss": 270000000,
        "netincomelossattributabletononcontrollinginterest": 270000000,
        "preferredstockdividends": 48000000,
        "netincomelossavailabletocommonstockholdersbasic": 897000000,
        "earningspersharebasic": 2.08,
        "earningspersharediluted": 2,
        "weightedaveragenumberofsharesoutstandingbasic": 431000000,
        "weightedaveragenumberofdilutedsharesoutstanding": 473000000,
        "commonstockdividendspersharedeclared": 0.15
    }
]