[
    {
        "date": "2024-09-29",
        "symbol": "UBER",
        "period": "Q3",
        "revenues": 11188000000,
        "costofgoodsandserviceexcludingdepreciationdepletionandamortization": 6761000000,
        "operationsandsupportexpense": 687000000,
        "sellingandmarketingexpense": 1096000000,
        "researchanddevelopmentexpense": 774000000,
        "generalandadministrativeexpense": 630000000,
        "depreciationdepletionandamortizationexcludingotherincomeexpenses": 179000000,
        "costsandexpenses": 10127000000,
        "operatingincomeloss": 1061000000,
        "interestexpensenonoperating": 143000000,
        "nonoperatingincomeexpense": 1851000000,
        "incomelossfromcontinuingoperationsbeforeincometaxesminorityinterestandincomelossfromequitymethodinvestments": 2769000000,
        "incometaxexpensebenefit": 158000000,
        "incomelossfromequitymethodinvestments": -12000000,
        "profitloss": 2599000000,
        "netincomelossattributabletononcontrollinginterest": -13000000,
        "netincomeloss": 2612000000,
        "earningspersharebasic": 1.24,
        "earningspersharediluted": 1.2,
        "weightedaveragenumberofsharesoutstandingbasic": 2101660000,
        "weightedaveragenumberofdilutedsharesoutstanding": 2154466000,
        "othercomprehensiveincomelossforeigncurrencytransactionandtranslationadjustmentnetoftax": 27000000,
        "othercomprehensiveincomelossavailableforsalesecuritiesadjustmentnetoftax": 28000000,
        "othercomprehensiveincomelossnetoftax": 55000000,
        "comprehensiveincomenetoftaxincludingportionattributabletononcontrollinginterest": 2654000000,
        "comprehensiveincomenetoftaxattributabletononcontrollinginterest": -13000000,
        "comprehensiveincomenetoftax": 2667000000
    },
    {
        "date": "2024-03-30",
        "symbol": "UBER",
        "period": "Q1",
        "revenues": 10131000000,
        "costofgoodsandserviceexcludingdepreciationdepletionandamortization": 6168000000,
        "operationsandsupportexpense": 685000000,
        "sellingandmarketingexpense": 917000000,
        "researchanddevelopmentexpense": 790000000,
        "generalandadministrativeexpense": 1209000000,
        "depreciationdepletionandamortizationexcludingotherincomeexpenses": 190000000,
        "costsandexpenses": 9959000000,
        "operatingincomeloss": 172000000,
        "interestexpense": 124000000,
        "nonoperatingincomeexpense": -678000000,
        "incomelossfromcontinuingoperationsbeforeincometaxesminorityinterestandincomelossfromequitymethodinvestments": -630000000,
        "incometaxexpensebenefit": 29000000,
        "incomelossfromequitymethodinvestments": -4000000,
        "profitloss": -663000000,
        "netincomelossattributabletononcontrollinginterest": -9000000,
        "netincomeloss": -654000000,
        "earningspersharebasic": -0.31,
        "earningspersharediluted": -0.32,
        "weightedaveragenumberofsharesoutstandingbasic": 2078467000,
        "weightedaveragenumberofdilutedsharesoutstanding": 2080168000,
        "othercomprehensiveincomelossforeigncurrencytransactionandtranslationadjustmentnetoftax": -8000000,
        "othercomprehensiveincomelossavailableforsalesecuritiesadjustmentnetoftax": -8000000,
        "othercomprehensiveincomelossnetoftax": -16000000,
        "comprehensiveincomenetoftaxincludingportionattributabletononcontrollinginterest": -679000000,
        "comprehensiveincomenetoftaxattributabletononcontrollinginterest": -9000000,
        "comprehensiveincomenetoftax": -670000000
    },
    {
        "date": "2023-12-30",
        "symbol": "UBER",
        "period": "Q4",
        "revenues": 9936000000,
        "costofgoodsandserviceexcludingdepreciationdepletionandamortization": 6057000000,
        "operationsandsupportexpense": 702000000,
        "sellingandmarketingexpense": 935000000,
        "researchanddevelopmentexpense": 784000000,
        "generalandadministrativeexpense": 603000000,
        "depreciationdepletionandamortization": 203000000,
        "costsandexpenses": 9284000000,
        "operatingincomeloss": 652000000,
        "interestexpense": 155000000,
        "nonoperatingincomeexpense": 1331000000,
        "incomelossfromcontinuingoperationsbeforeincometaxesminorityinterestandincomelossfromequitymethodinvestments": 1828000000,
        "incometaxexpensebenefit": 133000000,
        "incomelossfromequitymethodinvestments": 5000000,
        "profitloss": 1700000000,
        "netincomeloss": 1429000000,
        "earningspersharebasic": 0.7000000000000001,
        "earningspersharediluted": 0.67,
        "weightedaveragenumberofsharesoutstandingbasic": 2035651000,
        "weightedaveragenumberofdilutedsharesoutstanding": 2091782000,
        "othercomprehensiveincomelossforeigncurrencytransactionandtranslationadjustmentnetoftax": 52000000,
        "othercomprehensiveincomelossnetoftax": 59000000,
        "comprehensiveincomenetoftaxincludingportionattributabletononcontrollinginterest": 1759000000,
        "comprehensiveincomenetoftax": 1488000000
    },
    {
        "date": "2023-09-29",
        "symbol": "UBER",
        "period": "Q3",
        "revenues": 25251000000,
        "costofgoodsandserviceexcludingdepreciationdepletionandamortization": 5626000000,
        "operationsandsupportexpense": 683000000,
        "sellingandmarketingexpense": 941000000,
        "researchanddevelopmentexpense": 797000000,
        "generalandadministrativeexpense": 646000000,
        "depreciationdepletionandamortization": 205000000,
        "costsandexpenses": 8898000000,
        "operatingincomeloss": 394000000,
        "interestexpense": 166000000,
        "nonoperatingincomeexpense": -52000000,
        "incomelossfromcontinuingoperationsbeforeincometaxesminorityinterestandincomelossfromequitymethodinvestments": 176000000,
        "incometaxexpensebenefit": -40000000,
        "incomelossfromequitymethodinvestments": 3000000,
        "profitloss": 219000000,
        "netincomeloss": 221000000,
        "earningspersharebasic": 0.12000000000000001,
        "earningspersharediluted": 0.10000000000000002,
        "weightedaveragenumberofsharesoutstandingbasic": -2009222000,
        "weightedaveragenumberofdilutedsharesoutstanding": -2008136000,
        "othercomprehensiveincomelossforeigncurrencytransactionandtranslationadjustmentnetoftax": -37000000,
        "othercomprehensiveincomelossnetoftax": -37000000,
        "comprehensiveincomenetoftaxincludingportionattributabletononcontrollinginterest": 182000000,
        "comprehensiveincomenetoftax": 184000000
    },
    {
        "date": "2023-06-29",
        "symbol": "UBER",
        "period": "Q2",
        "revenues": 1062000000,
        "costofgoodsandserviceexcludingdepreciationdepletionandamortization": 5515000000,
        "operationsandsupportexpense": 664000000,
        "sellingandmarketingexpense": 1218000000,
        "researchanddevelopmentexpense": 808000000,
        "generalandadministrativeexpense": 491000000,
        "depreciationdepletionandamortization": 208000000,
        "costsandexpenses": 8904000000,
        "operatingincomeloss": 326000000,
        "interestexpense": 144000000,
        "nonoperatingincomeexpense": 273000000,
        "incomelossfromcontinuingoperationsbeforeincometaxesminorityinterestandincomelossfromequitymethodinvestments": 455000000,
        "incometaxexpensebenefit": 65000000,
        "incomelossfromequitymethodinvestments": 4000000,
        "profitloss": 394000000,
        "netincomeloss": 394000000,
        "earningspersharebasic": 0.19,
        "earningspersharediluted": 0.18,
        "weightedaveragenumberofsharesoutstandingbasic": 2026813000,
        "weightedaveragenumberofdilutedsharesoutstanding": 2079265000,
        "othercomprehensiveincomelossforeigncurrencytransactionandtranslationadjustmentnetoftax": 157000000,
        "othercomprehensiveincomelossavailableforsalesecuritiesadjustmentnetoftax": -2000000,
        "othercomprehensiveincomelossnetoftax": 155000000,
        "comprehensiveincomenetoftaxincludingportionattributabletononcontrollinginterest": 549000000,
        "comprehensiveincomenetoftax": 549000000
    },
    {
        "date": "2023-03-30",
        "symbol": "UBER",
        "period": "Q1",
        "revenues": 1032000000,
        "costofgoodsandserviceexcludingdepreciationdepletionandamortization": 5259000000,
        "operationsandsupportexpense": 640000000,
        "sellingandmarketingexpense": 1262000000,
        "researchanddevelopmentexpense": 775000000,
        "generalandadministrativeexpense": 942000000,
        "depreciationdepletionandamortization": 207000000,
        "costsandexpenses": 9085000000,
        "operatingincomeloss": -262000000,
        "interestexpense": 168000000,
        "nonoperatingincomeexpense": 292000000,
        "incomelossfromcontinuingoperationsbeforeincometaxesminorityinterestandincomelossfromequitymethodinvestments": -138000000,
        "incometaxexpensebenefit": 55000000,
        "incomelossfromequitymethodinvestments": 36000000,
        "profitloss": -157000000,
        "netincomeloss": -157000000,
        "earningspersharebasic": -0.08,
        "earningspersharediluted": -0.08,
        "weightedaveragenumberofsharesoutstandingbasic": 2009557000,
        "weightedaveragenumberofdilutedsharesoutstanding": 2009557000,
        "othercomprehensiveincomelossforeigncurrencytransactionandtranslationadjustmentnetoftax": -155000000,
        "othercomprehensiveincomelossnetoftax": -155000000,
        "comprehensiveincomenetoftaxincludingportionattributabletononcontrollinginterest": -312000000,
        "comprehensiveincomenetoftax": -312000000
    },
    {
        "date": "2022-12-30",
        "symbol": "UBER",
        "period": "Q4",
        "revenues": 5295000000,
        "costofgoodsandserviceexcludingdepreciationdepletionandamortization": 1120000000,
        "operationsandsupportexpense": 605000000,
        "sellingandmarketingexpense": 1122000000,
        "researchanddevelopmentexpense": 747000000,
        "generalandadministrativeexpense": 745000000,
        "depreciationdepletionandamortization": 223000000,
        "costsandexpenses": 8749000000,
        "operatingincomeloss": -142000000,
        "interestexpense": 151000000,
        "nonoperatingincomeexpense": 767000000,
        "incomelossfromcontinuingoperationsbeforeincometaxesminorityinterestandincomelossfromequitymethodinvestments": 474000000,
        "incometaxexpensebenefit": -84000000,
        "incomelossfromequitymethodinvestments": 42000000,
        "profitloss": 600000000,
        "netincomelossattributabletononcontrollinginterest": 4000000,
        "netincomeloss": 596000000,
        "earningspersharebasic": 0.32000000000000073,
        "earningspersharediluted": 0.33000000000000007,
        "weightedaveragenumberofsharesoutstandingbasic": -3925461000,
        "weightedaveragenumberofdilutedsharesoutstanding": -3930984000,
        "othercomprehensiveincomelossforeigncurrencytransactionandtranslationadjustmentnetoftax": -33000000,
        "othercomprehensiveincomelossnetoftax": -33000000,
        "comprehensiveincomenetoftaxincludingportionattributabletononcontrollinginterest": 567000000,
        "comprehensiveincomenetoftaxattributabletononcontrollinginterest": 4000000,
        "comprehensiveincomenetoftax": 563000000
    },
    {
        "date": "2022-09-29",
        "symbol": "UBER",
        "period": "Q3",
        "revenues": 947000000,
        "costofgoodsandserviceexcludingdepreciationdepletionandamortization": 1000000000,
        "operationsandsupportexpense": 617000000,
        "sellingandmarketingexpense": 1153000000,
        "researchanddevelopmentexpense": 760000000,
        "generalandadministrativeexpense": 908000000,
        "depreciationdepletionandamortization": 227000000,
        "costsandexpenses": 8838000000,
        "operatingincomeloss": -495000000,
        "interestexpense": 146000000,
        "nonoperatingincomeexpense": -535000000,
        "incomelossfromcontinuingoperationsbeforeincometaxesminorityinterestandincomelossfromequitymethodinvestments": -1176000000,
        "incometaxexpensebenefit": 58000000,
        "incomelossfromequitymethodinvestments": 30000000,
        "profitloss": -1204000000,
        "netincomelossattributabletononcontrollinginterest": 2000000,
        "netincomeloss": -1206000000,
        "earningspersharebasic": -0.61,
        "earningspersharediluted": -0.61,
        "weightedaveragenumberofsharesoutstandingbasic": 1979299000,
        "weightedaveragenumberofdilutedsharesoutstanding": 1979299000,
        "othercomprehensiveincomelossforeigncurrencytransactionandtranslationadjustmentnetoftax": 295000000,
        "othercomprehensiveincomelossnetoftax": 295000000,
        "comprehensiveincomenetoftaxincludingportionattributabletononcontrollinginterest": -909000000,
        "comprehensiveincomenetoftaxattributabletononcontrollinginterest": 2000000,
        "comprehensiveincomenetoftax": -911000000
    },
    {
        "date": "2022-06-29",
        "symbol": "UBER",
        "period": "Q2",
        "revenues": 810000000,
        "costofgoodsandserviceexcludingdepreciationdepletionandamortization": 940000000,
        "operationsandsupportexpense": 617000000,
        "sellingandmarketingexpense": 1218000000,
        "researchanddevelopmentexpense": 704000000,
        "generalandadministrativeexpense": 851000000,
        "depreciationdepletionandamortization": 243000000,
        "costsandexpenses": 8786000000,
        "operatingincomeloss": -713000000,
        "interestexpense": 139000000,
        "nonoperatingincomeexpense": -1704000000,
        "incomelossfromcontinuingoperationsbeforeincometaxesminorityinterestandincomelossfromequitymethodinvestments": -2556000000,
        "incometaxexpensebenefit": 77000000,
        "incomelossfromequitymethodinvestments": 17000000,
        "profitloss": -2616000000,
        "netincomelossattributabletononcontrollinginterest": -15000000,
        "netincomeloss": -2601000000,
        "earningspersharebasic": -1.32,
        "earningspersharediluted": -1.33,
        "weightedaveragenumberofsharesoutstandingbasic": 1964304000,
        "weightedaveragenumberofdilutedsharesoutstanding": 1968882000,
        "othercomprehensiveincomelossforeigncurrencytransactionandtranslationadjustmentnetoftax": -200000000,
        "othercomprehensiveincomelossnetoftax": -200000000,
        "comprehensiveincomenetoftaxincludingportionattributabletononcontrollinginterest": -2816000000,
        "comprehensiveincomenetoftaxattributabletononcontrollinginterest": -15000000,
        "comprehensiveincomenetoftax": -2801000000
    },
    {
        "date": "2022-03-30",
        "symbol": "UBER",
        "period": "Q1",
        "revenues": 2657000000,
        "costofgoodsandserviceexcludingdepreciationdepletionandamortization": 740000000,
        "operationsandsupportexpense": 574000000,
        "sellingandmarketingexpense": 1263000000,
        "researchanddevelopmentexpense": 587000000,
        "generalandadministrativeexpense": 632000000,
        "depreciationdepletionandamortization": 254000000,
        "costsandexpenses": 7336000000,
        "operatingincomeloss": -482000000,
        "interestexpense": 129000000,
        "nonoperatingincomeexpense": -5557000000,
        "incomelossfromcontinuingoperationsbeforeincometaxesminorityinterestandincomelossfromequitymethodinvestments": -6168000000,
        "incometaxexpensebenefit": -232000000,
        "incomelossfromequitymethodinvestments": 18000000,
        "profitloss": -5918000000,
        "netincomelossattributabletononcontrollinginterest": 12000000,
        "netincomeloss": -5930000000,
        "earningspersharebasic": -3.03,
        "earningspersharediluted": -3.04,
        "weightedaveragenumberofsharesoutstandingbasic": 1953989000,
        "weightedaveragenumberofdilutedsharesoutstanding": 1957731000,
        "othercomprehensiveincomelossforeigncurrencytransactionandtranslationadjustmentnetoftax": 19000000,
        "othercomprehensiveincomelossnetoftax": 19000000,
        "comprehensiveincomenetoftaxincludingportionattributabletononcontrollinginterest": -5899000000,
        "comprehensiveincomenetoftaxattributabletononcontrollinginterest": 12000000,
        "comprehensiveincomenetoftax": -5911000000
    },
    {
        "date": "2021-12-30",
        "symbol": "UBER",
        "period": "Q4",
        "revenues": 4525000000,
        "costofgoodsandserviceexcludingdepreciationdepletionandamortization": 883000000,
        "operationsandsupportexpense": 547000000,
        "sellingandmarketingexpense": 1262000000,
        "researchanddevelopmentexpense": 558000000,
        "generalandadministrativeexpense": 611000000,
        "depreciationdepletionandamortization": 246000000,
        "costsandexpenses": 6328000000,
        "operatingincomeloss": -550000000,
        "interestexpense": 130000000,
        "nonoperatingincomeexpense": 1471000000,
        "incomelossfromcontinuingoperationsbeforeincometaxesminorityinterestandincomelossfromequitymethodinvestments": 791000000,
        "incometaxexpensebenefit": -97000000,
        "incomelossfromequitymethodinvestments": -9000000,
        "profitloss": 879000000,
        "netincomelossattributabletononcontrollinginterest": -13000000,
        "netincomeloss": 892000000,
        "earningspersharebasic": 0.47000000000000003,
        "earningspersharediluted": 0.47000000000000003,
        "weightedaveragenumberofsharesoutstandingbasic": -6408000,
        "weightedaveragenumberofdilutedsharesoutstanding": -3435000,
        "othercomprehensiveincomelossforeigncurrencytransactionandtranslationadjustmentnetoftax": -21000000,
        "othercomprehensiveincomelossavailableforsalesecuritiesadjustmentnetoftax": -1671000000,
        "othercomprehensiveincomelossnetoftax": -1692000000,
        "comprehensiveincomenetoftaxincludingportionattributabletononcontrollinginterest": -813000000,
        "comprehensiveincomenetoftaxattributabletononcontrollinginterest": -13000000,
        "comprehensiveincomenetoftax": -800000000
    },
    {
        "date": "2021-09-29",
        "symbol": "UBER",
        "period": "Q3",
        "revenues": 1730000000,
        "costofgoodsandserviceexcludingdepreciationdepletionandamortization": 642000000,
        "operationsandsupportexpense": 475000000,
        "sellingandmarketingexpense": 1168000000,
        "researchanddevelopmentexpense": 493000000,
        "generalandadministrativeexpense": 625000000,
        "depreciationdepletionandamortization": 218000000,
        "costsandexpenses": 5417000000,
        "operatingincomeloss": -572000000,
        "interestexpense": 123000000,
        "nonoperatingincomeexpense": -1832000000,
        "incomelossfromcontinuingoperationsbeforeincometaxesminorityinterestandincomelossfromequitymethodinvestments": -2527000000,
        "incometaxexpensebenefit": -101000000,
        "incomelossfromequitymethodinvestments": -13000000,
        "profitloss": -2439000000,
        "netincomelossattributabletononcontrollinginterest": -15000000,
        "netincomeloss": -2424000000,
        "earningspersharebasic": -1.28,
        "earningspersharediluted": -1.28,
        "weightedaveragenumberofsharesoutstandingbasic": 1898954000,
        "weightedaveragenumberofdilutedsharesoutstanding": 1898954000,
        "othercomprehensiveincomelossforeigncurrencytransactionandtranslationadjustmentnetoftax": 24000000,
        "othercomprehensiveincomelossavailableforsalesecuritiesadjustmentnetoftax": 463000000,
        "othercomprehensiveincomelossnetoftax": 487000000,
        "comprehensiveincomenetoftaxincludingportionattributabletononcontrollinginterest": -1952000000,
        "comprehensiveincomenetoftaxattributabletononcontrollinginterest": -15000000,
        "comprehensiveincomenetoftax": -1937000000
    },
    {
        "date": "2021-06-29",
        "symbol": "UBER",
        "period": "Q2",
        "revenues": 3929000000,
        "costofgoodsandserviceexcludingdepreciationdepletionandamortization": 2099000000,
        "operationsandsupportexpense": 432000000,
        "sellingandmarketingexpense": 1256000000,
        "researchanddevelopmentexpense": 488000000,
        "generalandadministrativeexpense": 616000000,
        "depreciationdepletionandamortization": 226000000,
        "costsandexpenses": 5117000000,
        "operatingincomeloss": -1188000000,
        "interestexpense": 115000000,
        "nonoperatingincomeexpense": 1943000000,
        "incomelossfromcontinuingoperationsbeforeincometaxesminorityinterestandincomelossfromequitymethodinvestments": 640000000,
        "incometaxexpensebenefit": -479000000,
        "incomelossfromequitymethodinvestments": -7000000,
        "profitloss": 1112000000,
        "netincomelossattributabletononcontrollinginterest": -32000000,
        "netincomeloss": 1144000000,
        "earningspersharebasic": 0.61,
        "earningspersharediluted": 0.58,
        "weightedaveragenumberofsharesoutstandingbasic": 1875156000,
        "weightedaveragenumberofdilutedsharesoutstanding": 1955975000,
        "othercomprehensiveincomelossforeigncurrencytransactionandtranslationadjustmentnetoftax": 21000000,
        "othercomprehensiveincomelossavailableforsalesecuritiesadjustmentnetoftax": 6000000,
        "othercomprehensiveincomelossnetoftax": 27000000,
        "comprehensiveincomenetoftaxincludingportionattributabletononcontrollinginterest": 1139000000,
        "comprehensiveincomenetoftaxattributabletononcontrollinginterest": -32000000,
        "comprehensiveincomenetoftax": 1171000000
    },
    {
        "date": "2021-03-30",
        "symbol": "UBER",
        "period": "Q1",
        "revenues": 2903000000,
        "costofgoodsandserviceexcludingdepreciationdepletionandamortization": 1710000000,
        "operationsandsupportexpense": 423000000,
        "sellingandmarketingexpense": 1103000000,
        "researchanddevelopmentexpense": 515000000,
        "generalandadministrativeexpense": 464000000,
        "depreciationdepletionandamortization": 212000000,
        "costsandexpenses": 4427000000,
        "operatingincomeloss": -1524000000,
        "interestexpense": 115000000,
        "nonoperatingincomeexpense": 1710000000,
        "incomelossfromcontinuingoperationsbeforeincometaxesminorityinterestandincomelossfromequitymethodinvestments": 71000000,
        "incometaxexpensebenefit": 185000000,
        "incomelossfromequitymethodinvestments": -8000000,
        "profitloss": -122000000,
        "netincomelossattributabletononcontrollinginterest": -14000000,
        "netincomeloss": -108000000,
        "earningspersharebasic": -0.06,
        "earningspersharediluted": -0.06,
        "weightedaveragenumberofsharesoutstandingbasic": 1858525000,
        "weightedaveragenumberofdilutedsharesoutstanding": 1858525000,
        "othercomprehensiveincomelossforeigncurrencytransactionandtranslationadjustmentnetoftax": 33000000,
        "othercomprehensiveincomelossavailableforsalesecuritiesadjustmentnetoftax": 1156000000,
        "othercomprehensiveincomelossnetoftax": 1189000000,
        "comprehensiveincomenetoftaxincludingportionattributabletononcontrollinginterest": 1067000000,
        "comprehensiveincomenetoftaxattributabletononcontrollinginterest": -14000000,
        "comprehensiveincomenetoftax": 1081000000
    },
    {
        "date": "2020-12-30",
        "symbol": "UBER",
        "period": "Q4",
        "revenues": 2226000000,
        "costofgoodsandserviceexcludingdepreciationdepletionandamortization": 502000000,
        "operationsandsupportexpense": 369000000,
        "sellingandmarketingexpense": 1038000000,
        "researchanddevelopmentexpense": 483000000,
        "generalandadministrativeexpense": 531000000,
        "depreciationdepletionandamortization": 180000000,
        "costsandexpenses": 3103000000,
        "operatingincomeloss": -877000000,
        "interestexpense": 118000000,
        "nonoperatingincomeexpense": 63000000,
        "incomelossfromcontinuingoperationsbeforeincometaxesminorityinterestandincomelossfromequitymethodinvestments": -932000000,
        "incometaxexpensebenefit": 23000000,
        "incomelossfromequitymethodinvestments": -7000000,
        "profitloss": -962000000,
        "netincomelossattributabletononcontrollinginterest": 6000000,
        "netincomeloss": -968000000,
        "earningspersharebasic": -0.5199999999999998,
        "earningspersharediluted": -0.5199999999999998,
        "weightedaveragenumberofsharesoutstandingbasic": -3465333000,
        "weightedaveragenumberofdilutedsharesoutstanding": -3465333000,
        "othercomprehensiveincomelossforeigncurrencytransactionandtranslationadjustmentnetoftax": -82000000,
        "othercomprehensiveincomelossavailableforsalesecuritiesadjustmentnetoftax": -8000000,
        "othercomprehensiveincomelossnetoftax": -90000000,
        "comprehensiveincomenetoftaxincludingportionattributabletononcontrollinginterest": -1052000000,
        "comprehensiveincomenetoftaxattributabletononcontrollinginterest": 6000000,
        "comprehensiveincomenetoftax": -1058000000
    },
    {
        "date": "2020-09-29",
        "symbol": "UBER",
        "period": "Q3",
        "revenues": 3129000000,
        "costofgoodsandserviceexcludingdepreciationdepletionandamortization": 1614000000,
        "operationsandsupportexpense": 365000000,
        "sellingandmarketingexpense": 924000000,
        "researchanddevelopmentexpense": 493000000,
        "generalandadministrativeexpense": 711000000,
        "depreciationdepletionandamortization": 138000000,
        "costsandexpenses": 4245000000,
        "operatingincomeloss": -1116000000,
        "interestexpense": 112000000,
        "nonoperatingincomeexpense": 151000000,
        "incomelossfromcontinuingoperationsbeforeincometaxesminorityinterestandincomelossfromequitymethodinvestments": -1077000000,
        "incometaxexpensebenefit": 23000000,
        "incomelossfromequitymethodinvestments": -8000000,
        "profitloss": -1108000000,
        "netincomelossattributabletononcontrollinginterest": -19000000,
        "netincomeloss": -1089000000,
        "earningspersharebasic": -0.62,
        "earningspersharediluted": -0.62,
        "weightedaveragenumberofsharesoutstandingbasic": 1755029000,
        "weightedaveragenumberofdilutedsharesoutstanding": 1755029000,
        "othercomprehensiveincomelossforeigncurrencytransactionandtranslationadjustmentnetoftax": 137000000,
        "othercomprehensiveincomelossavailableforsalesecuritiesadjustmentnetoftax": 62000000,
        "othercomprehensiveincomelossnetoftax": 199000000,
        "comprehensiveincomenetoftaxincludingportionattributabletononcontrollinginterest": -909000000,
        "comprehensiveincomenetoftaxattributabletononcontrollinginterest": -19000000,
        "comprehensiveincomenetoftax": -890000000
    },
    {
        "date": "2020-06-29",
        "symbol": "UBER",
        "period": "Q2",
        "revenues": 2241000000,
        "costofgoodsandserviceexcludingdepreciationdepletionandamortization": 1252000000,
        "operationsandsupportexpense": 582000000,
        "sellingandmarketingexpense": 736000000,
        "researchanddevelopmentexpense": 584000000,
        "generalandadministrativeexpense": 565000000,
        "depreciationdepletionandamortization": 129000000,
        "costsandexpenses": 3848000000,
        "operatingincomeloss": -1607000000,
        "interestexpense": 110000000,
        "nonoperatingincomeexpense": -44000000,
        "incomelossfromcontinuingoperationsbeforeincometaxesminorityinterestandincomelossfromequitymethodinvestments": -1761000000,
        "incometaxexpensebenefit": 4000000,
        "incomelossfromequitymethodinvestments": -7000000,
        "profitloss": -1772000000,
        "netincomelossattributabletononcontrollinginterest": 3000000,
        "netincomeloss": -1775000000,
        "earningspersharebasic": -1.02,
        "earningspersharediluted": -1.02,
        "weightedaveragenumberofsharesoutstandingbasic": 1738897000,
        "weightedaveragenumberofdilutedsharesoutstanding": 1738897000,
        "othercomprehensiveincomelossforeigncurrencytransactionandtranslationadjustmentnetoftax": -257000000,
        "othercomprehensiveincomelossavailableforsalesecuritiesadjustmentnetoftax": 8000000,
        "othercomprehensiveincomelossnetoftax": -249000000,
        "comprehensiveincomenetoftaxincludingportionattributabletononcontrollinginterest": -2021000000,
        "comprehensiveincomenetoftaxattributabletononcontrollinginterest": 3000000,
        "comprehensiveincomenetoftax": -2024000000
    },
    {
        "date": "2020-03-30",
        "symbol": "UBER",
        "period": "Q1",
        "profitloss": -2946000000,
        "othercomprehensiveincomelossforeigncurrencytransactionandtranslationadjustmentnetoftax": -148000000,
        "othercomprehensiveincomelossavailableforsalesecuritiesadjustmentnetoftax": -60000000,
        "othercomprehensiveincomelossnetoftax": -208000000,
        "comprehensiveincomenetoftaxincludingportionattributabletononcontrollinginterest": -3154000000,
        "comprehensiveincomenetoftaxattributabletononcontrollinginterest": -10000000,
        "comprehensiveincomenetoftax": -3144000000,
        "revenues": 3543000000,
        "costofgoodsandserviceexcludingdepreciationdepletionandamortization": 1786000000,
        "operationsandsupportexpense": 503000000,
        "sellingandmarketingexpense": 885000000,
        "researchanddevelopmentexpense": 645000000,
        "generalandadministrativeexpense": 859000000,
        "depreciationdepletionandamortization": 128000000,
        "costsandexpenses": 4806000000,
        "operatingincomeloss": -1263000000,
        "interestexpense": 118000000,
        "nonoperatingincomeexpense": -1795000000,
        "incomelossfromcontinuingoperationsbeforeincometaxesminorityinterestandincomelossfromequitymethodinvestments": -3176000000,
        "incometaxexpensebenefit": -242000000,
        "incomelossfromequitymethodinvestments": -12000000,
        "netincomelossattributabletononcontrollinginterest": -10000000,
        "netincomeloss": -2936000000,
        "earningspersharebasic": -1.7,
        "earningspersharediluted": -1.7,
        "weightedaveragenumberofsharesoutstandingbasic": 1724367000,
        "weightedaveragenumberofdilutedsharesoutstanding": 1724367000
    },
    {
        "date": "2019-12-30",
        "symbol": "UBER",
        "period": "Q4",
        "profitloss": -1091000000,
        "othercomprehensiveincomelossforeigncurrencytransactionandtranslationadjustmentnetoftax": -6000000,
        "othercomprehensiveincomelossavailableforsalesecuritiesadjustmentnetoftax": 4000000,
        "othercomprehensiveincomelossnetoftax": -2000000,
        "comprehensiveincomenetoftaxincludingportionattributabletononcontrollinginterest": -1093000000,
        "comprehensiveincomenetoftaxattributabletononcontrollinginterest": 5000000,
        "comprehensiveincomenetoftax": -1098000000,
        "revenues": 4069000000,
        "costofgoodsandserviceexcludingdepreciationdepletionandamortization": 1927000000,
        "operationsandsupportexpense": 506000000,
        "sellingandmarketingexpense": 1251000000,
        "researchanddevelopmentexpense": 608000000,
        "generalandadministrativeexpense": 647000000,
        "depreciationdepletionandamortization": 101000000,
        "costsandexpenses": 5040000000,
        "operatingincomeloss": -971000000,
        "interestexpense": 101000000,
        "nonoperatingincomeexpense": 15000000,
        "incomelossfromcontinuingoperationsbeforeincometaxesminorityinterestandincomelossfromequitymethodinvestments": -1057000000,
        "incometaxexpensebenefit": 25000000,
        "incomelossfromequitymethodinvestments": -9000000,
        "netincomeloss": -1096000000,
        "earningspersharebasic": 0.8199999999999998,
        "earningspersharediluted": 0.8499999999999996,
        "weightedaveragenumberofsharesoutstandingbasic": -2016107000,
        "weightedaveragenumberofdilutedsharesoutstanding": -2016183000
    },
    {
        "date": "2019-09-29",
        "symbol": "UBER",
        "period": "Q3",
        "profitloss": -1159000000,
        "othercomprehensiveincomelossforeigncurrencytransactionandtranslationadjustmentnetoftax": -14000000,
        "othercomprehensiveincomelossavailableforsalesecuritiesadjustmentnetoftax": -4000000,
        "othercomprehensiveincomelossnetoftax": -18000000,
        "comprehensiveincomenetoftaxincludingportionattributabletononcontrollinginterest": -1177000000,
        "comprehensiveincomenetoftaxattributabletononcontrollinginterest": 3000000,
        "comprehensiveincomenetoftax": -1180000000,
        "revenues": 3813000000,
        "costofgoodsandserviceexcludingdepreciationdepletionandamortization": 1860000000,
        "operationsandsupportexpense": 498000000,
        "sellingandmarketingexpense": 1113000000,
        "researchanddevelopmentexpense": 755000000,
        "generalandadministrativeexpense": 591000000,
        "depreciationdepletionandamortization": 102000000,
        "costsandexpenses": 4919000000,
        "operatingincomeloss": -1106000000,
        "interestexpense": 90000000,
        "nonoperatingincomeexpense": 49000000,
        "incomelossfromcontinuingoperationsbeforeincometaxesminorityinterestandincomelossfromequitymethodinvestments": -1147000000,
        "incometaxexpensebenefit": 3000000,
        "incomelossfromequitymethodinvestments": -9000000,
        "netincomelossattributabletononcontrollinginterest": 3000000,
        "netincomeloss": -1162000000,
        "earningspersharebasic": -0.68,
        "earningspersharediluted": -0.68,
        "weightedaveragenumberofsharesoutstandingbasic": 1700213000,
        "weightedaveragenumberofdilutedsharesoutstanding": 1700213000
    },
    {
        "date": "2019-06-29",
        "symbol": "UBER",
        "period": "Q2",
        "profitloss": -5246000000,
        "othercomprehensiveincomelossforeigncurrencytransactionandtranslationadjustmentnetoftax": 71000000,
        "othercomprehensiveincomelossavailableforsalesecuritiesadjustmentnetoftax": 8000000,
        "othercomprehensiveincomelossnetoftax": 79000000,
        "comprehensiveincomenetoftaxincludingportionattributabletononcontrollinginterest": -5167000000,
        "comprehensiveincomenetoftaxattributabletononcontrollinginterest": -10000000,
        "comprehensiveincomenetoftax": -5157000000,
        "revenues": 3166000000,
        "costofgoodsandserviceexcludingdepreciationdepletionandamortization": 1740000000,
        "operationsandsupportexpense": 864000000,
        "sellingandmarketingexpense": 1222000000,
        "researchanddevelopmentexpense": 3064000000,
        "generalandadministrativeexpense": 1638000000,
        "depreciationdepletionandamortization": 123000000,
        "costsandexpenses": 8651000000,
        "operatingincomeloss": -5485000000,
        "interestexpense": 151000000,
        "nonoperatingincomeexpense": 398000000,
        "incomelossfromcontinuingoperationsbeforeincometaxesminorityinterestandincomelossfromequitymethodinvestments": -5238000000,
        "incometaxexpensebenefit": -2000000,
        "incomelossfromequitymethodinvestments": -10000000,
        "netincomelossattributabletoredeemablenoncontrollinginterest": -10000000,
        "netincomeloss": -5236000000,
        "earningspersharebasic": -4.72,
        "earningspersharediluted": -4.72,
        "weightedaveragenumberofsharesoutstandingbasic": 1110704000,
        "weightedaveragenumberofdilutedsharesoutstanding": 1110704000
    },
    {
        "date": "2019-03-30",
        "symbol": "UBER",
        "period": "Q1",
        "profitloss": -1016000000,
        "othercomprehensiveincomelossforeigncurrencytransactionandtranslationadjustmentnetoftax": -54000000,
        "othercomprehensiveincomelossavailableforsalesecuritiesadjustmentnetoftax": -4000000,
        "othercomprehensiveincomelossnetoftax": -58000000,
        "comprehensiveincomenetoftaxincludingportionattributabletononcontrollinginterest": -1074000000,
        "comprehensiveincomenetoftaxattributabletononcontrollinginterest": -4000000,
        "comprehensiveincomenetoftax": -1070000000,
        "revenues": 3099000000,
        "costofgoodsandserviceexcludingdepreciationdepletionandamortization": 1681000000,
        "operationsandsupportexpense": 434000000,
        "sellingandmarketingexpense": 1040000000,
        "researchanddevelopmentexpense": 409000000,
        "generalandadministrativeexpense": 423000000,
        "depreciationdepletionandamortization": 146000000,
        "costsandexpenses": 4133000000,
        "operatingincomeloss": -1034000000,
        "interestexpense": 217000000,
        "nonoperatingincomeexpense": 260000000,
        "incomelossfromcontinuingoperationsbeforeincometaxesminorityinterestandincomelossfromequitymethodinvestments": -991000000,
        "incometaxexpensebenefit": 19000000,
        "incomelossfromequitymethodinvestments": -6000000,
        "netincomelossattributabletoredeemablenoncontrollinginterest": -4000000,
        "netincomeloss": -1012000000,
        "earningspersharebasic": -2.23,
        "earningspersharediluted": -2.26,
        "weightedaveragenumberofsharesoutstandingbasic": 453543000,
        "weightedaveragenumberofdilutedsharesoutstanding": 453619000
    }
]