[
    {
        "date": "2024-09-29",
        "symbol": "MCK",
        "period": "Q2",
        "revenuefromcontractwithcustomerexcludingassessedtax": 93651000000,
        "costofgoodsandservicessold": 90403000000,
        "grossprofit": 3248000000,
        "sellinggeneralandadministrativeexpense": 2503000000,
        "gainlossrelatedtolitigationsettlement": 4000000,
        "restructuringcostsandassetimpairmentcharges": 63000000,
        "operatingexpenses": 2670000000,
        "operatingincomeloss": -508000000,
        "othernonoperatingincomeexpense": 34000000,
        "interestexpensenonoperating": 78000000,
        "incomelossincludingportionattributabletononcontrollinginterest": 534000000,
        "incometaxexpensebenefit": 247000000,
        "profitloss": 287000000,
        "netincomelossattributabletononcontrollinginterest": 46000000,
        "netincomeloss": 241000000,
        "earningspersharediluted": 1.87,
        "earningspersharebasic": 1.88,
        "weightedaveragenumberofdilutedsharesoutstanding": 129300000,
        "weightedaveragenumberofsharesoutstandingbasic": 128700000,
        "othercomprehensiveincomelossforeigncurrencytransactionandtranslationadjustmentnetoftax": 34000000,
        "othercomprehensiveincomelosscashflowhedgegainlossafterreclassificationandtax": -9000000,
        "othercomprehensiveincomelosspensionandotherpostretirementbenefitplansadjustmentnetoftax": 2000000,
        "othercomprehensiveincomelossnetoftax": 23000000,
        "comprehensiveincomenetoftaxincludingportionattributabletononcontrollinginterest": 310000000,
        "comprehensiveincomenetoftaxattributabletononcontrollinginterest": 46000000,
        "comprehensiveincomenetoftax": 264000000
    },
    {
        "date": "2024-03-30",
        "symbol": "MCK",
        "period": "Q4",
        "revenuefromcontractwithcustomerexcludingassessedtax": 76355000000,
        "costofgoodsandservicessold": 72770000000,
        "grossprofit": 3585000000,
        "sellinggeneralandadministrativeexpense": 2189000000,
        "operatingexpenses": 2369000000,
        "operatingincomeloss": 1216000000,
        "interestexpense": 80000000,
        "incomelossfromcontinuingoperationsbeforeincometaxesextraordinaryitemsnoncontrollinginterest": 1170000000,
        "incometaxexpensebenefit": 340000000,
        "incomelossfromcontinuingoperationsincludingportionattributabletononcontrollinginterest": 830000000,
        "profitloss": 830000000,
        "netincomelossattributabletononcontrollinginterest": 39000000,
        "netincomeloss": 791000000,
        "incomelossfromcontinuingoperationsperdilutedshare": 6,
        "earningspersharediluted": 6,
        "incomelossfromcontinuingoperationsperbasicshare": 6.049999999999999,
        "earningspersharebasic": 6.049999999999999,
        "weightedaveragenumberofdilutedsharesoutstanding": 134100000,
        "weightedaveragenumberofsharesoutstandingbasic": 133200000,
        "othercomprehensiveincomelossforeigncurrencytransactionandtranslationadjustmentnetoftax": -67000000,
        "othercomprehensiveincomelosscashflowhedgegainlossafterreclassificationandtax": 2000000,
        "othercomprehensiveincomelossnetoftax": -69000000,
        "comprehensiveincomenetoftaxincludingportionattributabletononcontrollinginterest": 761000000,
        "comprehensiveincomenetoftaxattributabletononcontrollinginterest": 39000000,
        "comprehensiveincomenetoftax": 722000000
    },
    {
        "date": "2023-12-30",
        "symbol": "MCK",
        "period": "Q3",
        "revenuefromcontractwithcustomerexcludingassessedtax": 80898000000,
        "costofgoodsandservicessold": 77746000000,
        "grossprofit": 3152000000,
        "sellinggeneralandadministrativeexpense": 2506000000,
        "operatingexpenses": 2510000000,
        "operatingincomeloss": 642000000,
        "othernonoperatingincomeexpense": 34000000,
        "interestexpense": 64000000,
        "incomelossfromcontinuingoperationsbeforeincometaxesextraordinaryitemsnoncontrollinginterest": 612000000,
        "incometaxexpensebenefit": -18000000,
        "incomelossfromcontinuingoperationsincludingportionattributabletononcontrollinginterest": 630000000,
        "profitloss": 630000000,
        "netincomelossattributabletononcontrollinginterest": 41000000,
        "netincomeloss": 589000000,
        "incomelossfromcontinuingoperationsperdilutedshare": 4.440000000000001,
        "earningspersharediluted": 4.440000000000001,
        "incomelossfromcontinuingoperationsperbasicshare": 4.459999999999999,
        "earningspersharebasic": 4.459999999999999,
        "weightedaveragenumberofdilutedsharesoutstanding": 134900000,
        "weightedaveragenumberofsharesoutstandingbasic": 134000000,
        "othercomprehensiveincomelossforeigncurrencytransactionandtranslationadjustmentnetoftax": 72000000,
        "othercomprehensiveincomelosscashflowhedgegainlossafterreclassificationandtax": 5000000,
        "othercomprehensiveincomelossnetoftax": 75000000,
        "comprehensiveincomenetoftaxincludingportionattributabletononcontrollinginterest": 705000000,
        "comprehensiveincomenetoftaxattributabletononcontrollinginterest": 41000000,
        "comprehensiveincomenetoftax": 664000000
    },
    {
        "date": "2023-09-29",
        "symbol": "MCK",
        "period": "Q2",
        "revenuefromcontractwithcustomerexcludingassessedtax": 148230000000,
        "costofgoodsandservicessold": 74146000000,
        "grossprofit": 3069000000,
        "sellinggeneralandadministrativeexpense": 2092000000,
        "operatingexpenses": 2118000000,
        "operatingincomeloss": 709000000,
        "othernonoperatingincomeexpense": 26000000,
        "interestexpense": 61000000,
        "incomelossfromcontinuingoperationsbeforeincometaxesextraordinaryitemsnoncontrollinginterest": 916000000,
        "incometaxexpensebenefit": 213000000,
        "incomelossfromcontinuingoperationsincludingportionattributabletononcontrollinginterest": 703000000,
        "profitloss": 703000000,
        "netincomelossattributabletononcontrollinginterest": 39000000,
        "netincomeloss": 664000000,
        "incomelossfromcontinuingoperationsperdilutedshare": 4.93,
        "earningspersharediluted": 4.93,
        "incomelossfromcontinuingoperationsperbasicshare": 4.959999999999999,
        "earningspersharebasic": 4.959999999999999,
        "weightedaveragenumberofdilutedsharesoutstanding": -900000,
        "weightedaveragenumberofsharesoutstandingbasic": -700000,
        "othercomprehensiveincomelossforeigncurrencytransactionandtranslationadjustmentnetoftax": -64000000,
        "othercomprehensiveincomelosscashflowhedgegainlossafterreclassificationandtax": 25000000,
        "othercomprehensiveincomelosspensionandotherpostretirementbenefitplansadjustmentnetoftax": 0,
        "othercomprehensiveincomelossnetoftax": -39000000,
        "comprehensiveincomenetoftaxincludingportionattributabletononcontrollinginterest": 664000000,
        "comprehensiveincomenetoftaxattributabletononcontrollinginterest": 39000000,
        "comprehensiveincomenetoftax": 625000000
    },
    {
        "date": "2023-06-29",
        "symbol": "MCK",
        "period": "Q1",
        "revenuefromcontractwithcustomerexcludingassessedtax": 3468000000,
        "costofgoodsandservicessold": 71461000000,
        "grossprofit": 3022000000,
        "sellinggeneralandadministrativeexpense": 1870000000,
        "restructuringimpairmentandotherrelatedcharges": 52000000,
        "operatingexpenses": 1922000000,
        "operatingincomeloss": 1342000000,
        "othernonoperatingincomeexpense": 38000000,
        "interestexpense": 47000000,
        "incomelossfromcontinuingoperationsbeforeincometaxesextraordinaryitemsnoncontrollinginterest": 1091000000,
        "incometaxexpensebenefit": 94000000,
        "incomelossfromcontinuingoperationsincludingportionattributabletononcontrollinginterest": 997000000,
        "profitloss": 997000000,
        "netincomelossattributabletononcontrollinginterest": 39000000,
        "netincomeloss": 958000000,
        "incomelossfromcontinuingoperationsperdilutedshare": 7.02,
        "earningspersharediluted": 7.02,
        "incomelossfromcontinuingoperationsperbasicshare": 7.07,
        "earningspersharebasic": 7.07,
        "weightedaveragenumberofdilutedsharesoutstanding": 136600000,
        "weightedaveragenumberofsharesoutstandingbasic": 135500000,
        "othercomprehensiveincomelossforeigncurrencytransactionandtranslationadjustmentnetoftax": 52000000,
        "othercomprehensiveincomelosscashflowhedgegainlossafterreclassificationandtax": 7000000,
        "othercomprehensiveincomelosspensionandotherpostretirementbenefitplansadjustmentnetoftax": 2000000,
        "othercomprehensiveincomelossnetoftax": 57000000,
        "comprehensiveincomenetoftaxincludingportionattributabletononcontrollinginterest": 1054000000,
        "comprehensiveincomenetoftaxattributabletononcontrollinginterest": 39000000,
        "comprehensiveincomenetoftax": 1015000000
    },
    {
        "date": "2023-03-30",
        "symbol": "MCK",
        "period": "Q4",
        "revenuefromcontractwithcustomerexcludingassessedtax": 3363000000,
        "costofgoodsandservicessold": 65844000000,
        "grossprofit": 3066000000,
        "sellinggeneralandadministrativeexpense": -4612000000,
        "gainlossrelatedtolitigationsettlement": 3000000,
        "operatingexpenses": 2086000000,
        "operatingincomeloss": 563000000,
        "interestexpense": 79000000,
        "incomelossfromcontinuingoperationsbeforeincometaxesextraordinaryitemsnoncontrollinginterest": 932000000,
        "incometaxexpensebenefit": 106000000,
        "incomelossfromcontinuingoperationsincludingportionattributabletononcontrollinginterest": 826000000,
        "incomelossfromdiscontinuedoperationsnetoftax": 0,
        "profitloss": 826000000,
        "netincomelossattributabletononcontrollinginterest": 39000000,
        "netincomeloss": 787000000,
        "incomelossfromcontinuingoperationsperdilutedshare": 5.689999999999998,
        "incomelossfromdiscontinuedoperationsnetoftaxperdilutedshare": 1.734723475976807e-18,
        "earningspersharediluted": 5.690000000000001,
        "incomelossfromcontinuingoperationsperbasicshare": 5.730000000000001,
        "incomelossfromdiscontinuedoperationsnetoftaxperbasicshare": 1.734723475976807e-18,
        "earningspersharebasic": 5.73,
        "weightedaveragenumberofdilutedsharesoutstanding": -288800000,
        "weightedaveragenumberofsharesoutstandingbasic": -286100000,
        "othercomprehensiveincomelossforeigncurrencytransactionandtranslationadjustmentnetoftax": 32000000,
        "othercomprehensiveincomelosscashflowhedgegainlossafterreclassificationandtax": -34000000,
        "othercomprehensiveincomelosspensionandotherpostretirementbenefitplansadjustmentnetoftax": 4000000,
        "othercomprehensiveincomelossnetoftax": -6000000,
        "comprehensiveincomenetoftaxincludingportionattributabletononcontrollinginterest": 820000000,
        "comprehensiveincomenetoftaxattributabletononcontrollinginterest": 39000000,
        "comprehensiveincomenetoftax": 781000000
    },
    {
        "date": "2022-12-30",
        "symbol": "MCK",
        "period": "Q3",
        "revenuefromcontractwithcustomerexcludingassessedtax": 70490000000,
        "costofgoodsandservicessold": 67316000000,
        "grossprofit": 3174000000,
        "sellinggeneralandadministrativeexpense": 1903000000,
        "gainlossrelatedtolitigationsettlement": 1000000,
        "restructuringsettlementandimpairmentprovisions": 31000000,
        "operatingexpenses": 1933000000,
        "operatingincomeloss": 1241000000,
        "othernonoperatingincomeexpense": 276000000,
        "interestexpense": 69000000,
        "incomelossfromcontinuingoperationsbeforeincometaxesextraordinaryitemsnoncontrollinginterest": 1448000000,
        "incometaxexpensebenefit": 329000000,
        "incomelossfromcontinuingoperationsincludingportionattributabletononcontrollinginterest": 1119000000,
        "incomelossfromdiscontinuedoperationsnetoftax": 1000000,
        "profitloss": 1120000000,
        "netincomelossattributabletononcontrollinginterest": 41000000,
        "netincomeloss": 1079000000,
        "incomelossfromcontinuingoperationsperdilutedshare": 7.65,
        "incomelossfromdiscontinuedoperationsnetoftaxperdilutedshare": 0.01,
        "earningspersharediluted": 7.66,
        "incomelossfromcontinuingoperationsperbasicshare": 7.7,
        "incomelossfromdiscontinuedoperationsnetoftaxperbasicshare": 0.01,
        "earningspersharebasic": 7.71,
        "weightedaveragenumberofdilutedsharesoutstanding": 141000000,
        "weightedaveragenumberofsharesoutstandingbasic": 139900000,
        "othercomprehensiveincomelossforeigncurrencytransactionandtranslationadjustmentnetoftax": 252000000,
        "othercomprehensiveincomelosscashflowhedgegainlossafterreclassificationandtax": -65000000,
        "othercomprehensiveincomelosspensionandotherpostretirementbenefitplansadjustmentnetoftax": -28000000,
        "othercomprehensiveincomelossnetoftax": 215000000,
        "comprehensiveincomenetoftaxincludingportionattributabletononcontrollinginterest": 1335000000,
        "comprehensiveincomenetoftaxattributabletononcontrollinginterest": 41000000,
        "comprehensiveincomenetoftax": 1294000000
    },
    {
        "date": "2022-09-29",
        "symbol": "MCK",
        "period": "Q2",
        "revenuefromcontractwithcustomerexcludingassessedtax": 70157000000,
        "costofgoodsandservicessold": 67062000000,
        "grossprofit": 3095000000,
        "sellinggeneralandadministrativeexpense": 1950000000,
        "gainlossrelatedtolitigationsettlement": 9000000,
        "restructuringsettlementandimpairmentprovisions": 30000000,
        "operatingexpenses": 1971000000,
        "operatingincomeloss": 1124000000,
        "othernonoperatingincomeexpense": 175000000,
        "interestexpense": 55000000,
        "incomelossfromcontinuingoperationsbeforeincometaxesextraordinaryitemsnoncontrollinginterest": 1244000000,
        "incometaxexpensebenefit": 271000000,
        "incomelossfromcontinuingoperationsincludingportionattributabletononcontrollinginterest": 973000000,
        "incomelossfromdiscontinuedoperationsnetoftax": -6000000,
        "profitloss": 967000000,
        "netincomelossattributabletononcontrollinginterest": 41000000,
        "netincomeloss": 926000000,
        "incomelossfromcontinuingoperationsperdilutedshare": 6.46,
        "incomelossfromdiscontinuedoperationsnetoftaxperdilutedshare": -0.04,
        "earningspersharediluted": 6.42,
        "incomelossfromcontinuingoperationsperbasicshare": 6.51,
        "incomelossfromdiscontinuedoperationsnetoftaxperbasicshare": -0.04,
        "earningspersharebasic": 6.47,
        "weightedaveragenumberofdilutedsharesoutstanding": 144100000,
        "weightedaveragenumberofsharesoutstandingbasic": 143100000,
        "othercomprehensiveincomelossforeigncurrencytransactionandtranslationadjustmentnetoftax": -192000000,
        "othercomprehensiveincomelosscashflowhedgegainlossafterreclassificationandtax": 18000000,
        "othercomprehensiveincomelosspensionandotherpostretirementbenefitplansadjustmentnetoftax": -2000000,
        "othercomprehensiveincomelossnetoftax": -172000000,
        "comprehensiveincomenetoftaxincludingportionattributabletononcontrollinginterest": 795000000,
        "comprehensiveincomenetoftaxattributabletononcontrollinginterest": 35000000,
        "comprehensiveincomenetoftax": 760000000
    },
    {
        "date": "2022-06-29",
        "symbol": "MCK",
        "period": "Q1",
        "revenuefromcontractwithcustomerexcludingassessedtax": 6549000000,
        "costofgoodsandservicessold": 64131000000,
        "grossprofit": 3023000000,
        "sellinggeneralandadministrativeexpense": 1959000000,
        "gainlossrelatedtolitigationsettlement": -5000000,
        "restructuringsettlementandimpairmentprovisions": 23000000,
        "operatingexpenses": 1987000000,
        "operatingincomeloss": 1090000000,
        "othernonoperatingincomeexpense": 15000000,
        "interestexpense": 45000000,
        "incomelossfromcontinuingoperationsbeforeincometaxesextraordinaryitemsnoncontrollinginterest": 1006000000,
        "incometaxexpensebenefit": 199000000,
        "incomelossfromcontinuingoperationsincludingportionattributabletononcontrollinginterest": 807000000,
        "incomelossfromdiscontinuedoperationsnetoftax": 2000000,
        "profitloss": 809000000,
        "netincomelossattributabletononcontrollinginterest": 41000000,
        "netincomeloss": 768000000,
        "incomelossfromcontinuingoperationsperdilutedshare": 5.25,
        "incomelossfromdiscontinuedoperationsnetoftaxperdilutedshare": 0.01,
        "earningspersharediluted": 5.26,
        "incomelossfromcontinuingoperationsperbasicshare": 5.31,
        "incomelossfromdiscontinuedoperationsnetoftaxperbasicshare": 0.01,
        "earningspersharebasic": 5.32,
        "weightedaveragenumberofdilutedsharesoutstanding": 145900000,
        "weightedaveragenumberofsharesoutstandingbasic": 144200000,
        "othercomprehensiveincomelossforeigncurrencytransactionandtranslationadjustmentnetoftax": 582000000,
        "othercomprehensiveincomelosscashflowhedgegainlossafterreclassificationandtax": 18000000,
        "othercomprehensiveincomelosspensionandotherpostretirementbenefitplansadjustmentnetoftax": -36000000,
        "othercomprehensiveincomelossnetoftax": 636000000,
        "comprehensiveincomenetoftaxincludingportionattributabletononcontrollinginterest": 1445000000,
        "comprehensiveincomenetoftaxattributabletononcontrollinginterest": 91000000,
        "comprehensiveincomenetoftax": 1354000000
    },
    {
        "date": "2022-03-30",
        "symbol": "MCK",
        "period": "Q4",
        "revenuefromcontractwithcustomerexcludingassessedtax": 8530000000,
        "costofgoodsandservicessold": 62784000000,
        "grossprofit": 3318000000,
        "sellinggeneralandadministrativeexpense": -6906000000,
        "gainlossrelatedtolitigationsettlement": -81000000,
        "restructuringimpairmentandotherrelatedcharges": 73000000,
        "operatingexpenses": 2685000000,
        "operatingincomeloss": -427000000,
        "incomelossfromcontinuingoperationsbeforeincometaxesextraordinaryitemsnoncontrollinginterest": 647000000,
        "incometaxexpensebenefit": 240000000,
        "incomelossfromcontinuingoperationsincludingportionattributabletononcontrollinginterest": 407000000,
        "profitloss": 405000000,
        "netincomelossattributabletononcontrollinginterest": 37000000,
        "netincomeloss": 368000000,
        "incomelossfromcontinuingoperationsperdilutedshare": 2.45,
        "earningspersharediluted": 2.44,
        "weightedaveragenumberofdilutedsharesoutstanding": -1700000,
        "weightedaveragenumberofsharesoutstandingbasic": -1700000,
        "othercomprehensiveincomelossforeigncurrencytransactionandtranslationadjustmentnetoftax": 68000000,
        "othercomprehensiveincomelosspensionandotherpostretirementbenefitplansadjustmentnetoftax": -39000000,
        "othercomprehensiveincomelossnetoftax": 119000000,
        "comprehensiveincomenetoftaxincludingportionattributabletononcontrollinginterest": 524000000,
        "comprehensiveincomenetoftaxattributabletononcontrollinginterest": 35000000,
        "comprehensiveincomenetoftax": 489000000
    },
    {
        "date": "2021-12-30",
        "symbol": "MCK",
        "period": "Q3",
        "revenuefromcontractwithcustomerexcludingassessedtax": 9460000000,
        "costofgoodsandservicessold": 65186000000,
        "grossprofit": 3428000000,
        "sellinggeneralandadministrativeexpense": 3105000000,
        "gainlossrelatedtolitigationsettlement": -7000000,
        "restructuringimpairmentandotherrelatedcharges": 18000000,
        "operatingexpenses": 3130000000,
        "operatingincomeloss": 513000000,
        "othernonoperatingincomeexpense": 20000000,
        "incomelossfromcontinuingoperationsbeforeincometaxesextraordinaryitemsnoncontrollinginterest": 277000000,
        "incometaxexpensebenefit": 238000000,
        "incomelossfromcontinuingoperationsincludingportionattributabletononcontrollinginterest": 39000000,
        "profitloss": 39000000,
        "netincomelossattributabletononcontrollinginterest": 46000000,
        "netincomeloss": -7000000,
        "incomelossfromcontinuingoperationsperdilutedshare": -0.010000000000000675,
        "earningspersharediluted": -0.009999999999999787,
        "incomelossfromcontinuingoperationsperbasicshare": 0,
        "earningspersharebasic": 0,
        "weightedaveragenumberofdilutedsharesoutstanding": -1100000,
        "weightedaveragenumberofsharesoutstandingbasic": -1100000,
        "othercomprehensiveincomelossforeigncurrencytransactionandtranslationadjustmentnetoftax": 16000000,
        "othercomprehensiveincomelosspensionandotherpostretirementbenefitplansadjustmentnetoftax": 2000000,
        "othercomprehensiveincomelossnetoftax": -8000000,
        "comprehensiveincomenetoftaxincludingportionattributabletononcontrollinginterest": 47000000,
        "comprehensiveincomenetoftaxattributabletononcontrollinginterest": 44000000,
        "comprehensiveincomenetoftax": 3000000
    },
    {
        "date": "2021-09-29",
        "symbol": "MCK",
        "period": "Q2",
        "revenuefromcontractwithcustomerexcludingassessedtax": 9109000000,
        "costofgoodsandservicessold": 63224000000,
        "grossprofit": 3352000000,
        "sellinggeneralandadministrativeexpense": 2669000000,
        "gainlossrelatedtolitigationsettlement": -112000000,
        "restructuringimpairmentandotherrelatedcharges": 32000000,
        "operatingexpenses": 2813000000,
        "operatingincomeloss": 1038000000,
        "othernonoperatingincomeexpense": 139000000,
        "incomelossfromcontinuingoperationsbeforeincometaxesextraordinaryitemsnoncontrollinginterest": 442000000,
        "incometaxexpensebenefit": 132000000,
        "incomelossfromcontinuingoperationsincludingportionattributabletononcontrollinginterest": 310000000,
        "incomelossfromdiscontinuedoperationsnetoftax": 0,
        "profitloss": 310000000,
        "netincomelossattributabletononcontrollinginterest": 43000000,
        "netincomeloss": 267000000,
        "incomelossfromcontinuingoperationsperdilutedshare": 1.7300000000000004,
        "incomelossfromdiscontinuedoperationsnetoftaxperdilutedshare": 0,
        "earningspersharediluted": 1.73,
        "incomelossfromcontinuingoperationsperbasicshare": 1.7400000000000002,
        "incomelossfromdiscontinuedoperationsnetoftaxperbasicshare": 0,
        "earningspersharebasic": 1.7399999999999998,
        "weightedaveragenumberofdilutedsharesoutstanding": -1200000,
        "weightedaveragenumberofsharesoutstandingbasic": -1100000,
        "othercomprehensiveincomelossforeigncurrencytransactionandtranslationadjustmentnetoftax": -48000000,
        "othercomprehensiveincomelosspensionandotherpostretirementbenefitplansadjustmentnetoftax": -2000000,
        "othercomprehensiveincomelossnetoftax": 2000000,
        "comprehensiveincomenetoftaxincludingportionattributabletononcontrollinginterest": 272000000,
        "comprehensiveincomenetoftaxattributabletononcontrollinginterest": 43000000,
        "comprehensiveincomenetoftax": 229000000
    },
    {
        "date": "2021-06-29",
        "symbol": "MCK",
        "period": "Q1",
        "revenuefromcontractwithcustomerexcludingassessedtax": 62674000000,
        "costofgoodsandservicessold": 59642000000,
        "grossprofit": 3032000000,
        "sellinggeneralandadministrativeexpense": 2232000000,
        "gainlossrelatedtolitigationsettlement": -74000000,
        "restructuringimpairmentandotherrelatedcharges": 158000000,
        "operatingexpenses": 2464000000,
        "operatingincomeloss": 568000000,
        "othernonoperatingincomeexpense": 43000000,
        "interestanddebtexpense": 49000000,
        "incomelossfromcontinuingoperationsbeforeincometaxesextraordinaryitemsnoncontrollinginterest": 562000000,
        "incometaxexpensebenefit": 26000000,
        "incomelossfromcontinuingoperationsincludingportionattributabletononcontrollinginterest": 536000000,
        "incomelossfromdiscontinuedoperationsnetoftax": -3000000,
        "profitloss": 533000000,
        "netincomelossattributabletononcontrollinginterest": 47000000,
        "netincomeloss": 486000000,
        "incomelossfromcontinuingoperationsperdilutedshare": 3.09,
        "incomelossfromdiscontinuedoperationsnetoftaxperdilutedshare": -0.02,
        "earningspersharediluted": 3.07,
        "incomelossfromcontinuingoperationsperbasicshare": 3.13,
        "incomelossfromdiscontinuedoperationsnetoftaxperbasicshare": -0.02,
        "earningspersharebasic": 3.11,
        "weightedaveragenumberofdilutedsharesoutstanding": 158100000,
        "weightedaveragenumberofsharesoutstandingbasic": 156200000,
        "othercomprehensiveincomelossforeigncurrencytransactionandtranslationadjustmentnetoftax": 24000000,
        "othercomprehensiveincomelosspensionandotherpostretirementbenefitplansadjustmentnetoftax": -2000000,
        "othercomprehensiveincomelossnetoftax": 26000000,
        "comprehensiveincomenetoftaxincludingportionattributabletononcontrollinginterest": 559000000,
        "comprehensiveincomenetoftaxattributabletononcontrollinginterest": 50000000,
        "comprehensiveincomenetoftax": 509000000
    },
    {
        "date": "2021-03-30",
        "symbol": "MCK",
        "period": "Q4",
        "revenuefromcontractwithcustomerexcludingassessedtax": 59142000000,
        "costofgoodsandservicessold": 55845000000,
        "grossprofit": 3297000000,
        "operatingexpenses": 2287000000,
        "operatingincomeloss": 1010000000,
        "incomelossfromcontinuingoperationsbeforeincometaxesextraordinaryitemsnoncontrollinginterest": 1029000000,
        "incometaxexpensebenefit": 316000000,
        "incomelossfromcontinuingoperationsincludingportionattributabletononcontrollinginterest": 713000000,
        "profitloss": 713000000,
        "netincomelossattributabletononcontrollinginterest": 47000000,
        "netincomeloss": 666000000,
        "incomelossfromcontinuingoperationsperdilutedshare": 4.019999999999998,
        "earningspersharediluted": 4.029999999999996,
        "incomelossfromcontinuingoperationsperbasicshare": 4.020000000000002,
        "earningspersharebasic": 4.030000000000002,
        "othercomprehensiveincomelossforeigncurrencytransactionandtranslationadjustmentnetoftax": 3000000,
        "othercomprehensiveincomelosscashflowhedgegainlossafterreclassificationandtax": 0,
        "othercomprehensiveincomelosspensionandotherpostretirementbenefitplansadjustmentnetoftax": -6000000,
        "othercomprehensiveincomelossnetoftax": 9000000,
        "comprehensiveincomenetoftaxincludingportionattributabletononcontrollinginterest": 722000000,
        "comprehensiveincomenetoftaxattributabletononcontrollinginterest": 33000000,
        "comprehensiveincomenetoftax": 689000000
    },
    {
        "date": "2020-12-30",
        "symbol": "MCK",
        "period": "Q3",
        "revenuefromcontractwithcustomerexcludingassessedtax": 62599000000,
        "costofgoodsandservicessold": 59448000000,
        "grossprofit": 3151000000,
        "operatingcostsandexpenses": 2422000000,
        "restructuringimpairmentandotherrelatedcharges": 155000000,
        "operatingexpenses": 10513000000,
        "operatingincomeloss": -7362000000,
        "othernonoperatingincomeexpense": 54000000,
        "interestanddebtexpense": 55000000,
        "incomelossfromcontinuingoperationsbeforeincometaxesextraordinaryitemsnoncontrollinginterest": -7363000000,
        "incometaxexpensebenefit": -1189000000,
        "incomelossfromcontinuingoperationsincludingportionattributabletononcontrollinginterest": -6174000000,
        "profitloss": -6174000000,
        "netincomelossattributabletononcontrollinginterest": 52000000,
        "netincomeloss": -6226000000,
        "incomelossfromcontinuingoperationsperdilutedshare": -38.54,
        "earningspersharediluted": -38.55,
        "incomelossfromcontinuingoperationsperbasicshare": -38.59,
        "earningspersharebasic": -38.59,
        "othercomprehensiveincomelossforeigncurrencytransactionandtranslationadjustmentnetoftax": 107000000,
        "othercomprehensiveincomelosscashflowhedgegainlossafterreclassificationandtax": -12000000,
        "othercomprehensiveincomelosspensionandotherpostretirementbenefitplansadjustmentnetoftax": -24000000,
        "othercomprehensiveincomelossnetoftax": 119000000,
        "comprehensiveincomenetoftaxincludingportionattributabletononcontrollinginterest": -6055000000,
        "comprehensiveincomenetoftaxattributabletononcontrollinginterest": 77000000,
        "comprehensiveincomenetoftax": -6132000000
    },
    {
        "date": "2020-09-29",
        "symbol": "MCK",
        "period": "Q2",
        "revenuefromcontractwithcustomerexcludingassessedtax": 60808000000,
        "costofgoodsandservicessold": 57808000000,
        "grossprofit": 3000000000,
        "operatingcostsandexpenses": 2237000000,
        "restructuringimpairmentandotherrelatedcharges": 60000000,
        "operatingexpenses": 2366000000,
        "operatingincomeloss": 634000000,
        "othernonoperatingincomeexpense": 71000000,
        "interestanddebtexpense": 50000000,
        "incomelossfromcontinuingoperationsbeforeincometaxesextraordinaryitemsnoncontrollinginterest": 655000000,
        "incometaxexpensebenefit": 28000000,
        "incomelossfromcontinuingoperationsincludingportionattributabletononcontrollinginterest": 627000000,
        "incomelossfromdiscontinuedoperationsnetoftax": 0,
        "profitloss": 627000000,
        "netincomelossattributabletononcontrollinginterest": 50000000,
        "netincomeloss": 577000000,
        "incomelossfromcontinuingoperationsperdilutedshare": 3.5399999999999996,
        "earningspersharediluted": 3.5399999999999996,
        "incomelossfromcontinuingoperationsperbasicshare": 3.5699999999999994,
        "earningspersharebasic": 3.5599999999999996,
        "weightedaveragenumberofdilutedsharesoutstanding": 0,
        "weightedaveragenumberofsharesoutstandingbasic": 0,
        "othercomprehensiveincomelossforeigncurrencytransactionandtranslationadjustmentnetoftax": 41000000,
        "othercomprehensiveincomelosscashflowhedgegainlossafterreclassificationandtax": -19000000,
        "othercomprehensiveincomelosspensionandotherpostretirementbenefitplansadjustmentnetoftax": 9000000,
        "othercomprehensiveincomelossnetoftax": 13000000,
        "comprehensiveincomenetoftaxincludingportionattributabletononcontrollinginterest": 640000000,
        "comprehensiveincomenetoftaxattributabletononcontrollinginterest": -75000000,
        "comprehensiveincomenetoftax": 715000000
    },
    {
        "date": "2020-06-29",
        "symbol": "MCK",
        "period": "Q1",
        "revenuefromcontractwithcustomerexcludingassessedtax": 55679000000,
        "costofgoodsandservicessold": 52979000000,
        "grossprofit": 2700000000,
        "operatingcostsandexpenses": 1966000000,
        "restructuringimpairmentandotherrelatedcharges": 56000000,
        "operatingexpenses": 2022000000,
        "operatingincomeloss": 678000000,
        "othernonoperatingincomeexpense": 27000000,
        "interestanddebtexpense": 60000000,
        "incomelossfromcontinuingoperationsbeforeincometaxesextraordinaryitemsnoncontrollinginterest": 645000000,
        "incometaxexpensebenefit": 150000000,
        "incomelossfromcontinuingoperationsincludingportionattributabletononcontrollinginterest": 495000000,
        "incomelossfromdiscontinuedoperationsnetoftax": -1000000,
        "profitloss": 494000000,
        "netincomelossattributabletononcontrollinginterest": 50000000,
        "netincomeloss": 444000000,
        "incomelossfromcontinuingoperationsperdilutedshare": 2.72,
        "earningspersharediluted": 2.72,
        "incomelossfromcontinuingoperationsperbasicshare": 2.74,
        "earningspersharebasic": 2.74,
        "weightedaveragenumberofdilutedsharesoutstanding": 163000000,
        "weightedaveragenumberofsharesoutstandingbasic": 162000000,
        "othercomprehensiveincomelossforeigncurrencytransactionandtranslationadjustmentnetoftax": 33000000,
        "othercomprehensiveincomelosscashflowhedgegainlossafterreclassificationandtax": -5000000,
        "othercomprehensiveincomelosspensionandotherpostretirementbenefitplansadjustmentnetoftax": -1000000,
        "othercomprehensiveincomelossnetoftax": 29000000,
        "comprehensiveincomenetoftaxincludingportionattributabletononcontrollinginterest": 523000000,
        "comprehensiveincomenetoftaxattributabletononcontrollinginterest": 111000000,
        "comprehensiveincomenetoftax": 412000000
    },
    {
        "date": "2020-03-30",
        "symbol": "MCK",
        "period": "Q4",
        "profitloss": 1078000000,
        "othercomprehensiveincomelossforeigncurrencytransactionandtranslationadjustmentnetoftax": -121000000,
        "othercomprehensiveincomelosscashflowhedgegainlossafterreclassificationandtax": 53000000,
        "othercomprehensiveincomelossnetoftax": -91000000,
        "comprehensiveincomenetoftaxincludingportionattributabletononcontrollinginterest": 1043000000,
        "comprehensiveincomenetoftaxattributabletononcontrollinginterest": 62000000,
        "comprehensiveincomenetoftax": 981000000,
        "revenuefromcontractwithcustomerexcludingassessedtax": 12214000000,
        "costofgoodsandservicessold": 55199000000,
        "grossprofit": 3336000000,
        "operatingexpenses": 2467000000,
        "operatingincomeloss": 1085000000,
        "incomelossfromcontinuingoperationsbeforeincometaxesextraordinaryitemsnoncontrollinginterest": 1201000000,
        "incometaxexpensebenefit": 129000000,
        "incomelossfromcontinuingoperationsincludingportionattributabletononcontrollinginterest": 1072000000,
        "incomelossfromdiscontinuedoperationsnetoftax": 6000000,
        "netincomelossattributabletononcontrollinginterest": 46000000,
        "netincomeloss": 1021000000,
        "incomelossfromcontinuingoperationsperdilutedshare": 5.59,
        "earningspersharediluted": 5.61,
        "incomelossfromcontinuingoperationsperbasicshare": 5.609999999999999,
        "earningspersharebasic": 5.640000000000001,
        "weightedaveragenumberofdilutedsharesoutstanding": -1000000,
        "weightedaveragenumberofsharesoutstandingbasic": -2000000
    },
    {
        "date": "2019-12-30",
        "symbol": "MCK",
        "period": "Q3",
        "profitloss": 242000000,
        "othercomprehensiveincomelossforeigncurrencytransactionandtranslationadjustmentnetoftax": 43000000,
        "othercomprehensiveincomelosscashflowhedgegainlossafterreclassificationandtax": 8000000,
        "othercomprehensiveincomelosspensionandotherpostretirementbenefitplansadjustmentnetoftax": 0,
        "othercomprehensiveincomelossnetoftax": 51000000,
        "comprehensiveincomenetoftaxincludingportionattributabletononcontrollinginterest": 293000000,
        "comprehensiveincomenetoftaxattributabletononcontrollinginterest": 66000000,
        "comprehensiveincomenetoftax": 227000000,
        "revenuefromcontractwithcustomerexcludingassessedtax": 59172000000,
        "costofgoodsandservicessold": 56139000000,
        "grossprofit": 3033000000,
        "operatingcostsandexpenses": 2535000000,
        "operatingexpenses": 2673000000,
        "operatingincomeloss": 360000000,
        "incomelossfromequitymethodinvestments": -28000000,
        "interestanddebtexpense": 64000000,
        "incomelossfromcontinuingoperationsbeforeincometaxesextraordinaryitemsnoncontrollinginterest": 294000000,
        "incometaxexpensebenefit": 47000000,
        "incomelossfromcontinuingoperationsincludingportionattributabletononcontrollinginterest": 247000000,
        "incomelossfromdiscontinuedoperationsnetoftax": -5000000,
        "netincomelossattributabletononcontrollinginterest": 56000000,
        "netincomeloss": 186000000,
        "incomelossfromcontinuingoperationsperdilutedshare": 1.02,
        "earningspersharediluted": 0.9899999999999998,
        "incomelossfromcontinuingoperationsperbasicshare": 1.02,
        "earningspersharebasic": 0.9899999999999998,
        "weightedaveragenumberofdilutedsharesoutstanding": -2000000,
        "weightedaveragenumberofsharesoutstandingbasic": -2000000
    },
    {
        "date": "2019-09-29",
        "symbol": "MCK",
        "period": "Q2",
        "profitloss": -677000000,
        "othercomprehensiveincomelossforeigncurrencytransactionandtranslationadjustmentnetoftax": -32000000,
        "othercomprehensiveincomelosscashflowhedgegainlossafterreclassificationandtax": 13000000,
        "othercomprehensiveincomelosspensionandotherpostretirementbenefitplansadjustmentnetoftax": -75000000,
        "othercomprehensiveincomelossnetoftax": 112000000,
        "comprehensiveincomenetoftaxincludingportionattributabletononcontrollinginterest": -621000000,
        "comprehensiveincomenetoftaxattributabletononcontrollinginterest": 35000000,
        "comprehensiveincomenetoftax": -656000000,
        "revenuefromcontractwithcustomerexcludingassessedtax": 103937000000,
        "costofgoodsandservicessold": 54749000000,
        "grossprofit": 2867000000,
        "operatingcostsandexpenses": 2196000000,
        "restructuringsettlementandimpairmentprovisions": 45000000,
        "operatingexpenses": 2241000000,
        "operatingincomeloss": 410000000,
        "incomelossfromequitymethodinvestments": -1454000000,
        "interestanddebtexpense": 64000000,
        "incomelossfromcontinuingoperationsbeforeincometaxesextraordinaryitemsnoncontrollinginterest": -970000000,
        "incometaxexpensebenefit": -294000000,
        "incomelossfromcontinuingoperationsincludingportionattributabletononcontrollinginterest": -676000000,
        "incomelossfromdiscontinuedoperationsnetoftax": -1000000,
        "netincomelossattributabletononcontrollinginterest": 64000000,
        "netincomeloss": -730000000,
        "incomelossfromcontinuingoperationsperdilutedshare": -3.89,
        "incomelossfromdiscontinuedoperationsnetoftaxperdilutedshare": 0,
        "earningspersharediluted": -3.89,
        "incomelossfromcontinuingoperationsperbasicshare": -3.9,
        "incomelossfromdiscontinuedoperationsnetoftaxperbasicshare": 0,
        "earningspersharebasic": -3.9,
        "weightedaveragenumberofdilutedsharesoutstanding": -4000000,
        "weightedaveragenumberofsharesoutstandingbasic": -3000000
    },
    {
        "date": "2019-06-29",
        "symbol": "MCK",
        "period": "Q1",
        "profitloss": 477000000,
        "othercomprehensiveincomelossforeigncurrencytransactionandtranslationadjustmentnetoftax": 44000000,
        "othercomprehensiveincomelosscashflowhedgegainlossafterreclassificationandtax": 12000000,
        "othercomprehensiveincomelosspensionandotherpostretirementbenefitplansadjustmentnetoftax": -21000000,
        "othercomprehensiveincomelossnetoftax": 77000000,
        "comprehensiveincomenetoftaxincludingportionattributabletononcontrollinginterest": 554000000,
        "comprehensiveincomenetoftaxattributabletononcontrollinginterest": 60000000,
        "comprehensiveincomenetoftax": 494000000,
        "revenuefromcontractwithcustomerexcludingassessedtax": 55728000000,
        "costofgoodsandservicessold": 52941000000,
        "grossprofit": 2787000000,
        "operatingcostsandexpenses": 2130000000,
        "restructuringsettlementandimpairmentprovisions": 23000000,
        "operatingexpenses": 2153000000,
        "operatingincomeloss": 634000000,
        "othernonoperatingincome": 37000000,
        "incomelossfromequitymethodinvestments": 4000000,
        "interestanddebtexpense": 56000000,
        "incomelossfromcontinuingoperationsbeforeincometaxesextraordinaryitemsnoncontrollinginterest": 619000000,
        "incometaxexpensebenefit": 136000000,
        "incomelossfromcontinuingoperationsincludingportionattributabletononcontrollinginterest": 483000000,
        "incomelossfromdiscontinuedoperationsnetoftax": -6000000,
        "netincomelossattributabletononcontrollinginterest": 54000000,
        "netincomeloss": 423000000,
        "incomelossfromcontinuingoperationsperdilutedshare": 2.27,
        "incomelossfromdiscontinuedoperationsnetoftaxperdilutedshare": -0.03,
        "earningspersharediluted": 2.24,
        "incomelossfromcontinuingoperationsperbasicshare": 2.28,
        "incomelossfromdiscontinuedoperationsnetoftaxperbasicshare": -0.03,
        "earningspersharebasic": 2.25,
        "commonstockdividendspersharedeclared": 0.39,
        "weightedaveragenumberofdilutedsharesoutstanding": 189000000,
        "weightedaveragenumberofsharesoutstandingbasic": 188000000
    },
    {
        "date": "2018-12-30",
        "symbol": "MCK",
        "period": "Q3",
        "profitloss": 526000000,
        "othercomprehensiveincomelossforeigncurrencytransactionandtranslationadjustmentnetoftax": -113000000,
        "othercomprehensiveincomelosscashflowhedgegainlossafterreclassificationandtax": 40000000,
        "othercomprehensiveincomelosspensionandotherpostretirementbenefitplansadjustmentnetoftax": -3000000,
        "othercomprehensiveincomelossnetoftax": 75000000,
        "comprehensiveincomenetoftaxincludingportionattributabletononcontrollinginterest": 451000000,
        "comprehensiveincomenetoftaxattributabletononcontrollinginterest": 46000000,
        "comprehensiveincomenetoftax": 405000000,
        "revenuefromcontractwithcustomerexcludingassessedtax": 9685000000,
        "costofgoodsandservicessold": 53238000000,
        "grossprofit": 2970000000,
        "operatingcostsandexpenses": 2156000000,
        "goodwillimpairmentloss": 21000000,
        "restructuringsettlementandimpairmentprovisions": 110000000,
        "operatingexpenses": 2287000000,
        "operatingincomeloss": 74000000,
        "othernonoperatingincome": 84000000,
        "incomelossfromequitymethodinvestments": -50000000,
        "interestanddebtexpense": 67000000,
        "incomelossfromcontinuingoperationsbeforeincometaxesextraordinaryitemsnoncontrollinginterest": 650000000,
        "incometaxexpensebenefit": 123000000,
        "incomelossfromcontinuingoperationsincludingportionattributabletononcontrollinginterest": 527000000,
        "incomelossfromdiscontinuedoperationsnetoftax": -1000000,
        "netincomelossattributabletononcontrollinginterest": 46000000,
        "netincomeloss": 469000000,
        "incomelossfromcontinuingoperationsperdilutedshare": 2.41,
        "incomelossfromdiscontinuedoperationsnetoftaxperdilutedshare": -0.01,
        "earningspersharediluted": 2.4,
        "incomelossfromcontinuingoperationsperbasicshare": 2.42,
        "incomelossfromdiscontinuedoperationsnetoftaxperbasicshare": -0.01,
        "earningspersharebasic": 2.41,
        "commonstockdividendspersharedeclared": 0.39,
        "weightedaveragenumberofdilutedsharesoutstanding": 195000000,
        "weightedaveragenumberofsharesoutstandingbasic": 194000000
    },
    {
        "date": "2018-09-29",
        "symbol": "MCK",
        "period": "Q2",
        "profitloss": 553000000,
        "othercomprehensiveincomelossforeigncurrencytransactionandtranslationadjustmentnetoftax": 26000000,
        "othercomprehensiveincomelosspensionandotherpostretirementbenefitplansadjustmentnetoftax": -4000000,
        "othercomprehensiveincomelossnetoftax": 286000000,
        "comprehensiveincomenetoftaxincludingportionattributabletononcontrollinginterest": 585000000,
        "comprehensiveincomenetoftaxattributabletononcontrollinginterest": 47000000,
        "comprehensiveincomenetoftax": 538000000,
        "revenuefromcontractwithcustomerexcludingassessedtax": -33589000000,
        "costofgoodsandservicessold": 50271000000,
        "grossprofit": 2804000000,
        "operatingcostsandexpenses": 1936000000,
        "goodwillimpairmentloss": 0,
        "restructuringsettlementandimpairmentprovisions": 82000000,
        "operatingexpenses": 2115000000,
        "operatingincomeloss": 126000000,
        "othernonoperatingincome": 20000000,
        "incomelossfromequitymethodinvestments": -56000000,
        "interestanddebtexpense": 66000000,
        "incomelossfromcontinuingoperationsbeforeincometaxesextraordinaryitemsnoncontrollinginterest": 587000000,
        "incometaxexpensebenefit": 35000000,
        "incomelossfromcontinuingoperationsincludingportionattributabletononcontrollinginterest": 552000000,
        "incomelossfromdiscontinuedoperationsnetoftax": 1000000,
        "netincomelossattributabletononcontrollinginterest": 43000000,
        "netincomeloss": 499000000,
        "incomelossfromcontinuingoperationsperdilutedshare": 2.48,
        "incomelossfromdiscontinuedoperationsnetoftaxperdilutedshare": 0,
        "earningspersharediluted": 2.48,
        "incomelossfromcontinuingoperationsperbasicshare": 2.49,
        "incomelossfromdiscontinuedoperationsnetoftaxperbasicshare": 0,
        "earningspersharebasic": 2.49,
        "commonstockdividendspersharedeclared": 0.38999999999999996,
        "weightedaveragenumberofdilutedsharesoutstanding": -1000000,
        "weightedaveragenumberofsharesoutstandingbasic": -2000000
    },
    {
        "date": "2018-06-29",
        "symbol": "MCK",
        "period": "Q1",
        "profitloss": -80000000,
        "othercomprehensiveincomelossforeigncurrencytransactionandtranslationadjustmentnetoftax": -129000000,
        "othercomprehensiveincomelosspensionandotherpostretirementbenefitplansadjustmentnetoftax": -8000000,
        "othercomprehensiveincomelossnetoftax": -121000000,
        "comprehensiveincomenetoftaxincludingportionattributabletononcontrollinginterest": -201000000,
        "comprehensiveincomenetoftaxattributabletononcontrollinginterest": 21000000,
        "comprehensiveincomenetoftax": -222000000,
        "revenuefromcontractwithcustomerexcludingassessedtax": 52607000000,
        "costofgoodsandservicessold": 49828000000,
        "grossprofit": 2779000000,
        "operatingcostsandexpenses": 2127000000,
        "goodwillimpairmentloss": 570000000,
        "restructuringsettlementandimpairmentprovisions": 96000000,
        "gainlossfromescrowsettlement": 97000000,
        "operatingexpenses": 2696000000,
        "operatingincomeloss": 83000000,
        "othernonoperatingincome": 40000000,
        "incomelossfromequitymethodinvestments": -56000000,
        "interestanddebtexpense": 61000000,
        "incomelossfromcontinuingoperationsbeforeincometaxesextraordinaryitemsnoncontrollinginterest": 6000000,
        "incometaxexpensebenefit": 87000000,
        "incomelossfromcontinuingoperationsincludingportionattributabletononcontrollinginterest": -81000000,
        "incomelossfromdiscontinuedoperationsnetoftax": 1000000,
        "netincomelossattributabletononcontrollinginterest": 46000000,
        "netincomeloss": -138000000,
        "incomelossfromcontinuingoperationsperdilutedshare": -0.69,
        "incomelossfromdiscontinuedoperationsnetoftaxperdilutedshare": 0.01,
        "earningspersharediluted": -0.68,
        "incomelossfromcontinuingoperationsperbasicshare": -0.69,
        "incomelossfromdiscontinuedoperationsnetoftaxperbasicshare": 0.01,
        "earningspersharebasic": -0.68,
        "commonstockdividendspersharedeclared": 0.34,
        "weightedaveragenumberofdilutedsharesoutstanding": 202000000,
        "weightedaveragenumberofsharesoutstandingbasic": 202000000
    },
    {
        "date": "2017-12-30",
        "symbol": "MCK",
        "period": "Q3",
        "profitloss": 961000000,
        "othercomprehensiveincomelossforeigncurrencytransactionandtranslationadjustmentnetoftax": 30000000,
        "translationadjustmentfornetinvestmenthedgeincreasedecreasenetoftax": -28000000,
        "othercomprehensiveincomelossderivativesqualifyingashedgesnetoftax": -16000000,
        "othercomprehensiveincomelosspensionandotherpostretirementbenefitplansadjustmentnetoftax": -1000000,
        "othercomprehensiveincomelossnetoftax": -19000000,
        "comprehensiveincomenetoftaxincludingportionattributabletononcontrollinginterest": 957000000,
        "comprehensiveincomenetoftaxattributabletononcontrollinginterest": 70000000,
        "comprehensiveincomenetoftax": 887000000,
        "salesrevenuenet": 0,
        "costofrevenue": 50902000000,
        "grossprofit": 2715000000,
        "operatingexpenses": 1984000000,
        "operatingincomeloss": 65000000,
        "incomelossfromequitymethodinvestments": -90000000,
        "interestanddebtexpense": 67000000,
        "incomelossfromcontinuingoperationsbeforeincometaxesextraordinaryitemsnoncontrollinginterest": 697000000,
        "incometaxexpensebenefit": -263000000,
        "incomelossfromcontinuingoperationsincludingportionattributabletononcontrollinginterest": 960000000,
        "netincomelossattributabletononcontrollinginterest": 46000000,
        "netincomeloss": 903000000,
        "incomelossfromcontinuingoperationsperdilutedshare": 4.290000000000001,
        "earningspersharediluted": 4.29,
        "incomelossfromcontinuingoperationsperbasicshare": 4.3100000000000005,
        "earningspersharebasic": 4.319999999999999,
        "commonstockdividendspersharedeclared": 0.33999999999999997,
        "weightedaveragenumberofdilutedsharesoutstanding": -1000000,
        "weightedaveragenumberofsharesoutstandingbasic": -1000000
    },
    {
        "date": "2017-09-29",
        "symbol": "MCK",
        "period": "Q2",
        "profitloss": 56000000,
        "othercomprehensiveincomelossforeigncurrencytransactionandtranslationadjustmentnetoftax": 303000000,
        "translationadjustmentfornetinvestmenthedgeincreasedecreasenetoftax": -107000000,
        "othercomprehensiveincomelossderivativesqualifyingashedgesnetoftax": -3000000,
        "othercomprehensiveincomelosspensionandotherpostretirementbenefitplansadjustmentnetoftax": 3000000,
        "othercomprehensiveincomelossnetoftax": -429000000,
        "comprehensiveincomenetoftaxincludingportionattributabletononcontrollinginterest": 315000000,
        "comprehensiveincomenetoftaxattributabletononcontrollinginterest": 88000000,
        "comprehensiveincomenetoftax": 227000000,
        "salesrevenuenet": -50811000000,
        "costofrevenue": 49227000000,
        "grossprofit": 2834000000,
        "operatingexpenses": 2009000000,
        "operatingincomeloss": -744000000,
        "incomelossfromequitymethodinvestments": -61000000,
        "interestanddebtexpense": 69000000,
        "incomelossfromcontinuingoperationsbeforeincometaxesextraordinaryitemsnoncontrollinginterest": 178000000,
        "incometaxexpensebenefit": 122000000,
        "incomelossfromcontinuingoperationsincludingportionattributabletononcontrollinginterest": 56000000,
        "incomelossfromdiscontinuedoperationsnetoftax": 0,
        "netincomelossattributabletononcontrollinginterest": 44000000,
        "netincomeloss": 1000000,
        "incomelossfromcontinuingoperationsperdilutedshare": 0.020000000000000018,
        "incomelossfromdiscontinuedoperationsnetoftaxperdilutedshare": 0,
        "earningspersharediluted": 0.020000000000000018,
        "incomelossfromcontinuingoperationsperbasicshare": 0.010000000000000009,
        "earningspersharebasic": 0.020000000000000018,
        "commonstockdividendspersharedeclared": 0.33999999999999997,
        "weightedaveragenumberofdilutedsharesoutstanding": -2000000,
        "weightedaveragenumberofsharesoutstandingbasic": -1000000
    },
    {
        "date": "2017-06-29",
        "symbol": "MCK",
        "period": "Q1",
        "profitloss": 365000000,
        "othercomprehensiveincomelossforeigncurrencytransactionandtranslationadjustmentnetoftax": 382000000,
        "translationadjustmentfornetinvestmenthedgeincreasedecreasenetoftax": -70000000,
        "othercomprehensiveincomelossderivativesqualifyingashedgesnetoftax": 14000000,
        "othercomprehensiveincomelosspensionandotherpostretirementbenefitplansadjustmentnetoftax": 5000000,
        "othercomprehensiveincomelossnetoftax": 321000000,
        "comprehensiveincomenetoftaxincludingportionattributabletononcontrollinginterest": 686000000,
        "comprehensiveincomenetoftaxattributabletononcontrollinginterest": 172000000,
        "comprehensiveincomenetoftax": 514000000,
        "salesrevenuenet": 51051000000,
        "costofrevenue": 48491000000,
        "grossprofit": 2560000000,
        "operatingcostsandexpenses": 1964000000,
        "operatingexpenses": 1927000000,
        "gainlossonsaleofbusiness": 37000000,
        "operatingincomeloss": 633000000,
        "othernonoperatingincome": 13000000,
        "incomelossfromequitymethodinvestments": -120000000,
        "interestanddebtexpense": 68000000,
        "incomelossfromcontinuingoperationsbeforeincometaxesextraordinaryitemsnoncontrollinginterest": 458000000,
        "incometaxexpensebenefit": 95000000,
        "incomelossfromcontinuingoperationsincludingportionattributabletononcontrollinginterest": 363000000,
        "incomelossfromdiscontinuedoperationsnetoftax": 2000000,
        "netincomelossattributabletononcontrollinginterest": 47000000,
        "netincomeloss": 309000000,
        "incomelossfromcontinuingoperationsperdilutedshare": 1.44,
        "incomelossfromdiscontinuedoperationsnetoftaxperdilutedshare": 0.01,
        "earningspersharediluted": 1.45,
        "incomelossfromcontinuingoperationsperbasicshare": 1.46,
        "earningspersharebasic": 1.46,
        "commonstockdividendspersharedeclared": 0.28,
        "weightedaveragenumberofdilutedsharesoutstanding": 213000000,
        "weightedaveragenumberofsharesoutstandingbasic": 211000000
    },
    {
        "date": "2016-12-30",
        "symbol": "MCK",
        "period": "Q3",
        "profitloss": 646000000,
        "othercomprehensiveincomelossforeigncurrencytransactionandtranslationadjustmentnetoftax": -398000000,
        "othercomprehensiveincomelosspensionandotherpostretirementbenefitplansadjustmentnetoftax": -8000000,
        "othercomprehensiveincomelossnetoftax": -398000000,
        "comprehensiveincomenetoftaxincludingportionattributabletononcontrollinginterest": 242000000,
        "comprehensiveincomenetoftaxattributabletononcontrollinginterest": -17000000,
        "comprehensiveincomenetoftax": 259000000,
        "salesrevenuenet": 694000000,
        "costofrevenue": 47318000000,
        "grossprofit": 2812000000,
        "operatingexpenses": 1981000000,
        "operatingincomeloss": 132000000,
        "nonoperatingincomeexpense": 23000000,
        "interestanddebtexpense": 74000000,
        "incomelossfromcontinuingoperationsbeforeincometaxesextraordinaryitemsnoncontrollinginterest": 780000000,
        "incometaxexpensebenefit": 131000000,
        "incomelossfromcontinuingoperationsincludingportionattributabletononcontrollinginterest": 649000000,
        "incomelossfromdiscontinuedoperationsnetoftax": -3000000,
        "netincomelossattributabletononcontrollinginterest": 13000000,
        "netincomeloss": 633000000,
        "incomelossfromcontinuingoperationsperdilutedshare": 2.8500000000000005,
        "earningspersharediluted": 2.839999999999999,
        "incomelossfromcontinuingoperationsperbasicshare": 2.87,
        "incomelossfromdiscontinuedoperationsnetoftaxperbasicshare": -0.010000000000000009,
        "earningspersharebasic": 2.8600000000000003,
        "commonstockdividendspersharedeclared": 0.2799999999999999,
        "weightedaveragenumberofsharesoutstandingbasic": -2000000
    },
    {
        "date": "2016-09-29",
        "symbol": "MCK",
        "period": "Q2",
        "profitloss": 324000000,
        "othercomprehensiveincomelossforeigncurrencytransactionandtranslationadjustmentnetoftax": -109000000,
        "othercomprehensiveincomelosspensionandotherpostretirementbenefitplansadjustmentnetoftax": -1000000,
        "othercomprehensiveincomelossnetoftax": -120000000,
        "comprehensiveincomenetoftaxincludingportionattributabletononcontrollinginterest": 210000000,
        "comprehensiveincomenetoftaxattributabletononcontrollinginterest": 18000000,
        "comprehensiveincomenetoftax": 192000000,
        "salesrevenuenet": -48329000000,
        "costofrevenue": 47201000000,
        "grossprofit": 2756000000,
        "operatingexpenses": 1886000000,
        "operatingincomeloss": -978000000,
        "nonoperatingincomeexpense": 23000000,
        "interestanddebtexpense": 78000000,
        "incomelossfromcontinuingoperationsbeforeincometaxesextraordinaryitemsnoncontrollinginterest": 525000000,
        "incometaxexpensebenefit": 200000000,
        "incomelossfromcontinuingoperationsincludingportionattributabletononcontrollinginterest": 325000000,
        "incomelossfromdiscontinuedoperationsnetoftax": -1000000,
        "netincomelossattributabletononcontrollinginterest": 17000000,
        "netincomeloss": 307000000,
        "incomelossfromcontinuingoperationsperdilutedshare": 1.3399999999999999,
        "incomelossfromdiscontinuedoperationsnetoftaxperdilutedshare": 0,
        "earningspersharediluted": 1.3400000000000003,
        "incomelossfromcontinuingoperationsperbasicshare": 1.3599999999999994,
        "incomelossfromdiscontinuedoperationsnetoftaxperbasicshare": -0.010000000000000009,
        "earningspersharebasic": 1.3499999999999996,
        "commonstockdividendspersharedeclared": 0.28,
        "weightedaveragenumberofdilutedsharesoutstanding": 0,
        "weightedaveragenumberofsharesoutstandingbasic": 1000000
    },
    {
        "date": "2016-06-29",
        "symbol": "MCK",
        "period": "Q1",
        "profitloss": 560000000,
        "othercomprehensiveincomelossforeigncurrencytransactionandtranslationadjustmentnetoftax": -255000000,
        "othercomprehensiveincomelosspensionandotherpostretirementbenefitplansadjustmentnetoftax": -11000000,
        "othercomprehensiveincomelossnetoftax": -244000000,
        "comprehensiveincomenetoftaxincludingportionattributabletononcontrollinginterest": 316000000,
        "comprehensiveincomenetoftaxattributabletononcontrollinginterest": -48000000,
        "comprehensiveincomenetoftax": 364000000,
        "salesrevenuenet": 49733000000,
        "costofrevenue": 46826000000,
        "grossprofit": 2907000000,
        "operatingexpenses": 1935000000,
        "operatingincomeloss": 972000000,
        "nonoperatingincomeexpense": 19000000,
        "interestanddebtexpense": 79000000,
        "incomelossfromcontinuingoperationsbeforeincometaxesextraordinaryitemsnoncontrollinginterest": 912000000,
        "incometaxexpensebenefit": 239000000,
        "incomelossfromcontinuingoperationsincludingportionattributabletononcontrollinginterest": 673000000,
        "incomelossfromdiscontinuedoperationsnetoftax": -113000000,
        "netincomelossattributabletononcontrollinginterest": 18000000,
        "netincomeloss": 542000000,
        "incomelossfromcontinuingoperationsperdilutedshare": 2.88,
        "incomelossfromdiscontinuedoperationsnetoftaxperdilutedshare": -0.5,
        "earningspersharediluted": 2.38,
        "incomelossfromcontinuingoperationsperbasicshare": 2.91,
        "incomelossfromdiscontinuedoperationsnetoftaxperbasicshare": -0.5,
        "earningspersharebasic": 2.41,
        "commonstockdividendspersharedeclared": 0.28,
        "weightedaveragenumberofdilutedsharesoutstanding": 228000000,
        "weightedaveragenumberofsharesoutstandingbasic": 225000000
    },
    {
        "date": "2015-12-30",
        "symbol": "MCK",
        "period": "Q3",
        "profitloss": 647000000,
        "othercomprehensiveincomelossforeigncurrencytransactionandtranslationadjustmentnetoftax": -246000000,
        "othercomprehensiveincomelossderivativesqualifyingashedgesnetoftax": -1000000,
        "othercomprehensiveincomelosspensionandotherpostretirementbenefitplansadjustmentnetoftax": -15000000,
        "othercomprehensiveincomelossnetoftax": -246000000,
        "comprehensiveincomenetoftaxincludingportionattributabletononcontrollinginterest": 415000000,
        "comprehensiveincomenetoftaxattributabletononcontrollinginterest": -18000000,
        "comprehensiveincomenetoftax": 433000000,
        "salesrevenuenet": 694000000,
        "costofrevenue": 45027000000,
        "grossprofit": 2872000000,
        "operatingexpenses": 1952000000,
        "operatingincomeloss": 122000000,
        "nonoperatingincomeexpense": 13000000,
        "interestanddebtexpense": 87000000,
        "incomelossfromcontinuingoperationsbeforeincometaxesextraordinaryitemsnoncontrollinginterest": 846000000,
        "incometaxexpensebenefit": 204000000,
        "incomelossfromcontinuingoperationsincludingportionattributabletononcontrollinginterest": 642000000,
        "incomelossfromdiscontinuedoperationsnetoftax": 5000000,
        "netincomelossattributabletononcontrollinginterest": 13000000,
        "netincomeloss": 634000000,
        "incomelossfromcontinuingoperationsperdilutedshare": 2.71,
        "incomelossfromdiscontinuedoperationsnetoftaxperdilutedshare": 0.02,
        "earningspersharediluted": 2.73,
        "incomelossfromcontinuingoperationsperbasicshare": 2.74,
        "incomelossfromdiscontinuedoperationsnetoftaxperbasicshare": 0.02,
        "earningspersharebasic": 2.76,
        "commonstockdividendspersharedeclared": 0.28,
        "weightedaveragenumberofdilutedsharesoutstanding": 232000000,
        "weightedaveragenumberofsharesoutstandingbasic": 230000000
    },
    {
        "date": "2015-09-29",
        "symbol": "MCK",
        "period": "Q2",
        "profitloss": 630000000,
        "othercomprehensiveincomelossforeigncurrencytransactionandtranslationadjustmentnetoftax": -243000000,
        "othercomprehensiveincomelossderivativesqualifyingashedgesnetoftax": 2000000,
        "othercomprehensiveincomelosspensionandotherpostretirementbenefitplansadjustmentnetoftax": -11000000,
        "othercomprehensiveincomelossnetoftax": -243000000,
        "comprehensiveincomenetoftaxincludingportionattributabletononcontrollinginterest": 400000000,
        "comprehensiveincomenetoftaxattributabletononcontrollinginterest": -7000000,
        "comprehensiveincomenetoftax": 407000000,
        "salesrevenuenet": 721000000,
        "costofrevenue": 45917000000,
        "grossprofit": 2844000000,
        "operatingexpenses": 1890000000,
        "operatingincomeloss": 146000000,
        "nonoperatingincomeexpense": 17000000,
        "interestanddebtexpense": -91000000,
        "incomelossfromcontinuingoperationsbeforeincometaxesextraordinaryitemsnoncontrollinginterest": 880000000,
        "incometaxexpensebenefit": 244000000,
        "incomelossfromcontinuingoperationsincludingportionattributabletononcontrollinginterest": 636000000,
        "incomelossfromdiscontinuedoperationsnetoftax": -6000000,
        "netincomelossattributabletononcontrollinginterest": 13000000,
        "netincomeloss": 617000000,
        "incomelossfromcontinuingoperationsperdilutedshare": 2.65,
        "incomelossfromdiscontinuedoperationsnetoftaxperdilutedshare": -0.02,
        "earningspersharediluted": 2.63,
        "incomelossfromcontinuingoperationsperbasicshare": 2.68,
        "incomelossfromdiscontinuedoperationsnetoftaxperbasicshare": -0.02,
        "earningspersharebasic": 2.66,
        "commonstockdividendspersharedeclared": 0.28,
        "weightedaveragenumberofdilutedsharesoutstanding": 235000000,
        "weightedaveragenumberofsharesoutstandingbasic": 232000000
    },
    {
        "date": "2015-06-29",
        "symbol": "MCK",
        "period": "Q1",
        "profitloss": 589000000,
        "othercomprehensiveincomelossforeigncurrencytransactionandtranslationadjustmentnetoftax": 347000000,
        "othercomprehensiveincomelossderivativesqualifyingashedgesnetoftax": 4000000,
        "othercomprehensiveincomelosspensionandotherpostretirementbenefitplansadjustmentnetoftax": 28000000,
        "othercomprehensiveincomelossnetoftax": 323000000,
        "comprehensiveincomenetoftaxincludingportionattributabletononcontrollinginterest": 912000000,
        "comprehensiveincomenetoftaxattributabletononcontrollinginterest": 57000000,
        "comprehensiveincomenetoftax": 855000000,
        "salesrevenuenet": 736000000,
        "costofrevenue": 44698000000,
        "grossprofit": 2848000000,
        "operatingexpenses": 1917000000,
        "operatingincomeloss": 158000000,
        "nonoperatingincomeexpense": 13000000,
        "interestanddebtexpense": 89000000,
        "incomelossfromcontinuingoperationsbeforeincometaxesextraordinaryitemsnoncontrollinginterest": 855000000,
        "incometaxexpensebenefit": 256000000,
        "incomelossfromcontinuingoperationsincludingportionattributabletononcontrollinginterest": 599000000,
        "incomelossfromdiscontinuedoperationsnetoftax": -10000000,
        "netincomelossattributabletononcontrollinginterest": 13000000,
        "netincomeloss": 576000000,
        "incomelossfromcontinuingoperationsperdilutedshare": 2.5,
        "incomelossfromdiscontinuedoperationsnetoftaxperdilutedshare": -0.05,
        "earningspersharediluted": 2.45,
        "incomelossfromcontinuingoperationsperbasicshare": 2.53,
        "incomelossfromdiscontinuedoperationsnetoftaxperbasicshare": -0.04,
        "earningspersharebasic": 2.49,
        "commonstockdividendspersharedeclared": 0.24,
        "weightedaveragenumberofdilutedsharesoutstanding": 235000000,
        "weightedaveragenumberofsharesoutstandingbasic": 232000000
    },
    {
        "date": "2014-12-30",
        "symbol": "MCK",
        "period": "Q3",
        "profitloss": 511000000,
        "othercomprehensiveincomelossforeigncurrencytransactionandtranslationadjustmentnetoftax": -416000000,
        "othercomprehensiveincomelossderivativesqualifyingashedgesnetoftax": 1000000,
        "othercomprehensiveincomelosspensionandotherpostretirementbenefitplansadjustmentnetoftax": 16000000,
        "othercomprehensiveincomelossnetoftax": -364000000,
        "comprehensiveincomenetoftaxincludingportionattributabletononcontrollinginterest": 80000000,
        "comprehensiveincomenetoftaxattributabletononcontrollinginterest": -13000000,
        "comprehensiveincomenetoftax": 93000000,
        "salesrevenuenet": 755000000,
        "costofrevenue": 44063000000,
        "grossprofit": 2942000000,
        "operatingexpensesexcludingcertainothercharges": 2162000000,
        "operatingexpenses": 2162000000,
        "operatingincomeloss": 896000000,
        "nonoperatingincomeexpense": 13000000,
        "interestanddebtexpense": 97000000,
        "incomelossfromcontinuingoperationsbeforeincometaxesextraordinaryitemsnoncontrollinginterest": 696000000,
        "incometaxexpensebenefit": 183000000,
        "incomelossfromcontinuingoperationsincludingportionattributabletononcontrollinginterest": 513000000,
        "incomelossfromdiscontinuedoperationsnetoftax": -2000000,
        "netincomelossattributabletononcontrollinginterest": 39000000,
        "netincomeloss": 472000000,
        "incomelossfromcontinuingoperationsperdilutedshare": 2.01,
        "incomelossfromdiscontinuedoperationsnetoftaxperdilutedshare": -0.01,
        "earningspersharediluted": 2,
        "incomelossfromcontinuingoperationsperbasicshare": 2.04,
        "incomelossfromdiscontinuedoperationsnetoftaxperbasicshare": -0.01,
        "earningspersharebasic": 2.03,
        "commonstockdividendspersharedeclared": 0.24,
        "weightedaveragenumberofdilutedsharesoutstanding": 236000000,
        "weightedaveragenumberofsharesoutstandingbasic": 232000000
    },
    {
        "date": "2014-09-29",
        "symbol": "MCK",
        "period": "Q2",
        "profitloss": 477000000,
        "othercomprehensiveincomelossforeigncurrencytransactionandtranslationadjustmentnetoftax": -677000000,
        "othercomprehensiveincomelosspensionandotherpostretirementbenefitplansadjustmentnetoftax": -6000000,
        "othercomprehensiveincomelossnetoftax": -671000000,
        "comprehensiveincomenetoftaxincludingportionattributabletononcontrollinginterest": -194000000,
        "comprehensiveincomenetoftaxattributabletononcontrollinginterest": -131000000,
        "comprehensiveincomenetoftax": -63000000,
        "salesrevenuenet": 43988000000,
        "costofrevenue": 41835000000,
        "grossprofit": 2923000000,
        "operatingexpensesexcludingcertainothercharges": 2135000000,
        "losscontingencylossinperiod": 35000000,
        "operatingexpenses": 2135000000,
        "operatingincomeloss": 793000000,
        "nonoperatingincomeexpense": 24000000,
        "interestanddebtexpense": 99000000,
        "incomelossfromcontinuingoperationsbeforeincometaxesextraordinaryitemsnoncontrollinginterest": 713000000,
        "incometaxexpensebenefit": 222000000,
        "incomelossfromcontinuingoperationsincludingportionattributabletononcontrollinginterest": 491000000,
        "incomelossfromdiscontinuedoperationsnetoftax": -14000000,
        "netincomelossattributabletononcontrollinginterest": 8000000,
        "netincomeloss": 469000000,
        "incomelossfromcontinuingoperationsperdilutedshare": 2.05,
        "incomelossfromdiscontinuedoperationsnetoftaxperdilutedshare": -0.06,
        "earningspersharediluted": 1.99,
        "incomelossfromcontinuingoperationsperbasicshare": 2.08,
        "incomelossfromdiscontinuedoperationsnetoftaxperbasicshare": -0.06,
        "earningspersharebasic": 2.02,
        "commonstockdividendspersharedeclared": 0.24,
        "weightedaveragenumberofdilutedsharesoutstanding": 235000000,
        "weightedaveragenumberofsharesoutstandingbasic": 232000000
    },
    {
        "date": "2014-06-29",
        "symbol": "MCK",
        "period": "Q1",
        "profitloss": 411000000,
        "othercomprehensiveincomelossforeigncurrencytransactionandtranslationadjustmentnetoftax": 98000000,
        "othercomprehensiveincomelossderivativesqualifyingashedgesnetoftax": -2000000,
        "othercomprehensiveincomelosspensionandotherpostretirementbenefitplansadjustmentnetoftax": -2000000,
        "othercomprehensiveincomelossnetoftax": 2000000,
        "comprehensiveincomenetoftaxincludingportionattributabletononcontrollinginterest": 509000000,
        "comprehensiveincomenetoftaxattributabletononcontrollinginterest": -4000000,
        "comprehensiveincomenetoftax": 513000000,
        "salesrevenuenet": 768000000,
        "costofrevenue": 41261000000,
        "grossprofit": 2797000000,
        "operatingexpensesexcludingcertainothercharges": 2109000000,
        "operatingexpenses": 2109000000,
        "operatingincomeloss": 748000000,
        "nonoperatingincomeexpense": 20000000,
        "interestanddebtexpense": 101000000,
        "incomelossfromcontinuingoperationsbeforeincometaxesextraordinaryitemsnoncontrollinginterest": 607000000,
        "incometaxexpensebenefit": 182000000,
        "incomelossfromcontinuingoperationsincludingportionattributabletononcontrollinginterest": 425000000,
        "incomelossfromdiscontinuedoperationsnetoftax": -14000000,
        "netincomelossattributabletononcontrollinginterest": 8000000,
        "netincomeloss": 403000000,
        "incomelossfromcontinuingoperationsperdilutedshare": 1.78,
        "incomelossfromdiscontinuedoperationsnetoftaxperdilutedshare": -0.06,
        "earningspersharediluted": 1.72,
        "incomelossfromcontinuingoperationsperbasicshare": 1.81,
        "incomelossfromdiscontinuedoperationsnetoftaxperbasicshare": -0.06,
        "earningspersharebasic": 1.75,
        "commonstockdividendspersharedeclared": 0.24,
        "weightedaveragenumberofdilutedsharesoutstanding": 235000000,
        "weightedaveragenumberofsharesoutstandingbasic": 231000000
    },
    {
        "date": "2013-12-30",
        "symbol": "MCK",
        "period": "Q3",
        "netincomeloss": 64000000,
        "othercomprehensiveincomelossforeigncurrencytransactionandtranslationadjustmentnetoftax": -55000000,
        "othercomprehensiveincomelossderivativesqualifyingashedgesnetoftax": -1000000,
        "othercomprehensiveincomelosspensionandotherpostretirementbenefitplansadjustmentnetoftax": -4000000,
        "othercomprehensiveincomelossnetoftaxportionattributabletoparent": -52000000,
        "comprehensiveincomenetoftax": 12000000,
        "othercomprehensiveincomelossforeigncurrencytranslationadjustmenttax": 0,
        "othercomprehensiveincomelosspensionandotherpostretirementbenefitplanstax": -10000000,
        "salesrevenuenet": -27854000000,
        "costofrevenue": 32466000000,
        "grossprofit": 1840000000,
        "operatingexpensesexcludingcertainothercharges": 1337000000,
        "losscontingencylossinperiod": 18000000,
        "operatingexpenses": 1355000000,
        "operatingincomeloss": 485000000,
        "nonoperatingincomeexpense": -8000000,
        "interestanddebtexpense": 69000000,
        "incomelossfromcontinuingoperationsbeforeincometaxesextraordinaryitemsnoncontrollinginterest": 408000000,
        "incometaxexpensebenefit": 252000000,
        "incomelossfromcontinuingoperations": 156000000,
        "incomelossfromdiscontinuedoperationsnetoftaxattributabletoreportingentity": -92000000,
        "incomelossfromcontinuingoperationsperdilutedshare": 0.6599999999999997,
        "incomelossfromdiscontinuedoperationsnetoftaxperdilutedshare": -0.4,
        "earningspersharediluted": 0.2599999999999998,
        "incomelossfromcontinuingoperationsperbasicshare": 0.6799999999999995,
        "incomelossfromdiscontinuedoperationsnetoftaxperbasicshare": -0.4,
        "earningspersharebasic": 0.2799999999999996,
        "commonstockdividendspersharedeclared": 0.24000000000000005,
        "weightedaveragenumberofdilutedsharesoutstanding": -232000000,
        "weightedaveragenumberofsharesoutstandingbasic": -227000000
    },
    {
        "date": "2013-09-29",
        "symbol": "MCK",
        "period": "Q2",
        "netincomeloss": 404000000,
        "othercomprehensiveincomelossforeigncurrencytransactionandtranslationadjustmentnetoftax": 100000000,
        "othercomprehensiveincomelossderivativesqualifyingashedgesnetoftax": -2000000,
        "othercomprehensiveincomelosspensionandotherpostretirementbenefitplansadjustmentnetoftax": -4000000,
        "othercomprehensiveincomelossnetoftaxportionattributabletoparent": 102000000,
        "comprehensiveincomenetoftax": 506000000,
        "othercomprehensiveincomelossforeigncurrencytranslationadjustmenttax": 22000000,
        "othercomprehensiveincomelosspensionandotherpostretirementbenefitplanstax": 3000000,
        "salesrevenuenet": 28069000000,
        "costofrevenue": 30945000000,
        "grossprofit": 2009000000,
        "operatingexpensesexcludingcertainothercharges": 1295000000,
        "losscontingencylossinperiod": 35000000,
        "operatingexpenses": 1330000000,
        "operatingincomeloss": 679000000,
        "nonoperatingincomeexpense": 9000000,
        "interestanddebtexpense": 59000000,
        "incomelossfromcontinuingoperationsbeforeincometaxesextraordinaryitemsnoncontrollinginterest": 629000000,
        "incometaxexpensebenefit": 213000000,
        "incomelossfromcontinuingoperations": 416000000,
        "incomelossfromdiscontinuedoperationsnetoftaxattributabletoreportingentity": -12000000,
        "incomelossfromcontinuingoperationsperdilutedshare": 1.79,
        "incomelossfromdiscontinuedoperationsnetoftaxperdilutedshare": -0.05,
        "earningspersharediluted": 1.74,
        "incomelossfromcontinuingoperationsperbasicshare": 1.82,
        "incomelossfromdiscontinuedoperationsnetoftaxperbasicshare": -0.06,
        "earningspersharebasic": 1.76,
        "commonstockdividendspersharedeclared": 0.24,
        "weightedaveragenumberofdilutedsharesoutstanding": 233000000,
        "weightedaveragenumberofsharesoutstandingbasic": 229000000
    },
    {
        "date": "2013-06-29",
        "symbol": "MCK",
        "period": "Q1",
        "netincomeloss": 424000000,
        "othercomprehensiveincomelossforeigncurrencytransactionandtranslationadjustmentnetoftax": -61000000,
        "othercomprehensiveincomelossderivativesqualifyingashedgesnetoftax": 1000000,
        "othercomprehensiveincomelosspensionandotherpostretirementbenefitplansadjustmentnetoftax": -7000000,
        "othercomprehensiveincomelossnetoftaxportionattributabletoparent": -53000000,
        "comprehensiveincomenetoftax": 371000000,
        "othercomprehensiveincomelossforeigncurrencytranslationadjustmenttax": 2000000,
        "othercomprehensiveincomelosspensionandotherpostretirementbenefitplanstax": -4000000,
        "salesrevenuenet": 123000000,
        "costofrevenue": 30288000000,
        "grossprofit": 1920000000,
        "operatingexpensesexcludingcertainothercharges": 1258000000,
        "losscontingencylossinperiod": 15000000,
        "operatingexpenses": 1273000000,
        "operatingincomeloss": 647000000,
        "nonoperatingincomeexpense": 6000000,
        "interestanddebtexpense": 59000000,
        "incomelossfromcontinuingoperationsbeforeincometaxesextraordinaryitemsnoncontrollinginterest": 594000000,
        "incometaxexpensebenefit": 174000000,
        "incomelossfromcontinuingoperations": 420000000,
        "incomelossfromdiscontinuedoperationsnetoftaxattributabletoreportingentity": 4000000,
        "incomelossfromcontinuingoperationsperdilutedshare": 1.81,
        "incomelossfromdiscontinuedoperationsnetoftaxperdilutedshare": 0.02,
        "earningspersharediluted": 1.83,
        "incomelossfromcontinuingoperationsperbasicshare": 1.84,
        "incomelossfromdiscontinuedoperationsnetoftaxperbasicshare": 0.02,
        "earningspersharebasic": 1.86,
        "commonstockdividendspersharedeclared": 0.2,
        "weightedaveragenumberofdilutedsharesoutstanding": 232000000,
        "weightedaveragenumberofsharesoutstandingbasic": 227000000
    },
    {
        "date": "2012-12-30",
        "symbol": "MCK",
        "period": "Q3",
        "netincomeloss": 298000000,
        "othercomprehensiveincomelossforeigncurrencytransactionandtranslationadjustmentnetoftax": -16000000,
        "othercomprehensiveincomeothernetoftax": 5000000,
        "othercomprehensiveincomelossnetoftaxportionattributabletoparent": -11000000,
        "comprehensiveincomenetoftax": 287000000,
        "othercomprehensiveincomeforeigncurrencytranslationgainlossarisingduringperiodtax": -4000000,
        "othercomprehensiveincometax": 3000000,
        "salesrevenuenet": 321000000,
        "costofrevenue": 29519000000,
        "grossprofit": 1668000000,
        "operatingexpensesexcludingcertainothercharges": 1183000000,
        "losscontingencylossinperiod": -20000000,
        "operatingexpenses": 1183000000,
        "operatingincomeloss": 485000000,
        "nonoperatingincomeexpense": 10000000,
        "interestanddebtexpense": 59000000,
        "incomelossfromcontinuingoperationsbeforeincometaxesextraordinaryitemsnoncontrollinginterest": 436000000,
        "incometaxexpensebenefit": 138000000,
        "earningspersharediluted": 1.2400000000000002,
        "earningspersharebasic": 1.2699999999999998,
        "commonstockdividendspersharedeclared": 0.19999999999999996
    },
    {
        "date": "2012-09-29",
        "symbol": "MCK",
        "period": "Q2",
        "netincomeloss": 401000000,
        "othercomprehensiveincomelossforeigncurrencytransactionandtranslationadjustmentnetoftax": 71000000,
        "othercomprehensiveincomeothernetoftax": 5000000,
        "othercomprehensiveincomelossnetoftaxportionattributabletoparent": 76000000,
        "comprehensiveincomenetoftax": 477000000,
        "othercomprehensiveincomeforeigncurrencytranslationgainlossarisingduringperiodtax": -2000000,
        "othercomprehensiveincometax": 2000000,
        "salesrevenuenet": -3685000000,
        "costofrevenue": 28130000000,
        "grossprofit": 1720000000,
        "operatingexpensesexcludingcertainothercharges": 1065000000,
        "losscontingencylossinperiod": 44000000,
        "businesscombinationstepacquisitionequityinterestinacquireeremeasurementgain": 0,
        "operatingexpenses": 1109000000,
        "operatingincomeloss": 611000000,
        "nonoperatingincomeexpense": 10000000,
        "interestanddebtexpense": 55000000,
        "incomelossfromcontinuingoperationsbeforeincometaxesextraordinaryitemsnoncontrollinginterest": 566000000,
        "incometaxexpensebenefit": 165000000,
        "earningspersharediluted": 1.67,
        "earningspersharebasic": 1.7,
        "commonstockdividendspersharedeclared": 0.2,
        "weightedaveragenumberofdilutedsharesoutstanding": 0,
        "weightedaveragenumberofsharesoutstandingbasic": 0
    },
    {
        "date": "2012-06-29",
        "symbol": "MCK",
        "period": "Q1",
        "netincomeloss": 380000000,
        "othercomprehensiveincomelossforeigncurrencytransactionandtranslationadjustmentnetoftax": -41000000,
        "othercomprehensiveincomeothernetoftax": 6000000,
        "othercomprehensiveincomelossnetoftaxportionattributabletoparent": -35000000,
        "comprehensiveincomenetoftax": 345000000,
        "othercomprehensiveincomeforeigncurrencytranslationgainlossarisingduringperiodtax": 4000000,
        "othercomprehensiveincometax": 3000000,
        "salesrevenuenet": 5347000000,
        "costofrevenue": 29198000000,
        "grossprofit": 1600000000,
        "operatingexpensesexcludingcertainothercharges": 1086000000,
        "losscontingencylossinperiod": 16000000,
        "businesscombinationstepacquisitionequityinterestinacquireeremeasurementgain": 81000000,
        "operatingexpenses": 1021000000,
        "operatingincomeloss": 579000000,
        "nonoperatingincomeexpense": 8000000,
        "interestanddebtexpense": 56000000,
        "incomelossfromcontinuingoperationsbeforeincometaxesextraordinaryitemsnoncontrollinginterest": 531000000,
        "incometaxexpensebenefit": 151000000,
        "earningspersharediluted": 1.58,
        "earningspersharebasic": 1.61,
        "commonstockdividendspersharedeclared": 0.2,
        "weightedaveragenumberofdilutedsharesoutstanding": 240000000,
        "weightedaveragenumberofsharesoutstandingbasic": 236000000
    },
    {
        "date": "2011-12-30",
        "symbol": "MCK",
        "period": "Q3",
        "salesrevenuenet": 643000000,
        "costofrevenue": 29273000000,
        "grossprofit": 1566000000,
        "totaloperatingexpensesexcludinglosscontingencylossinperiod": 1047000000,
        "losscontingencylossinperiod": 27000000,
        "operatingexpenses": 1074000000,
        "operatingincomeloss": 492000000,
        "nonoperatingincomeexpense": -2000000,
        "interestanddebtexpense": 64000000,
        "incomelossfromcontinuingoperationsbeforeincometaxesextraordinaryitemsnoncontrollinginterest": 426000000,
        "incometaxexpensebenefit": 126000000,
        "incomelossfromcontinuingoperations": 300000000,
        "netincomeloss": 300000000,
        "incomelossfromcontinuingoperationsperdilutedshare": 1.2,
        "earningspersharediluted": 1.2,
        "incomelossfromcontinuingoperationsperbasicshare": 1.22,
        "earningspersharebasic": 1.22,
        "commonstockdividendspersharedeclared": 0.2,
        "weightedaveragenumberofdilutedsharesoutstanding": 251000000,
        "weightedaveragenumberofsharesoutstandingbasic": 246000000
    },
    {
        "date": "2011-09-29",
        "symbol": "MCK",
        "period": "Q2",
        "salesrevenuenet": 4909000000,
        "costofrevenue": 28569000000,
        "grossprofit": 1647000000,
        "totaloperatingexpensesexcludinglosscontingencylossinperiod": 1051000000,
        "losscontingencylossinperiod": 118000000,
        "operatingexpenses": 1169000000,
        "operatingincomeloss": 478000000,
        "nonoperatingincomeexpense": 6000000,
        "interestanddebtexpense": 64000000,
        "incomelossfromcontinuingoperationsbeforeincometaxesextraordinaryitemsnoncontrollinginterest": 420000000,
        "incometaxexpensebenefit": 124000000,
        "incomelossfromcontinuingoperations": 296000000,
        "netincomeloss": 296000000,
        "incomelossfromcontinuingoperationsperdilutedshare": 1.18,
        "earningspersharediluted": 1.18,
        "incomelossfromcontinuingoperationsperbasicshare": 1.2,
        "earningspersharebasic": 1.2,
        "commonstockdividendspersharedeclared": 0.2,
        "weightedaveragenumberofdilutedsharesoutstanding": 250000000,
        "weightedaveragenumberofsharesoutstandingbasic": 246000000
    },
    {
        "date": "2011-06-29",
        "symbol": "MCK",
        "period": "Q1",
        "revenues": 2729000000,
        "costofrevenue": 28471000000,
        "grossprofit": 1509000000,
        "operatingcostsandexpenses": 1037000000,
        "operatingincomeloss": 472000000,
        "nonoperatingincomeexpense": 8000000,
        "interestanddebtexpense": 64000000,
        "incomelossfromcontinuingoperationsbeforeincometaxesextraordinaryitemsnoncontrollinginterest": 416000000,
        "incometaxexpensebenefit": 130000000,
        "netincomeloss": 286000000,
        "earningspersharediluted": 1.13,
        "earningspersharebasic": 1.15,
        "commonstockdividendspersharedeclared": 0.2,
        "weightedaveragenumberofdilutedsharesoutstanding": 254000000,
        "weightedaveragenumberofsharesoutstandingbasic": 249000000
    },
    {
        "date": "2010-12-30",
        "symbol": "MCK",
        "period": "Q3",
        "revenues": 28247000000,
        "costofrevenue": 26786000000,
        "grossprofit": 1461000000,
        "operatingincomeloss": 307000000,
        "nonoperatingincomeexpense": 7000000,
        "interestanddebtexpense": 53000000,
        "incometaxexpensebenefit": 106000000,
        "netincomelossavailabletocommonstockholdersbasic": 155000000,
        "earningspersharediluted": 0.6099999999999999,
        "earningspersharebasic": 0.6199999999999997,
        "commonstockdividendspersharedeclared": 0.18000000000000005,
        "weightedaveragenumberofdilutedsharesoutstanding": -270000000,
        "weightedaveragenumberofsharesoutstandingbasic": -265000000
    },
    {
        "date": "2010-09-29",
        "symbol": "MCK",
        "period": "Q2",
        "revenues": 27534000000,
        "costofrevenue": 26168000000,
        "grossprofit": 1366000000,
        "operatingexpensesotherthangainlossrelatedtolitigationsettlement": 925000000,
        "gainlossrelatedtolitigationsettlement": -24000000,
        "operatingexpenses": 949000000,
        "operatingincomeloss": 417000000,
        "nonoperatingincomeexpense": 3000000,
        "interestanddebtexpense": 44000000,
        "incomefromcontinuingoperationsbeforeincometaxes": 376000000,
        "incometaxexpensebenefit": 121000000,
        "incomelossfromcontinuingoperations": 255000000,
        "discontinuedoperationgainlossondisposalofdiscontinuedoperationnetoftax": 72000000,
        "netincomelossavailabletocommonstockholdersbasic": 327000000,
        "incomelossfromcontinuingoperationsperdilutedshare": 0.97,
        "incomelossfromdiscontinuedoperationsnetoftaxperdilutedshare": 0.28,
        "earningspersharediluted": 1.25,
        "incomelossfromcontinuingoperationsperbasicshare": 0.99,
        "incomelossfromdiscontinuedoperationsnetoftaxperbasicshare": 0.28,
        "earningspersharebasic": 1.27,
        "commonstockdividendspersharedeclared": 0.18,
        "weightedaveragenumberofdilutedsharesoutstanding": 262000000,
        "weightedaveragenumberofsharesoutstandingbasic": 258000000
    },
    {
        "date": "2010-06-29",
        "symbol": "MCK",
        "period": "Q1",
        "revenues": 27450000000,
        "costofrevenue": 26058000000,
        "grossprofit": 1392000000,
        "operatingexpensesotherthanlitigationcredit": 918000000,
        "operatingincomeloss": 474000000,
        "nonoperatingincomeexpense": 9000000,
        "interestanddebtexpense": 43000000,
        "incomebeforeincometaxes": 440000000,
        "incometaxexpensebenefit": 142000000,
        "netincomelossavailabletocommonstockholdersbasic": 298000000,
        "earningspersharediluted": 1.1,
        "earningspersharebasic": 1.12,
        "commonstockdividendspersharedeclared": 0.18,
        "weightedaveragenumberofdilutedsharesoutstanding": 272000000,
        "weightedaveragenumberofsharesoutstandingbasic": 266000000
    },
    {
        "date": "2009-09-29",
        "symbol": "MCK",
        "period": "Q2",
        "revenues": 27130000000,
        "costofrevenue": 25795000000,
        "grossprofit": 1335000000,
        "operatingexpensesotherthanlitigationcredit": 888000000,
        "litigationcredit": -20000000,
        "operatingexpenses": 868000000,
        "operatingincomeloss": 467000000,
        "nonoperatingincomeexpense": 4000000,
        "interestanddebtexpense": 47000000,
        "incomelossbeforeincometaxes": 424000000,
        "incometaxexpensebenefit": 123000000,
        "profitloss": 301000000,
        "earningspersharediluted": 1.11,
        "earningspersharebasic": 1.13,
        "commonstockdividendspersharedeclared": 0.12,
        "weightedaveragenumberofdilutedsharesoutstanding": 271000000,
        "weightedaveragenumberofsharesoutstandingbasic": 267000000
    }
]