[
    {
        "date": "2024-09-29",
        "symbol": "AMT",
        "period": "Q3",
        "revenues": 2522300000,
        "directcostsofleasedandrentedpropertyorequipment": 626900000,
        "costofgoodsandservicessold": 24900000,
        "depreciationamortizationandaccretionnet": 498500000,
        "sellinggeneralandadministrativeexpense": 127300000,
        "othernonrecurringincomeexpense": 5100000,
        "costsandexpenses": 1383100000,
        "operatingincomeloss": 1743200000,
        "interestincomeother": 37700000,
        "interestexpensenonoperating": 356800000,
        "othernonoperatingincomeexpense": -269600000,
        "nonoperatingincomeexpense": -588700000,
        "incomelossfromcontinuingoperationsbeforeincometaxesextraordinaryitemsnoncontrollinginterest": 550500000,
        "incometaxexpensebenefit": 122400000,
        "incomelossfromcontinuingoperationsincludingportionattributabletononcontrollinginterest": 428100000,
        "incomelossfromdiscontinuedoperationsnetoftax": -1208500000,
        "profitloss": -780400000,
        "netincomelossattributabletononcontrollinginterest": 11900000,
        "netincomelossavailabletocommonstockholdersbasic": -792300000,
        "netincomelossavailabletocommonstockholdersdiluted": -792300000,
        "netincomelossfromcontinuingoperationsavailabletocommonshareholdersbasic": 416200000,
        "netincomelossfromcontinuingoperationsavailabletocommonshareholdersdiluted": 416200000,
        "netincomelossfromdiscontinuedoperationsavailabletocommonshareholdersbasic": -1208500000,
        "netincomelossfromdiscontinuedoperationsavailabletocommonshareholdersdiluted": -1208500000,
        "incomelossfromcontinuingoperationsperbasicshare": 0.89,
        "incomelossfromdiscontinuedoperationsnetoftaxperbasicshare": -2.59,
        "earningspersharebasic": -1.7,
        "incomelossfromcontinuingoperationsperdilutedshare": 0.89,
        "incomelossfromdiscontinuedoperationsnetoftaxperdilutedshare": -2.58,
        "earningspersharediluted": -1.69,
        "weightedaveragenumberofsharesoutstandingbasic": 467196000,
        "weightedaveragenumberofdilutedsharesoutstanding": 468261000,
        "foreigncurrencytransactiongainlossunrealized": -337400000,
        "othercomprehensiveincomelossforeigncurrencytransactionandtranslationreclassificationadjustmentfromaocirealizeduponsaleorliquidationnetoftax": -1072300000,
        "othercomprehensiveincomeforeigncurrencytransactionandtranslationgainlossarisingduringperiodnetoftax": 350500000,
        "othercomprehensiveincomelossnetoftax": 1422800000,
        "comprehensiveincomenetoftaxincludingportionattributabletononcontrollinginterest": 642400000,
        "comprehensiveincomenetoftaxattributabletononcontrollinginterest": 155100000,
        "comprehensiveincomenetoftax": 487300000,
        "othercomprehensiveincomeforeigncurrencytranslationgainlossarisingduringperiodtax": 100000
    },
    {
        "date": "2024-06-29",
        "symbol": "AMT",
        "period": "Q2",
        "revenues": 2852900000,
        "directcostsofleasedandrentedpropertyorequipment": 799900000,
        "costofgoodsandservicessold": 22000000,
        "depreciationamortizationandaccretionnet": 561700000,
        "sellinggeneralandadministrativeexpense": 234300000,
        "othernonrecurringincomeexpense": -1900000,
        "costsandexpenses": 1616000000,
        "operatingincomeloss": 1284300000,
        "interestincomeother": 43700000,
        "interestexpensenonoperating": 365400000,
        "othernonoperatingincomeexpense": 65800000,
        "nonoperatingincomeexpense": -255900000,
        "incomelossfromcontinuingoperationsbeforeincometaxesextraordinaryitemsnoncontrollinginterest": 1028400000,
        "incometaxexpensebenefit": 120000000,
        "profitloss": 908400000,
        "netincomelossattributabletononcontrollinginterest": 8100000,
        "netincomelossavailabletocommonstockholdersbasic": 900300000,
        "netincomelossavailabletocommonstockholdersdiluted": 900300000,
        "earningspersharebasic": 1.93,
        "earningspersharediluted": 1.92,
        "weightedaveragenumberofsharesoutstandingbasic": 467038000,
        "weightedaveragenumberofdilutedsharesoutstanding": 467781000,
        "foreigncurrencytransactiongainlossunrealized": -21700000,
        "othercomprehensiveincomelossforeigncurrencytransactionandtranslationadjustmentnetoftax": -410800000,
        "othercomprehensiveincomelossnetoftax": -410800000,
        "comprehensiveincomenetoftaxincludingportionattributabletononcontrollinginterest": 497600000,
        "comprehensiveincomenetoftaxattributabletononcontrollinginterest": -18900000,
        "comprehensiveincomenetoftax": 516500000,
        "othercomprehensiveincomelossforeigncurrencytranslationadjustmenttax": -100000
    },
    {
        "date": "2024-03-30",
        "symbol": "AMT",
        "period": "Q1",
        "revenues": 2803900000,
        "directcostsofleasedandrentedpropertyorequipment": 774400000,
        "costofgoodsandservicessold": 13900000,
        "depreciationamortizationandaccretionnet": 549400000,
        "sellinggeneralandadministrativeexpense": 257000000,
        "othercostandexpenseoperating": 2800000,
        "costsandexpenses": 1597500000,
        "operatingincomeloss": 1236600000,
        "interestincomeother": 48000000,
        "interestexpense": 366700000,
        "othernonoperatingincomeexpense": 113000000,
        "nonoperatingincomeexpense": -205700000,
        "incomelossfromcontinuingoperationsbeforeincometaxesextraordinaryitemsnoncontrollinginterest": 1030900000,
        "incometaxexpensebenefit": 109200000,
        "profitloss": 921700000,
        "netincomelossattributabletononcontrollinginterest": 4300000,
        "netincomelossavailabletocommonstockholdersbasic": 917400000,
        "netincomelossavailabletocommonstockholdersdiluted": 917400000,
        "earningspersharebasic": 1.97,
        "earningspersharediluted": 1.96,
        "weightedaveragenumberofsharesoutstandingbasic": 466519000,
        "weightedaveragenumberofdilutedsharesoutstanding": 467660000,
        "foreigncurrencytransactiongainlossunrealized": 127600000,
        "othercomprehensiveincomelossforeigncurrencytransactionandtranslationadjustmentnetoftax": -431200000,
        "othercomprehensiveincomelossnetoftax": -431200000,
        "comprehensiveincomenetoftaxincludingportionattributabletononcontrollinginterest": 490500000,
        "comprehensiveincomenetoftaxattributabletononcontrollinginterest": -88400000,
        "comprehensiveincomenetoftax": 578900000,
        "othercomprehensiveincomelossforeigncurrencytranslationadjustmenttax": -200000
    },
    {
        "date": "2023-12-30",
        "symbol": "AMT",
        "period": "Q4",
        "revenues": 2669900000,
        "directcostsofleasedandrentedpropertyorequipment": 800100000,
        "costofgoodsandservicessold": 11300000,
        "sellinggeneralandadministrativeexpense": 481800000,
        "othercostandexpenseoperating": 161200000,
        "costsandexpenses": 2069800000,
        "operatingincomeloss": -1260500000,
        "interestincomeother": 36300000,
        "interestexpense": 350700000,
        "othernonoperatingincomeexpense": 449100000.00000006,
        "nonoperatingincomeexpense": -681700000,
        "incomelossfromcontinuingoperationsbeforeincometaxesextraordinaryitemsnoncontrollinginterest": 35200000,
        "incometaxexpensebenefit": 21900000,
        "profitloss": 13300000,
        "netincomelossattributabletononcontrollinginterest": -71600000,
        "netincomelossavailabletocommonstockholdersbasic": 84900000,
        "netincomelossavailabletocommonstockholdersdiluted": 84900000,
        "earningspersharebasic": 0.18000000000000016,
        "earningspersharediluted": 0.18000000000000016,
        "weightedaveragenumberofsharesoutstandingbasic": 466063000,
        "weightedaveragenumberofdilutedsharesoutstanding": 467162000,
        "foreigncurrencytransactiongainlossunrealized": -377700000,
        "othercomprehensiveincomelossforeigncurrencytransactionandtranslationadjustmentnetoftax": 466300000,
        "othercomprehensiveincomelossnetoftax": 466300000,
        "comprehensiveincomenetoftaxincludingportionattributabletononcontrollinginterest": 479600000,
        "comprehensiveincomenetoftax": 411300000
    },
    {
        "date": "2023-09-29",
        "symbol": "AMT",
        "period": "Q3",
        "revenues": 2792400000,
        "directcostsofleasedandrentedpropertyorequipment": 803300000,
        "costofgoodsandservicessold": 12500000,
        "depreciationandamortization": 762900000,
        "sellinggeneralandadministrativeexpense": 231900000,
        "othercostandexpenseoperating": 27300000,
        "goodwillimpairmentloss": 322000000,
        "costsandexpenses": 2159900000,
        "operatingincomeloss": 658700000,
        "interestincomeother": 45700000,
        "interestexpense": 359200000,
        "othernonoperatingincomeexpense": 297800000,
        "nonoperatingincomeexpense": -15700000,
        "incomelossfromcontinuingoperationsbeforeincometaxesextraordinaryitemsnoncontrollinginterest": 643000000,
        "incometaxexpensebenefit": 65700000,
        "profitloss": 577300000,
        "netincomelossattributabletononcontrollinginterest": -9600000,
        "netincomelossavailabletocommonstockholdersbasic": 586900000,
        "netincomelossavailabletocommonstockholdersdiluted": 586900000,
        "earningspersharebasic": 1.26,
        "earningspersharediluted": 1.26,
        "weightedaveragenumberofsharesoutstandingbasic": 466168000,
        "weightedaveragenumberofdilutedsharesoutstanding": 467161000,
        "foreigncurrencytransactiongainlossunrealized": 238600000,
        "othercomprehensiveincomelossforeigncurrencytransactionandtranslationadjustmentnetoftax": -624600000,
        "othercomprehensiveincomelossnetoftax": -624600000,
        "comprehensiveincomenetoftaxincludingportionattributabletononcontrollinginterest": -47300000,
        "comprehensiveincomenetoftaxattributabletononcontrollinginterest": -128900000,
        "comprehensiveincomenetoftax": 81600000,
        "othercomprehensiveincomelossforeigncurrencytranslationadjustmenttax": -200000
    },
    {
        "date": "2023-06-29",
        "symbol": "AMT",
        "period": "Q2",
        "revenues": 2771700000,
        "directcostsofleasedandrentedpropertyorequipment": 810100000,
        "costofgoodsandservicessold": 17200000,
        "depreciationandamortization": 764600000,
        "sellinggeneralandadministrativeexpense": 140300000,
        "othercostandexpenseoperating": 61700000,
        "costsandexpenses": 1898000000,
        "operatingincomeloss": 1804100000,
        "interestincomeother": 30600000,
        "interestexpense": 348100000,
        "gainslossesonextinguishmentofdebt": -300000,
        "othernonoperatingincomeexpense": -460700000,
        "nonoperatingincomeexpense": -399000000,
        "incomelossfromcontinuingoperationsbeforeincometaxesextraordinaryitemsnoncontrollinginterest": 474700000,
        "incometaxexpensebenefit": 13200000,
        "profitloss": 461500000,
        "netincomelossattributabletononcontrollinginterest": -14200000,
        "netincomelossavailabletocommonstockholdersbasic": 475700000,
        "netincomelossavailabletocommonstockholdersdiluted": 475700000,
        "earningspersharebasic": 1.02,
        "earningspersharediluted": 1.02,
        "weightedaveragenumberofsharesoutstandingbasic": 466087000,
        "weightedaveragenumberofdilutedsharesoutstanding": 466979000,
        "foreigncurrencytransactiongainlossunrealized": -107600000,
        "othercomprehensiveincomelossforeigncurrencytransactionandtranslationadjustmentnetoftax": -13600000,
        "othercomprehensiveincomelossnetoftax": -13600000,
        "comprehensiveincomenetoftaxincludingportionattributabletononcontrollinginterest": 447900000,
        "comprehensiveincomelossnetoftaxattributabletononredeemablenoncontrollinginterest": 6700000,
        "comprehensiveincomenetoftax": 441200000,
        "othercomprehensiveincomelossforeigncurrencytranslationadjustmenttax": 200000
    },
    {
        "date": "2023-03-30",
        "symbol": "AMT",
        "period": "Q1",
        "revenues": 2767200000,
        "directcostsofleasedandrentedpropertyorequipment": 787000000,
        "costofgoodsandservicessold": 19100000,
        "depreciationandamortization": 794100000,
        "sellinggeneralandadministrativeexpense": 138500000,
        "othercostandexpenseoperating": 127500000,
        "costsandexpenses": 1991600000,
        "operatingincomeloss": 1822600000,
        "interestincomeother": 30800000,
        "interestexpense": 340200000,
        "othernonoperatingincomeexpense": -534700000.00000006,
        "nonoperatingincomeexpense": -407200000,
        "incomelossfromcontinuingoperationsbeforeincometaxesextraordinaryitemsnoncontrollinginterest": 368400000,
        "incometaxexpensebenefit": 53400000,
        "profitloss": 315000000,
        "netincomelossattributabletononcontrollinginterest": -20800000,
        "netincomelossavailabletocommonstockholdersbasic": 335800000,
        "netincomelossavailabletocommonstockholdersdiluted": 335800000,
        "earningspersharebasic": 0.72,
        "earningspersharediluted": 0.72,
        "weightedaveragenumberofsharesoutstandingbasic": 465741000,
        "weightedaveragenumberofdilutedsharesoutstanding": 466810000,
        "foreigncurrencytransactiongainlossunrealized": -84100000,
        "othercomprehensiveincomelossforeigncurrencytransactionandtranslationadjustmentnetoftax": 232100000,
        "othercomprehensiveincomelossnetoftax": 232100000,
        "comprehensiveincomenetoftaxincludingportionattributabletononcontrollinginterest": 547100000,
        "comprehensiveincomelossnetoftaxattributabletononredeemablenoncontrollinginterest": 19100000,
        "comprehensiveincomenetoftax": 528000000
    },
    {
        "date": "2022-12-30",
        "symbol": "AMT",
        "period": "Q4",
        "revenues": -7921400000,
        "directcostsofleasedandrentedpropertyorequipment": 782100000,
        "costofgoodsandservicessold": 22900000,
        "sellinggeneralandadministrativeexpense": 418800000,
        "othercostandexpenseoperating": 669000000,
        "costsandexpenses": 2512999999.999999,
        "operatingincomeloss": 1771700000,
        "interestincomeother": 28600000,
        "interestexpense": 303500000,
        "othernonoperatingincomeexpense": -675700000,
        "nonoperatingincomeexpense": -950600000,
        "incomelossfromcontinuingoperationsbeforeincometaxesextraordinaryitemsnoncontrollinginterest": -758600000,
        "incometaxexpensebenefit": -42000000,
        "profitloss": -716600000,
        "netincomelossattributabletononcontrollinginterest": -32800000,
        "earningspersharebasic": -1.4899999999999998,
        "earningspersharediluted": -1.4900000000000004,
        "weightedaveragenumberofsharesoutstandingbasic": -918797000,
        "weightedaveragenumberofdilutedsharesoutstanding": -921081000,
        "foreigncurrencytransactiongainlossunrealized": -661900000,
        "othercomprehensiveincomelossforeigncurrencytransactionandtranslationadjustmentnetoftax": 952900000,
        "othercomprehensiveincomelossnetoftax": 952900000,
        "comprehensiveincomenetoftaxincludingportionattributabletononcontrollinginterest": 236300000,
        "comprehensiveincomelossnetoftaxattributabletononredeemablenoncontrollinginterest": 240200000,
        "comprehensiveincomenetoftax": -3900000
    },
    {
        "date": "2022-09-29",
        "symbol": "AMT",
        "period": "Q3",
        "revenues": 2671500000,
        "directcostsofleasedandrentedpropertyorequipment": 808800000,
        "costofgoodsandservicessold": 27700000,
        "depreciationandamortization": 898100000,
        "sellinggeneralandadministrativeexpense": 53300000,
        "othercostandexpenseoperating": 52800000,
        "costsandexpenses": 2018600000,
        "operatingincomeloss": 1696300000,
        "interestincomeother": 18800000,
        "interestexpense": 294000000,
        "gainslossesonextinguishmentofdebt": -400000,
        "othernonoperatingincomeexpense": 478500000,
        "nonoperatingincomeexpense": 202900000,
        "incomelossfromcontinuingoperationsbeforeincometaxesextraordinaryitemsnoncontrollinginterest": 855800000,
        "incometaxexpensebenefit": 36100000,
        "profitloss": 819700000,
        "netincomelossattributabletononcontrollinginterest": -20000000,
        "netincomeloss": 839700000,
        "earningspersharebasic": 1.8,
        "earningspersharediluted": 1.8,
        "weightedaveragenumberofsharesoutstandingbasic": 465594000,
        "weightedaveragenumberofdilutedsharesoutstanding": 466801000,
        "foreigncurrencytransactiongainlossunrealized": 474500000,
        "othercomprehensiveincomelossforeigncurrencytransactionandtranslationadjustmentnetoftax": -1075900000,
        "othercomprehensiveincomelossnetoftax": -1075900000,
        "comprehensiveincomenetoftaxincludingportionattributabletononcontrollinginterest": -256200000,
        "comprehensiveincomelossnetoftaxattributabletononredeemablenoncontrollinginterest": -225900000,
        "comprehensiveincomenetoftax": -30300000,
        "othercomprehensiveincomelossforeigncurrencytranslationadjustmenttax": -800000
    },
    {
        "date": "2022-06-29",
        "symbol": "AMT",
        "period": "Q2",
        "revenues": 2674300000,
        "directcostsofleasedandrentedpropertyorequipment": 794000000,
        "costofgoodsandservicessold": 28900000,
        "depreciationandamortization": 826500000,
        "sellinggeneralandadministrativeexpense": 48500000,
        "othercostandexpenseoperating": 19700000,
        "costsandexpenses": 1892000000,
        "operatingincomeloss": 1719200000,
        "interestincomeother": 14300000,
        "interestexpense": 276600000,
        "othernonoperatingincomeexpense": 378300000,
        "nonoperatingincomeexpense": 116000000,
        "incomelossfromcontinuingoperationsbeforeincometaxesextraordinaryitemsnoncontrollinginterest": 898300000,
        "incometaxexpensebenefit": 7400000,
        "profitloss": 890900000,
        "netincomelossattributabletononcontrollinginterest": -7300000,
        "netincomeloss": 898200000,
        "earningspersharebasic": 1.96,
        "earningspersharediluted": 1.95,
        "weightedaveragenumberofsharesoutstandingbasic": 458776000,
        "weightedaveragenumberofdilutedsharesoutstanding": 459819000,
        "foreigncurrencytransactiongainlossunrealized": 394700000,
        "othercomprehensiveincomelossforeigncurrencytransactionandtranslationadjustmentnetoftax": -1136400000,
        "othercomprehensiveincomelossnetoftax": -1136400000,
        "comprehensiveincomenetoftaxincludingportionattributabletononcontrollinginterest": -245500000,
        "comprehensiveincomelossnetoftaxattributabletononredeemablenoncontrollinginterest": -168500000,
        "comprehensiveincomenetoftax": -77000000,
        "othercomprehensiveincomelossforeigncurrencytranslationadjustmenttax": -200000
    },
    {
        "date": "2022-03-30",
        "symbol": "AMT",
        "period": "Q1",
        "revenues": 2660300000,
        "directcostsofleasedandrentedpropertyorequipment": 771500000,
        "costofgoodsandservicessold": 27900000,
        "depreciationandamortization": 815800000,
        "sellinggeneralandadministrativeexpense": 57900000,
        "othercostandexpenseoperating": 26100000,
        "costsandexpenses": 1935200000,
        "operatingincomeloss": 1681600000,
        "interestincomeother": 9900000,
        "interestexpense": 262399999.99999997,
        "othernonoperatingincomeexpense": 252600000,
        "nonoperatingincomeexpense": 100000,
        "incomelossfromcontinuingoperationsbeforeincometaxesextraordinaryitemsnoncontrollinginterest": 725200000,
        "incometaxexpensebenefit": 22500000,
        "profitloss": 702700000,
        "netincomelossattributabletononcontrollinginterest": -9000000,
        "netincomeloss": 711700000,
        "earningspersharebasic": 1.56,
        "earningspersharediluted": 1.56,
        "weightedaveragenumberofsharesoutstandingbasic": 455946000,
        "weightedaveragenumberofdilutedsharesoutstanding": 457211000,
        "foreigncurrencytransactiongainlossunrealized": 242100000,
        "othercomprehensiveincomelossforeigncurrencytransactionandtranslationadjustmentnetoftax": 94400000,
        "othercomprehensiveincomelossnetoftax": 94400000,
        "comprehensiveincomenetoftaxincludingportionattributabletononcontrollinginterest": 797100000,
        "comprehensiveincomelossnetoftaxattributabletononredeemablenoncontrollinginterest": -100500000,
        "comprehensiveincomenetoftax": 897600000
    },
    {
        "date": "2021-12-30",
        "symbol": "AMT",
        "period": "Q4",
        "revenues": -6849100000,
        "directcostsofleasedandrentedpropertyorequipment": 705300000,
        "costofgoodsandservicessold": 30200000,
        "depreciationamortizationandaccretionnet": 643900000,
        "sellinggeneralandadministrativeexpense": 346300000,
        "othercostandexpenseoperating": 223300000,
        "costsandexpenses": 1818600000,
        "operatingincomeloss": 1572500000,
        "interestincomeother": 12000000,
        "interestexpense": 224100000,
        "othernonoperatingincomeexpense": 126500000,
        "nonoperatingincomeexpense": -98100000,
        "incomelossfromcontinuingoperationsbeforeincometaxesextraordinaryitemsnoncontrollinginterest": 528500000,
        "incometaxexpensebenefit": 87300000,
        "profitloss": 441200000,
        "netincomelossattributabletononcontrollinginterest": -12200000,
        "earningspersharebasic": 0.9900000000000004,
        "earningspersharediluted": 0.9800000000000006,
        "weightedaveragenumberofsharesoutstandingbasic": 1350000,
        "weightedaveragenumberofdilutedsharesoutstanding": 1313000,
        "foreigncurrencytransactiongainlossunrealized": 135800000,
        "othercomprehensiveincomelossforeigncurrencytransactionandtranslationadjustmentnetoftax": -323300000,
        "othercomprehensiveincomelossnetoftax": -323300000,
        "comprehensiveincomenetoftaxincludingportionattributabletononcontrollinginterest": 117900000,
        "comprehensiveincomelossnetoftaxattributabletononredeemablenoncontrollinginterest": -75000000,
        "comprehensiveincomenetoftax": 146500000
    },
    {
        "date": "2021-09-29",
        "symbol": "AMT",
        "period": "Q3",
        "revenues": 2454300000,
        "directcostsofleasedandrentedpropertyorequipment": 693400000,
        "costofgoodsandservicessold": 30900000,
        "depreciationamortizationandaccretionnet": 611400000,
        "sellinggeneralandadministrativeexpense": 48800000,
        "othercostandexpenseoperating": 85200000,
        "costsandexpenses": 1626800000,
        "operatingincomeloss": 1601000000,
        "interestincomeother": 9400000,
        "interestexpense": 226100000,
        "othernonoperatingincomeexpense": 166800000,
        "nonoperatingincomeexpense": -49900000,
        "incomelossfromcontinuingoperationsbeforeincometaxesextraordinaryitemsnoncontrollinginterest": 777600000,
        "incometaxexpensebenefit": 51400000,
        "profitloss": 726200000,
        "netincomelossattributabletononcontrollinginterest": 3200000,
        "earningspersharebasic": 1.59,
        "earningspersharediluted": 1.5799999999999994,
        "weightedaveragenumberofsharesoutstandingbasic": 2579000,
        "weightedaveragenumberofdilutedsharesoutstanding": 2591000,
        "foreigncurrencytransactiongainlossunrealized": 180500000,
        "othercomprehensiveincomelossforeigncurrencytransactionandtranslationadjustmentnetoftax": -622000000,
        "othercomprehensiveincomelossnetoftax": -622000000,
        "comprehensiveincomenetoftaxincludingportionattributabletononcontrollinginterest": 104200000,
        "comprehensiveincomelossnetoftaxattributabletononredeemablenoncontrollinginterest": -89700000,
        "comprehensiveincomelossnetoftaxattributabletoredeemablenoncontrollinginterest": 0,
        "comprehensiveincomenetoftax": 193900000
    },
    {
        "date": "2021-06-29",
        "symbol": "AMT",
        "period": "Q2",
        "revenues": 2233000000,
        "directcostsofleasedandrentedpropertyorequipment": 623300000,
        "costofgoodsandservicessold": 24600000,
        "depreciationamortizationandaccretionnet": 554800000,
        "sellinggeneralandadministrativeexpense": 207200000,
        "othercostandexpenseoperating": 39800000,
        "costsandexpenses": 1449700000,
        "operatingincomeloss": 849200000,
        "interestincomeother": 7600000,
        "interestexpense": 213700000,
        "gainslossesonextinguishmentofdebt": 0,
        "othernonoperatingincomeexpense": 177600000,
        "nonoperatingincomeexpense": -28500000,
        "incomelossfromcontinuingoperationsbeforeincometaxesextraordinaryitemsnoncontrollinginterest": 820700000,
        "incometaxexpensebenefit": 72800000,
        "profitloss": 747900000,
        "netincomelossattributabletononcontrollinginterest": 1600000,
        "earningspersharebasic": 1.66,
        "earningspersharediluted": 1.6500000000000001,
        "weightedaveragenumberofsharesoutstandingbasic": 3083000,
        "weightedaveragenumberofdilutedsharesoutstanding": 3096000,
        "foreigncurrencytransactiongainlossunrealized": 146900000,
        "othercomprehensiveincomelossforeigncurrencytransactionandtranslationadjustmentnetoftax": 118800000,
        "othercomprehensiveincomelossnetoftax": 118900000,
        "comprehensiveincomenetoftaxincludingportionattributabletononcontrollinginterest": 866800000,
        "comprehensiveincomelossnetoftaxattributabletoredeemablenoncontrollinginterest": -47400000,
        "comprehensiveincomelossnetoftaxattributabletononredeemablenoncontrollinginterest": 9200000,
        "comprehensiveincomenetoftax": 905000000
    },
    {
        "date": "2021-03-30",
        "symbol": "AMT",
        "period": "Q1",
        "revenues": 2129700000,
        "directcostsofleasedandrentedpropertyorequipment": 563300000,
        "costofgoodsandservicessold": 11000000,
        "depreciationamortizationandaccretionnet": 522500000,
        "sellinggeneralandadministrativeexpense": 182600000,
        "othercostandexpenseoperating": 50400000,
        "costsandexpenses": 1329800000,
        "operatingincomeloss": 828700000,
        "interestexpense": 207000000,
        "gainslossesonextinguishmentofdebt": -25700000,
        "othernonoperatingincomeexpense": 95200000,
        "nonoperatingincomeexpense": -126100000,
        "incomelossfromcontinuingoperationsbeforeincometaxesextraordinaryitemsnoncontrollinginterest": 702600000,
        "incometaxexpensebenefit": 50300000,
        "profitloss": 652300000,
        "netincomelossattributabletononcontrollinginterest": 7300000,
        "netincomelossavailabletocommonstockholdersbasic": 645000000,
        "earningspersharebasic": 1.45,
        "earningspersharediluted": 1.45,
        "weightedaveragenumberofsharesoutstandingbasic": 444486000,
        "weightedaveragenumberofdilutedsharesoutstanding": 446294000,
        "interestincomeother": 11400000,
        "foreigncurrencytransactiongainlossunrealized": 94700000,
        "othercomprehensiveincomelossforeigncurrencytransactionandtranslationadjustmentnetoftax": -323700000,
        "othercomprehensiveincomelossnetoftax": -323700000,
        "comprehensiveincomenetoftaxincludingportionattributabletononcontrollinginterest": 328600000,
        "comprehensiveincomelossnetoftaxattributabletoredeemablenoncontrollinginterest": -100000,
        "comprehensiveincomelossnetoftaxattributabletononredeemablenoncontrollinginterest": -14100000,
        "comprehensiveincomenetoftax": 342800000
    },
    {
        "date": "2020-12-30",
        "symbol": "AMT",
        "period": "Q4",
        "revenues": 2099600000,
        "directcostsofleasedandrentedpropertyorequipment": 563100000,
        "depreciationamortizationandaccretionnet": 481200000,
        "sellinggeneralandadministrativeexpense": 196300000,
        "othercostandexpenseoperating": 198100000,
        "costsandexpenses": 1448200000,
        "operatingincomeloss": 674300000,
        "interestexpense": 196100000,
        "othernonoperatingincomeexpense": -70000000,
        "nonoperatingincomeexpense": -254600000,
        "incometaxexpensebenefit": 58100000,
        "profitloss": 361600000,
        "netincomelossattributabletononcontrollinginterest": -3500000,
        "netincomeloss": 365100000,
        "netincomelossavailabletocommonstockholdersbasic": 365100000,
        "earningspersharebasic": 0.8199999999999998,
        "earningspersharediluted": 0.82,
        "weightedaveragenumberofsharesoutstandingbasic": 220000,
        "weightedaveragenumberofdilutedsharesoutstanding": 96000,
        "foreigncurrencytransactiongainlossunrealized": -63700000,
        "othercomprehensiveincomelossforeigncurrencytransactionandtranslationadjustmentnetoftax": 521200000,
        "othercomprehensiveincomelossnetoftax": 521300000,
        "comprehensiveincomenetoftaxincludingportionattributabletononcontrollinginterest": 882900000,
        "comprehensiveincomenetoftax": 796900000
    },
    {
        "date": "2020-09-29",
        "symbol": "AMT",
        "period": "Q3",
        "revenues": 1987600000,
        "directcostsofleasedandrentedpropertyorequipment": 552100000,
        "depreciationamortizationandaccretionnet": 473900000,
        "sellinggeneralandadministrativeexpense": 176000000,
        "othercostandexpenseoperating": 15300000,
        "costsandexpenses": 1227800000,
        "operatingincomeloss": 785100000,
        "investmentincomenonoperating": 9700000,
        "interestexpense": 190900000,
        "othernonoperatingincomeexpense": -64500000,
        "nonoperatingincomeexpense": -282900000,
        "incomelossfromcontinuingoperationsbeforeincometaxesextraordinaryitemsnoncontrollinginterest": 502200000,
        "incometaxexpensebenefit": 39300000,
        "profitloss": 462900000,
        "netincomelossattributabletononcontrollinginterest": -1500000,
        "netincomeloss": 464400000,
        "netincomelossavailabletocommonstockholdersbasic": 464400000,
        "earningspersharebasic": 1.0500000000000003,
        "earningspersharediluted": 1.04,
        "weightedaveragenumberofsharesoutstandingbasic": 175000,
        "weightedaveragenumberofdilutedsharesoutstanding": 115000,
        "foreigncurrencytransactiongainlossunrealized": -49400000,
        "othercomprehensiveincomelossforeigncurrencytransactionandtranslationadjustmentnetoftax": 115000000,
        "othercomprehensiveincomelossnetoftax": 115000000,
        "comprehensiveincomenetoftaxincludingportionattributabletononcontrollinginterest": 577900000,
        "comprehensiveincomelossnetoftaxattributabletononredeemablenoncontrollinginterest": 30200000,
        "comprehensiveincomenetoftax": 547700000
    },
    {
        "date": "2020-06-29",
        "symbol": "AMT",
        "period": "Q2",
        "revenues": 1893200000,
        "directcostsofleasedandrentedpropertyorequipment": 530300000,
        "depreciationamortizationandaccretionnet": 454900000,
        "sellinggeneralandadministrativeexpense": 188600000,
        "othercostandexpenseoperating": 38200000,
        "costsandexpenses": 1221700000,
        "operatingincomeloss": 691300000,
        "investmentincomenonoperating": 8400000,
        "interestexpense": 197700000,
        "gainslossesonextinguishmentofdebt": 0,
        "othernonoperatingincomeexpense": -42500000,
        "nonoperatingincomeexpense": -231800000,
        "incomelossfromcontinuingoperationsbeforeincometaxesextraordinaryitemsnoncontrollinginterest": 459500000,
        "incometaxexpensebenefit": 11100000,
        "profitloss": 448400000,
        "netincomelossattributabletononcontrollinginterest": 2300000,
        "netincomeloss": 446100000,
        "netincomelossavailabletocommonstockholdersbasic": 446100000,
        "earningspersharebasic": 1,
        "earningspersharediluted": 0.9999999999999999,
        "weightedaveragenumberofsharesoutstandingbasic": 190000,
        "weightedaveragenumberofdilutedsharesoutstanding": 61000,
        "foreigncurrencytransactiongainlossunrealized": -37800000,
        "othercomprehensiveincomelossforeigncurrencytransactionandtranslationadjustmentnetoftax": 5800000,
        "othercomprehensiveincomelossnetoftax": 5800000,
        "comprehensiveincomenetoftaxincludingportionattributabletononcontrollinginterest": 454200000,
        "comprehensiveincomelossnetoftaxattributabletoredeemablenoncontrollinginterest": 0,
        "comprehensiveincomelossnetoftaxattributabletononredeemablenoncontrollinginterest": 10900000,
        "comprehensiveincomenetoftax": 443300000
    },
    {
        "date": "2020-03-30",
        "symbol": "AMT",
        "period": "Q1",
        "revenues": 1973200000,
        "directcostsofleasedandrentedpropertyorequipment": 544100000,
        "costofgoodsandservicessold": 7900000,
        "depreciationamortizationandaccretionnet": 472300000,
        "sellinggeneralandadministrativeexpense": 217800000,
        "othercostandexpenseoperating": 14200000,
        "costsandexpenses": 1256300000,
        "operatingincomeloss": 736800000,
        "investmentincomenonoperating": 10100000,
        "interestexpense": 208800000,
        "gainslossesonextinguishmentofdebt": -34600000,
        "othernonoperatingincomeexpense": -63800000,
        "nonoperatingincomeexpense": -297100000,
        "incomelossfromcontinuingoperationsbeforeincometaxesextraordinaryitemsnoncontrollinginterest": 439700000,
        "incometaxexpensebenefit": 21100000,
        "profitloss": 418600000,
        "netincomelossattributabletononcontrollinginterest": 3600000,
        "netincomeloss": 415000000,
        "netincomelossavailabletocommonstockholdersbasic": 415000000,
        "earningspersharebasic": 0.94,
        "earningspersharediluted": 0.93,
        "weightedaveragenumberofsharesoutstandingbasic": 443055000,
        "weightedaveragenumberofdilutedsharesoutstanding": 445832000,
        "foreigncurrencytransactiongainlossunrealized": -65500000,
        "othercomprehensiveincomelossforeigncurrencytransactionandtranslationadjustmentnetoftax": -1343500000,
        "othercomprehensiveincomelossnetoftax": -1343500000,
        "comprehensiveincomenetoftaxincludingportionattributabletononcontrollinginterest": -924900000,
        "comprehensiveincomelossnetoftaxattributabletoredeemablenoncontrollinginterest": 142200000,
        "comprehensiveincomelossnetoftaxattributabletononredeemablenoncontrollinginterest": -34000000,
        "comprehensiveincomenetoftax": -1033100000
    },
    {
        "date": "2019-12-30",
        "symbol": "AMT",
        "period": "Q4",
        "profitloss": 569400000,
        "othercomprehensiveincomelossforeigncurrencytransactionandtranslationadjustmentnetoftax": 162700000,
        "othercomprehensiveincomelossnetoftax": 162700000,
        "comprehensiveincomenetoftaxincludingportionattributabletononcontrollinginterest": 732100000,
        "comprehensiveincomenetoftax": 718100000,
        "othercomprehensiveincomelossforeigncurrencytranslationadjustmenttax": 100000,
        "revenues": 1908400000,
        "directcostsofleasedandrentedpropertyorequipment": 543300000,
        "costofgoodsandservicessold": 6900000,
        "depreciationamortizationandaccretionnet": 449800000,
        "sellinggeneralandadministrativeexpense": 179600000,
        "othercostandexpenseoperating": 82800000,
        "costsandexpenses": 1262400000,
        "operatingincomeloss": 661300000,
        "interestincomeother": 10500000,
        "interestexpense": 200900000,
        "othernonoperatingincomeexpense": -2000000,
        "nonoperatingincomeexpense": -192400000,
        "incomelossfromcontinuingoperationsbeforeincometaxesminorityinterestandincomelossfromequitymethodinvestments": 468900000,
        "incometaxexpensebenefit": -100500000,
        "netincomelossattributabletononcontrollinginterest": 6700000,
        "netincomeloss": 562700000,
        "netincomelossavailabletocommonstockholdersbasic": 562700000,
        "earningspersharebasic": 1.2699999999999996,
        "earningspersharediluted": 1.2600000000000002,
        "weightedaveragenumberofsharesoutstandingbasic": 209000,
        "weightedaveragenumberofdilutedsharesoutstanding": 168000,
        "foreigncurrencytransactiongainlossunrealized": -7600000
    },
    {
        "date": "2019-09-29",
        "symbol": "AMT",
        "period": "Q3",
        "profitloss": 505300000,
        "othercomprehensiveincomelossforeigncurrencytransactionandtranslationadjustmentnetoftax": -407600000,
        "othercomprehensiveincomelossnetoftax": -407500000,
        "comprehensiveincomenetoftaxincludingportionattributabletononcontrollinginterest": 97800000,
        "comprehensiveincomenetoftax": 126300000,
        "othercomprehensiveincomelossforeigncurrencytranslationadjustmenttax": -100000,
        "revenues": 1853500000,
        "directcostsofleasedandrentedpropertyorequipment": 548000000,
        "costofgoodsandservicessold": 11900000,
        "depreciationamortizationandaccretionnet": 442800000,
        "sellinggeneralandadministrativeexpense": 187900000,
        "othercostandexpenseoperating": 34700000,
        "costsandexpenses": 1225300000,
        "operatingincomeloss": 728300000,
        "interestincomeother": 12200000,
        "interestexpense": 201300000,
        "gainslossesonextinguishmentofdebt": 0,
        "othernonoperatingincomeexpense": 2800000,
        "nonoperatingincomeexpense": -186300000,
        "incomelossfromcontinuingoperationsbeforeincometaxesminorityinterestandincomelossfromequitymethodinvestments": 542000000,
        "incometaxexpensebenefit": 36700000,
        "netincomelossattributabletononcontrollinginterest": 6700000,
        "netincomeloss": 498600000,
        "netincomelossavailabletocommonstockholdersbasic": 498600000,
        "earningspersharebasic": 1.13,
        "earningspersharediluted": 1.1199999999999997,
        "weightedaveragenumberofsharesoutstandingbasic": 332000,
        "weightedaveragenumberofdilutedsharesoutstanding": 312000,
        "foreigncurrencytransactiongainlossunrealized": -1100000
    },
    {
        "date": "2019-06-29",
        "symbol": "AMT",
        "period": "Q2",
        "profitloss": 434300000,
        "othercomprehensiveincomelosscashflowhedgegainlossbeforereclassificationaftertax": 0,
        "othercomprehensiveincomelosscashflowhedgegainlossreclassificationaftertax": 0,
        "othercomprehensiveincomelossforeigncurrencytransactionandtranslationadjustmentnetoftax": 74100000,
        "othercomprehensiveincomelossnetoftax": 74100000,
        "comprehensiveincomenetoftaxincludingportionattributabletononcontrollinginterest": 508400000,
        "comprehensiveincomenetoftax": 494600000,
        "othercomprehensiveincomelossforeigncurrencytranslationadjustmenttax": -500000,
        "operatingleaseleaseincome": 1848900000,
        "revenuefromcontractwithcustomerincludingassessedtax": 40700000,
        "revenues": 1917000000,
        "directcostsofleasedandrentedpropertyorequipment": 549400000,
        "costofgoodsandservicessold": 13900000,
        "depreciationamortizationandaccretionnet": 448900000,
        "sellinggeneralandadministrativeexpense": 164800000,
        "othercostandexpenseoperating": 28700000,
        "costsandexpenses": 1205700000,
        "operatingincomeloss": 683900000,
        "interestincomeother": 11700000,
        "interestexpense": 204500000,
        "gainslossesonextinguishmentofdebt": -22100000,
        "othernonoperatingincomeexpense": -5100000,
        "nonoperatingincomeexpense": -220000000,
        "incomelossfromcontinuingoperationsbeforeincometaxesminorityinterestandincomelossfromequitymethodinvestments": 463900000,
        "incometaxexpensebenefit": 29600000,
        "netincomelossattributabletononcontrollinginterest": 5200000,
        "netincomeloss": 429100000,
        "netincomelossavailabletocommonstockholdersbasic": 429070000,
        "earningspersharebasic": 0.9700000000000001,
        "earningspersharediluted": 0.9700000000000001,
        "weightedaveragenumberofsharesoutstandingbasic": 427000,
        "weightedaveragenumberofdilutedsharesoutstanding": 419000,
        "foreigncurrencytransactiongainlossunrealized": -5300000
    },
    {
        "date": "2019-03-30",
        "symbol": "AMT",
        "period": "Q1",
        "profitloss": 407600000,
        "othercomprehensiveincomelosscashflowhedgegainlossbeforereclassificationaftertax": -100000,
        "othercomprehensiveincomelosscashflowhedgegainlossreclassificationaftertax": -100000,
        "othercomprehensiveincomelossforeigncurrencytransactionandtranslationadjustmentnetoftax": 12900000,
        "othercomprehensiveincomelossnetoftax": 12900000,
        "comprehensiveincomenetoftaxincludingportionattributabletononcontrollinginterest": 420500000,
        "othercomprehensiveincomelosspurchaseofnoncontrollinginterestnetoftax": -52400000,
        "comprehensiveincomenetoftax": 368100000,
        "othercomprehensiveincomelossforeigncurrencytranslationadjustmenttax": 1000000,
        "operatingleaseleaseincome": 1786000000,
        "revenuefromcontractwithcustomerincludingassessedtax": 27400000,
        "revenues": 1786000000,
        "directcostsofleasedandrentedpropertyorequipment": 533000000,
        "costofgoodsandservicessold": 10400000,
        "depreciationamortizationandaccretionnet": 436900000,
        "sellinggeneralandadministrativeexpense": 198100000,
        "othercostandexpenseoperating": 20100000,
        "costsandexpenses": 1198500000,
        "operatingincomeloss": 614900000,
        "interestincomeother": 12400000,
        "interestexpense": 207500000,
        "gainslossesonextinguishmentofdebt": -100000,
        "othernonoperatingincomeexpense": 21900000,
        "nonoperatingincomeexpense": -173300000,
        "incomelossfromcontinuingoperationsbeforeincometaxesminorityinterestandincomelossfromequitymethodinvestments": 441600000,
        "incometaxexpensebenefit": 34000000,
        "netincomelossattributabletononcontrollinginterest": 10200000,
        "netincomeloss": 397400000,
        "netincomelossavailabletocommonstockholdersbasic": 397430000,
        "earningspersharebasic": 0.9,
        "earningspersharediluted": 0.89,
        "weightedaveragenumberofsharesoutstandingbasic": 441351000,
        "weightedaveragenumberofdilutedsharesoutstanding": 444621000,
        "foreigncurrencytransactiongainlossunrealized": 20100000
    },
    {
        "date": "2018-09-29",
        "symbol": "AMT",
        "period": "Q3",
        "profitloss": 377300000,
        "othercomprehensiveincomelossreclassificationadjustmentfromaocionderivativesnetoftax": 0,
        "othercomprehensiveincomelossforeigncurrencytransactionandtranslationadjustmentnetoftax": -248500000,
        "othercomprehensiveincomelossnetoftax": -248500000,
        "comprehensiveincomenetoftaxincludingportionattributabletononcontrollinginterest": 128800000,
        "comprehensiveincomenetoftaxattributabletononcontrollinginterest": -51900000,
        "comprehensiveincomenetoftax": 180700000,
        "othercomprehensiveincomelossforeigncurrencytranslationadjustmenttax": 1000000,
        "operatingleasesincomestatementleaserevenue": 1751600000,
        "directcostsofleasedandrentedpropertyorequipment": 543100000,
        "depreciationamortizationandaccretionnet": 448900000,
        "sellinggeneralandadministrativeexpense": 177900000,
        "othercostandexpenseoperating": 34800000,
        "costsandexpenses": 1218300000,
        "operatingincomeloss": 567200000,
        "interestincomeexpensenonoperatingnet": 600000,
        "interestincomeother": 10100000,
        "othernonoperatingincomeexpense": 21100000,
        "nonoperatingincomeexpense": -177400000,
        "incomelossfromcontinuingoperationsbeforeincometaxesminorityinterestandincomelossfromequitymethodinvestments": 389800000,
        "incometaxexpensebenefit": 12500000,
        "netincomelossattributabletononcontrollinginterest": 10400000,
        "netincomeloss": 366900000,
        "netincomelossavailabletocommonstockholdersbasic": 366900000,
        "earningspersharebasic": 0.83,
        "earningspersharediluted": 0.83,
        "weightedaveragenumberofsharesoutstandingbasic": 863000,
        "weightedaveragenumberofdilutedsharesoutstanding": 955000,
        "commonstockdividendspersharedeclared": 0.79,
        "sharebasedcompensation": 1000000,
        "foreigncurrencytransactiongainlossunrealized": 7400000
    },
    {
        "date": "2018-06-29",
        "symbol": "AMT",
        "period": "Q2",
        "profitloss": 314400000,
        "othercomprehensiveincomelossreclassificationadjustmentfromaocionderivativesnetoftax": -100000,
        "othercomprehensiveincomelossredeemablenoncontrollinginterestadjustmentnetoftax": 0,
        "othercomprehensiveincomelossforeigncurrencytransactionandtranslationadjustmentnetoftax": -766200000,
        "othercomprehensiveincomelossnetoftax": -765600000,
        "comprehensiveincomenetoftaxincludingportionattributabletononcontrollinginterest": -451200000,
        "comprehensiveincomenetoftaxattributabletononcontrollinginterest": -82400000,
        "comprehensiveincomenetoftax": -368800000,
        "othercomprehensiveincomelossforeigncurrencytranslationadjustmenttax": -5400000,
        "operatingleasesincomestatementleaserevenue": 1749400000,
        "salesrevenueservicesnet": 31500000,
        "salesrevenuenet": 317800000,
        "directcostsofleasedandrentedpropertyorequipment": 547200000,
        "costofservices": 13100000,
        "depreciationamortizationandaccretionnet": 449700000,
        "sellinggeneralandadministrativeexpense": 157900000,
        "othercostandexpenseoperating": 67000000,
        "costsandexpenses": 1234900000,
        "operatingincomeloss": 546000000,
        "interestincomeexpensenonoperatingnet": -3400000,
        "interestincomeother": 18400000,
        "interestexpense": 0,
        "othernonoperatingincomeexpense": -34800000,
        "nonoperatingincomeexpense": -227700000,
        "incomelossfromcontinuingoperationsbeforeincometaxesminorityinterestandincomelossfromequitymethodinvestments": 318300000,
        "incometaxexpensebenefit": 3900000,
        "netincomelossattributabletononcontrollinginterest": 7700000,
        "netincomeloss": 306700000,
        "preferredstockdividendsincomestatementimpact": 0,
        "netincomelossavailabletocommonstockholdersbasic": 306700000,
        "earningspersharebasic": 0.7000000000000001,
        "earningspersharediluted": 0.6900000000000001,
        "weightedaveragenumberofsharesoutstandingbasic": 3204000,
        "weightedaveragenumberofdilutedsharesoutstanding": 2993000,
        "commonstockdividendspersharedeclared": 0.77,
        "sharebasedcompensation": 700000,
        "foreigncurrencytransactiongainlossunrealized": -39100000
    },
    {
        "date": "2018-03-30",
        "symbol": "AMT",
        "period": "Q1",
        "profitloss": 280300000,
        "othercomprehensiveincomelossreclassificationadjustmentfromaocionderivativesnetoftax": -100000,
        "othercomprehensiveincomelossredeemablenoncontrollinginterestadjustmentnetoftax": 78800000,
        "othercomprehensiveincomelossforeigncurrencytransactionandtranslationadjustmentnetoftax": 57600000,
        "othercomprehensiveincomelossnetoftax": 136500000,
        "comprehensiveincomenetoftaxincludingportionattributabletononcontrollinginterest": 416800000,
        "comprehensiveincomenetoftaxattributabletononcontrollinginterest": -12100000,
        "comprehensiveincomenetoftax": 428900000,
        "othercomprehensiveincomelossforeigncurrencytranslationadjustmenttax": 1600000,
        "operatingleasesincomestatementleaserevenue": 1710400000,
        "salesrevenueservicesnet": 31400000,
        "salesrevenuenet": 331800000,
        "directcostsofleasedandrentedpropertyorequipment": 507400000,
        "costofservices": 12500000,
        "depreciationamortizationandaccretionnet": 446300000,
        "sellinggeneralandadministrativeexpense": 204900000,
        "othercostandexpenseoperating": 167800000,
        "costsandexpenses": 1338900000,
        "operatingincomeloss": 402900000,
        "interestincomeexpensenonoperatingnet": 2700000,
        "interestincomeother": 15400000,
        "interestexpense": 300000,
        "othernonoperatingincomeexpense": 27800000,
        "nonoperatingincomeexpense": -153700000,
        "incomelossfromcontinuingoperationsbeforeincometaxesminorityinterestandincomelossfromequitymethodinvestments": 249200000,
        "incometaxexpensebenefit": -31100000,
        "netincomelossattributabletononcontrollinginterest": -4900000,
        "netincomeloss": 285200000,
        "preferredstockdividendsincomestatementimpact": 9400000,
        "netincomelossavailabletocommonstockholdersbasic": 275800000,
        "earningspersharebasic": 0.63,
        "earningspersharediluted": 0.63,
        "weightedaveragenumberofsharesoutstandingbasic": 435124000,
        "weightedaveragenumberofdilutedsharesoutstanding": 438520000,
        "commonstockdividendspersharedeclared": 0.75,
        "sharebasedcompensation": 1000000,
        "foreigncurrencytransactiongainlossunrealized": 24900000
    },
    {
        "date": "2017-09-29",
        "symbol": "AMT",
        "period": "Q3",
        "profitloss": 334684000,
        "othercomprehensiveincomeunrealizedgainlossonderivativesarisingduringperiodnetoftax": 14000,
        "othercomprehensiveincomelossreclassificationadjustmentfromaocionderivativesnetoftax": -19000,
        "othercomprehensiveincomelossforeigncurrencytransactionandtranslationadjustmentnetoftax": 12581000,
        "othercomprehensiveincomelossnetoftax": 12614000,
        "comprehensiveincomenetoftaxincludingportionattributabletononcontrollinginterest": 347298000,
        "comprehensiveincomenetoftaxattributabletononcontrollinginterest": 20256000,
        "comprehensiveincomenetoftax": 327042000,
        "othercomprehensiveincomelossforeigncurrencytranslationadjustmenttax": 2292000,
        "operatingleasesincomestatementleaserevenue": 1655349000,
        "salesrevenueservicesnet": 25417000,
        "salesrevenuenet": 298185000,
        "directcostsofleasedandrentedpropertyorequipment": 511151000,
        "costofservices": 8608000,
        "depreciationamortizationandaccretionnet": 432354000,
        "sellinggeneralandadministrativeexpense": 147961000,
        "othercostandexpenseoperating": 19541000,
        "costsandexpenses": 1119615000,
        "operatingincomeloss": 561151000,
        "interestincomeexpensenonoperatingnet": 2713000,
        "interestincomeother": 8313000,
        "interestexpense": 292000,
        "gainslossesonextinguishmentofdebt": -14183000,
        "othernonoperatingincomeexpense": -1114000,
        "nonoperatingincomeexpense": -193055000,
        "incomelossfromcontinuingoperationsbeforeincometaxesminorityinterestandincomelossfromequitymethodinvestments": 368096000,
        "incometaxexpensebenefit": 33412000,
        "netincomelossattributabletononcontrollinginterest": 17416000,
        "netincomeloss": 317268000,
        "preferredstockdividendsincomestatementimpact": 18907000,
        "netincomelossavailabletocommonstockholdersbasic": 298361000,
        "earningspersharebasic": 0.7,
        "earningspersharediluted": 0.69,
        "weightedaveragenumberofsharesoutstandingbasic": 429281000,
        "weightedaveragenumberofdilutedsharesoutstanding": 432831000,
        "commonstockdividendspersharedeclared": 0.66,
        "sharebasedcompensation": 700000,
        "foreigncurrencytransactiongainlossunrealized": -5344000
    },
    {
        "date": "2017-06-29",
        "symbol": "AMT",
        "period": "Q2",
        "profitloss": 388490000,
        "othercomprehensiveincomeunrealizedgainlossonderivativesarisingduringperiodnetoftax": -166000,
        "othercomprehensiveincomelossreclassificationadjustmentfromaocionderivativesnetoftax": 32000,
        "othercomprehensiveincomelossforeigncurrencytransactionandtranslationadjustmentnetoftax": -54461000,
        "othercomprehensiveincomelossnetoftax": -54659000,
        "comprehensiveincomenetoftaxincludingportionattributabletononcontrollinginterest": 333831000,
        "comprehensiveincomenetoftaxattributabletononcontrollinginterest": 56094000,
        "comprehensiveincomenetoftax": 277737000,
        "othercomprehensiveincomelossforeigncurrencytranslationadjustmenttax": -1083000,
        "operatingleasesincomestatementleaserevenue": 1638175000,
        "salesrevenueservicesnet": 24259000,
        "salesrevenuenet": 159628000,
        "directcostsofleasedandrentedpropertyorequipment": 507234000,
        "costofservices": 9949000,
        "depreciationamortizationandaccretionnet": 396355000,
        "sellinggeneralandadministrativeexpense": 153148000,
        "othercostandexpenseoperating": 18839000,
        "costsandexpenses": 1085525000,
        "operatingincomeloss": 576909000,
        "interestincomeexpensenonoperatingnet": 2770000,
        "interestincomeother": 8311000,
        "interestexpense": 291000,
        "gainslossesonextinguishmentofdebt": -274000,
        "othernonoperatingincomeexpense": 11782000,
        "nonoperatingincomeexpense": -164439000,
        "incomelossfromcontinuingoperationsbeforeincometaxesminorityinterestandincomelossfromequitymethodinvestments": 412470000,
        "incometaxexpensebenefit": 23980000,
        "netincomelossattributabletononcontrollinginterest": 21439000,
        "netincomeloss": 367051000,
        "preferredstockdividendsincomestatementimpact": 22843000,
        "netincomelossavailabletocommonstockholdersbasic": 344208000,
        "earningspersharebasic": 0.81,
        "earningspersharediluted": 0.8,
        "weightedaveragenumberofsharesoutstandingbasic": 427298000,
        "weightedaveragenumberofdilutedsharesoutstanding": 430487000,
        "commonstockdividendspersharedeclared": 0.64,
        "sharebasedcompensation": 800000,
        "foreigncurrencytransactiongainlossunrealized": 7785000
    },
    {
        "date": "2017-03-30",
        "symbol": "AMT",
        "period": "Q1",
        "profitloss": 316080000,
        "othercomprehensiveincomeunrealizedgainlossonderivativesarisingduringperiodnetoftax": -134000,
        "othercomprehensiveincomelossreclassificationadjustmentfromaocionderivativesnetoftax": 86000,
        "othercomprehensiveincomelossforeigncurrencytransactionandtranslationadjustmentnetoftax": 2720000,
        "othercomprehensiveincomelossnetoftax": 293676000,
        "comprehensiveincomenetoftaxincludingportionattributabletononcontrollinginterest": 601086000,
        "comprehensiveincomenetoftaxattributabletononcontrollinginterest": 45163000,
        "comprehensiveincomenetoftax": 555923000,
        "othercomprehensiveincomelossforeigncurrencytranslationadjustmenttax": 3505000,
        "operatingleasesincomestatementleaserevenue": 1594064000,
        "salesrevenueservicesnet": 22174000,
        "salesrevenuenet": 276242000,
        "directcostsofleasedandrentedpropertyorequipment": 486167000,
        "costofservices": 6541000,
        "depreciationamortizationandaccretionnet": 421140000,
        "sellinggeneralandadministrativeexpense": 164796000,
        "othercostandexpenseoperating": 6215000,
        "costsandexpenses": 1084859000,
        "operatingincomeloss": 531379000,
        "interestincomeexpensenonoperatingnet": 2700000,
        "interestincomeother": 9927000,
        "interestexpense": 291000,
        "gainslossesonextinguishmentofdebt": -55440000,
        "othernonoperatingincomeexpense": 29302000,
        "nonoperatingincomeexpense": -197206000,
        "incomelossfromcontinuingoperationsbeforeincometaxesminorityinterestandincomelossfromequitymethodinvestments": 334173000,
        "incometaxexpensebenefit": 26763000,
        "netincomelossattributabletononcontrollinginterest": -8670000,
        "netincomeloss": 316080000,
        "preferredstockdividendsincomestatementimpact": 26781000,
        "netincomelossavailabletocommonstockholdersbasic": 289299000,
        "earningspersharebasic": 0.68,
        "earningspersharediluted": 0.67,
        "weightedaveragenumberofsharesoutstandingbasic": 427279000,
        "weightedaveragenumberofdilutedsharesoutstanding": 430199000,
        "commonstockdividendspersharedeclared": 0.62,
        "sharebasedcompensation": 900000,
        "foreigncurrencytransactiongainlossunrealized": 27951000
    },
    {
        "date": "2016-09-29",
        "symbol": "AMT",
        "period": "Q3",
        "profitloss": 259595000,
        "othercomprehensiveincomeunrealizedgainlossonderivativesarisingduringperiodnetoftax": -432000,
        "othercomprehensiveincomelossreclassificationadjustmentfromaocionderivativesnetoftax": 108000,
        "othercomprehensiveincomelossforeigncurrencytransactionandtranslationadjustmentnetoftax": 175706000,
        "othercomprehensiveincomelossnetoftax": -92148000,
        "comprehensiveincomenetoftaxincludingportionattributabletononcontrollinginterest": 171587000,
        "comprehensiveincomenetoftaxattributabletononcontrollinginterest": 12454000,
        "comprehensiveincomenetoftax": 159133000,
        "othercomprehensiveincomelossforeigncurrencytranslationadjustmenttax": -1495000,
        "operatingleasesincomestatementleaserevenue": 1497936000,
        "salesrevenueservicesnet": 16909000,
        "salesrevenuenet": 260363000,
        "directcostsofleasedandrentedpropertyorequipment": 485525000,
        "costofservices": 5712000,
        "depreciationamortizationandaccretionnet": 397999000,
        "sellinggeneralandadministrativeexpense": 131537000,
        "othercostandexpenseoperating": 14998000,
        "costsandexpenses": 1035771000,
        "operatingincomeloss": 479074000,
        "interestincomeexpensenonoperatingnet": 2742000,
        "interestincomeother": 6376000,
        "interestexpense": 279000,
        "othernonoperatingincomeexpense": -12260000,
        "nonoperatingincomeexpense": -193302000,
        "incomelossfromcontinuingoperationsbeforeincometaxesminorityinterestandincomelossfromequitymethodinvestments": 285772000,
        "incometaxexpensebenefit": 22037000,
        "netincomelossattributabletononcontrollinginterest": -774000,
        "netincomeloss": 264509000,
        "preferredstockdividendsincomestatementimpact": 26781000,
        "netincomelossavailabletocommonstockholdersbasic": 237728000,
        "earningspersharebasic": 0.5500000000000002,
        "earningspersharediluted": 0.5600000000000002,
        "weightedaveragenumberofsharesoutstandingbasic": -424137000,
        "weightedaveragenumberofdilutedsharesoutstanding": -427873000,
        "commonstockdividendspersharedeclared": 0.55,
        "sharebasedcompensation": 600000,
        "foreigncurrencytransactiongainlossunrealized": -8321000
    },
    {
        "date": "2016-06-29",
        "symbol": "AMT",
        "period": "Q2",
        "profitloss": 192464000,
        "othercomprehensiveincomeunrealizedgainlossonderivativesarisingduringperiodnetoftax": -9000,
        "othercomprehensiveincomelossreclassificationadjustmentfromaocionderivativesnetoftax": 57000,
        "othercomprehensiveincomelossforeigncurrencytransactionandtranslationadjustmentnetoftax": -177966000,
        "othercomprehensiveincomelossnetoftax": -178032000,
        "comprehensiveincomenetoftaxincludingportionattributabletononcontrollinginterest": 14432000,
        "comprehensiveincomenetoftaxattributabletononcontrollinginterest": -12712000,
        "comprehensiveincomenetoftax": 27144000,
        "othercomprehensiveincomelossforeigncurrencytranslationadjustmenttax": 2695000,
        "operatingleasesincomestatementleaserevenue": 1426192000,
        "salesrevenueservicesnet": 16035000,
        "salesrevenuenet": 237139000,
        "directcostsofleasedandrentedpropertyorequipment": 452571000,
        "costofservices": 7140000,
        "depreciationamortizationandaccretionnet": 397765000,
        "sellinggeneralandadministrativeexpense": 138234000,
        "othercostandexpenseoperating": 13711000,
        "costsandexpenses": 1009421000,
        "operatingincomeloss": 432806000,
        "interestincomeexpensenonoperatingnet": 2748000,
        "interestincomeother": 6468000,
        "interestexpense": 284000,
        "gainslossesonextinguishmentofdebt": 830000,
        "othernonoperatingincomeexpense": -25842000,
        "nonoperatingincomeexpense": -196832000,
        "incomelossfromcontinuingoperationsbeforeincometaxesminorityinterestandincomelossfromequitymethodinvestments": 235974000,
        "incometaxexpensebenefit": 43510000,
        "netincomelossattributabletononcontrollinginterest": 4914000,
        "netincomeloss": 187550000,
        "preferredstockdividendsincomestatementimpact": 26782000,
        "netincomelossavailabletocommonstockholdersbasic": 160768000,
        "earningspersharebasic": 0.38,
        "earningspersharediluted": 0.37,
        "weightedaveragenumberofsharesoutstandingbasic": 424909000,
        "weightedaveragenumberofdilutedsharesoutstanding": 429004000,
        "commonstockdividendspersharedeclared": 0.53,
        "sharebasedcompensation": 600000,
        "foreigncurrencytransactiongainlossunrealized": -24585000
    },
    {
        "date": "2016-03-30",
        "symbol": "AMT",
        "period": "Q1",
        "profitloss": 275159000,
        "othercomprehensiveincomeunrealizedgainlossonderivativesarisingduringperiodnetoftax": 74000,
        "othercomprehensiveincomelossreclassificationadjustmentfromaocionderivativesnetoftax": 8000,
        "othercomprehensiveincomelossforeigncurrencytransactionandtranslationadjustmentnetoftax": -46000,
        "othercomprehensiveincomelossnetoftax": 226358000,
        "comprehensiveincomenetoftaxincludingportionattributabletononcontrollinginterest": 507665000,
        "comprehensiveincomenetoftaxattributabletononcontrollinginterest": 6102000,
        "comprehensiveincomenetoftax": 501563000,
        "othercomprehensiveincomelossforeigncurrencytranslationadjustmenttax": 4188000,
        "operatingleasesincomestatementleaserevenue": 1267651000,
        "salesrevenueservicesnet": 21396000,
        "salesrevenuenet": 223051000,
        "directcostsofleasedandrentedpropertyorequipment": 342290000,
        "costofservices": 9155000,
        "depreciationamortizationandaccretionnet": 341634000,
        "sellinggeneralandadministrativeexpense": 135315000,
        "othercostandexpenseoperating": 8800000,
        "costsandexpenses": 837194000,
        "operatingincomeloss": 451853000,
        "interestincomeexpensenonoperatingnet": 2716000,
        "interestincomeother": 3534000,
        "interestexpense": 283000,
        "othernonoperatingincomeexpense": 12208000,
        "nonoperatingincomeexpense": -141422000,
        "incomelossfromcontinuingoperationsbeforeincometaxesminorityinterestandincomelossfromequitymethodinvestments": 310431000,
        "incometaxexpensebenefit": 29124000,
        "netincomelossattributabletononcontrollinginterest": 6148000,
        "netincomeloss": 275159000,
        "preferredstockdividendsincomestatementimpact": 26781000,
        "netincomelossavailabletocommonstockholdersbasic": 248378000,
        "earningspersharebasic": 0.59,
        "earningspersharediluted": 0.58,
        "weightedaveragenumberofsharesoutstandingbasic": 424059000,
        "weightedaveragenumberofdilutedsharesoutstanding": 427888000,
        "commonstockdividendspersharedeclared": 0.51,
        "sharebasedcompensation": 700000,
        "foreigncurrencytransactiongainlossunrealized": 29362000
    },
    {
        "date": "2015-09-29",
        "symbol": "AMT",
        "period": "Q3",
        "profitloss": 101875000,
        "othercomprehensiveincomeunrealizedgainlossonderivativesarisingduringperiodnetoftax": -576000,
        "othercomprehensiveincomelossreclassificationadjustmentfromaocionderivativesnetoftax": 2198000,
        "othercomprehensiveincomelossforeigncurrencytransactionandtranslationadjustmentnetoftax": 29887000,
        "othercomprehensiveincomelossnetoftax": -599930000,
        "comprehensiveincomenetoftaxincludingportionattributabletononcontrollinginterest": -502190000,
        "comprehensiveincomenetoftaxattributabletononcontrollinginterest": -807000,
        "comprehensiveincomenetoftax": -501383000,
        "othercomprehensiveincomeunrealizedgainlossonderivativesarisingduringperiodtax": -9000,
        "othercomprehensiveincomelossreclassificationadjustmentfromaocionderivativestax": -24000,
        "othercomprehensiveincomelossforeigncurrencytranslationadjustmenttax": 37687000,
        "operatingleasesincomestatementleaserevenue": 1212849000,
        "salesrevenueservicesnet": 25061000,
        "salesrevenuenet": 446668000,
        "directcostsofleasedandrentedpropertyorequipment": 356082000,
        "costofservices": 9307000,
        "depreciationamortizationandaccretionnet": 341096000,
        "sellinggeneralandadministrativeexpense": 114832000,
        "othercostandexpenseoperating": 15668000,
        "costsandexpenses": 836985000,
        "operatingincomeloss": 400925000,
        "interestincomeexpensenonoperatingnet": 2993000,
        "interestincomeother": 4503000,
        "interestexpense": 40000,
        "gainslossesonextinguishmentofdebt": -71375000,
        "othernonoperatingincomeexpense": -66659000,
        "nonoperatingincomeexpense": -208950000,
        "incomelossfromcontinuingoperationsbeforeincometaxesminorityinterestandincomelossfromequitymethodinvestments": 191975000,
        "incometaxexpensebenefit": 94235000,
        "netincomelossattributabletononcontrollinginterest": -5259000,
        "netincomeloss": 102999000,
        "preferredstockdividendsandotheradjustments": 26781000,
        "netincomelossavailabletocommonstockholdersbasic": 76218000,
        "earningspersharebasic": 0.1700000000000001,
        "earningspersharediluted": 0.1700000000000001,
        "weightedaveragenumberofsharesoutstandingbasic": -410985000,
        "weightedaveragenumberofdilutedsharesoutstanding": -414980000,
        "commonstockdividendspersharedeclared": -0.36,
        "sharebasedcompensation": 17850000,
        "foreigncurrencytransactiongainlossunrealized": -26942000
    },
    {
        "date": "2015-06-29",
        "symbol": "AMT",
        "period": "Q2",
        "profitloss": 157180000,
        "othercomprehensiveincomeunrealizedgainlossonderivativesarisingduringperiodnetoftax": 597000,
        "othercomprehensiveincomelossreclassificationadjustmentfromaocionderivativesnetoftax": -2226000,
        "othercomprehensiveincomelossforeigncurrencytransactionandtranslationadjustmentnetoftax": -44029000,
        "othercomprehensiveincomelossnetoftax": -41206000,
        "comprehensiveincomenetoftaxincludingportionattributabletononcontrollinginterest": 115974000,
        "comprehensiveincomenetoftaxattributabletononcontrollinginterest": -17421000,
        "comprehensiveincomenetoftax": 133395000,
        "othercomprehensiveincomeunrealizedgainlossonderivativesarisingduringperiodtax": 42000,
        "othercomprehensiveincomelossreclassificationadjustmentfromaocionderivativestax": 100000,
        "othercomprehensiveincomelossforeigncurrencytranslationadjustmenttax": 197000,
        "operatingleasesincomestatementleaserevenue": 1154235000,
        "salesrevenueservicesnet": 20140000,
        "salesrevenuenet": 802841000,
        "directcostsofleasedandrentedpropertyorequipment": 314285000,
        "costofservices": 8173000,
        "depreciationamortizationandaccretionnet": 328356000,
        "sellinggeneralandadministrativeexpense": 116338000,
        "othercostandexpenseoperating": 17449000,
        "costsandexpenses": 784601000,
        "operatingincomeloss": 389774000,
        "interestincomeexpensenonoperatingnet": 2662000,
        "interestincomeother": 4404000,
        "interestexpense": 370000,
        "gainslossesonextinguishmentofdebt": 800000,
        "othernonoperatingincomeexpense": -2129000,
        "nonoperatingincomeexpense": -218638000,
        "incomelossfromcontinuingoperationsbeforeincometaxesminorityinterestandincomelossfromequitymethodinvestments": 171136000,
        "incometaxexpensebenefit": 13956000,
        "netincomelossattributabletononcontrollinginterest": 1124000,
        "netincomeloss": 156056000,
        "preferredstockdividendsandotheradjustments": 26782000,
        "netincomelossavailabletocommonstockholdersbasic": 129274000,
        "earningspersharebasic": 0.31,
        "earningspersharediluted": 0.3,
        "weightedaveragenumberofsharesoutstandingbasic": 423154000,
        "weightedaveragenumberofdilutedsharesoutstanding": 426933000,
        "commonstockdividendspersharedeclared": 0.44,
        "sharebasedcompensation": 23557000,
        "foreigncurrencytransactiongainlossunrealized": -25461000
    },
    {
        "date": "2015-03-30",
        "symbol": "AMT",
        "period": "Q1",
        "profitloss": 193317000,
        "othercomprehensiveincomeunrealizedgainlossonderivativesarisingduringperiodnetoftax": -33000,
        "othercomprehensiveincomelossreclassificationadjustmentfromaocionderivativesnetoftax": -15000,
        "othercomprehensiveincomelossforeigncurrencytransactionandtranslationadjustmentnetoftax": -21859000,
        "othercomprehensiveincomelossnetoftax": -433516000,
        "comprehensiveincomenetoftaxincludingportionattributabletononcontrollinginterest": -238024000,
        "comprehensiveincomenetoftaxattributabletononcontrollinginterest": -19702000,
        "comprehensiveincomenetoftax": -218322000,
        "othercomprehensiveincomeunrealizedgainlossonderivativesarisingduringperiodtax": -51000,
        "othercomprehensiveincomelossreclassificationadjustmentfromaocionderivativestax": 24000,
        "othercomprehensiveincomelossforeigncurrencytranslationadjustmenttax": -12609000,
        "operatingleasesincomestatementleaserevenue": 1062180000,
        "salesrevenueservicesnet": 17010000,
        "salesrevenuenet": 1079190000,
        "directcostsofleasedandrentedpropertyorequipment": 259257000,
        "costofservices": 5383000,
        "depreciationamortizationandaccretionnet": 263520000,
        "sellinggeneralandadministrativeexpense": 123290000,
        "othercostandexpenseoperating": 7774000,
        "costsandexpenses": 659224000,
        "operatingincomeloss": 419966000,
        "interestincomeexpensenonoperatingnet": 2596000,
        "interestincomeother": 2964000,
        "interestexpense": 370000,
        "gainslossesonextinguishmentofdebt": -3725000,
        "othernonoperatingincomeexpense": -54503000,
        "nonoperatingincomeexpense": -200602000,
        "incomelossfromcontinuingoperationsbeforeincometaxesminorityinterestandincomelossfromequitymethodinvestments": 219364000,
        "incometaxexpensebenefit": 23872000,
        "netincomelossattributabletononcontrollinginterest": 2175000,
        "netincomeloss": 193317000,
        "preferredstockdividendsandotheradjustments": 9819000,
        "netincomelossavailabletocommonstockholdersbasic": 183498000,
        "earningspersharebasic": 0.45,
        "earningspersharediluted": 0.45,
        "weightedaveragenumberofsharesoutstandingbasic": 405111000,
        "weightedaveragenumberofdilutedsharesoutstanding": 409399000,
        "commonstockdividendspersharedeclared": 0.38,
        "sharebasedcompensation": 29290000,
        "foreigncurrencytransactiongainlossunrealized": -55468000
    },
    {
        "date": "2014-09-29",
        "symbol": "AMT",
        "period": "Q3",
        "profitloss": 206630000,
        "othercomprehensiveincomeunrealizedgainlossonderivativesarisingduringperiodnetoftax": -519000,
        "othercomprehensiveincomelossreclassificationadjustmentfromaocionderivativesnetoftax": -542000,
        "othercomprehensiveincomelossforeigncurrencytransactionandtranslationadjustmentnetoftax": -254239000,
        "othercomprehensiveincomelossnetoftax": -254216000,
        "comprehensiveincomenetoftaxincludingportionattributabletononcontrollinginterest": -47586000,
        "comprehensiveincomenetoftaxattributabletononcontrollinginterest": -1760000,
        "comprehensiveincomenetoftax": -45826000,
        "othercomprehensiveincomeunrealizedgainlossonderivativesarisingduringperiodtax": -7000,
        "othercomprehensiveincomelossreclassificationadjustmentfromaocionderivativestax": 100000,
        "othercomprehensiveincomelossforeigncurrencytranslationadjustmenttax": 7969000,
        "operatingleasesincomestatementleaserevenue": 1011119000,
        "salesrevenueservicesnet": 27069000,
        "salesrevenuenet": 663570000,
        "directcostsofleasedandrentedpropertyorequipment": 272355000,
        "costofservices": 11847000,
        "depreciationamortizationandaccretionnet": 249066000,
        "sellinggeneralandadministrativeexpense": 108909000,
        "othercostandexpenseoperating": 11204000,
        "costsandexpenses": 653381000,
        "operatingincomeloss": 384807000,
        "interestincomeexpensenonoperatingnet": 2661000,
        "interestincomeother": 3850000,
        "interestexpense": 371000,
        "gainslossesonextinguishmentofdebt": 2969000,
        "othernonoperatingincomeexpense": -34019000,
        "nonoperatingincomeexpense": -167751000,
        "incomelossfromcontinuingoperationsbeforeincometaxesminorityinterestandincomelossfromequitymethodinvestments": 217056000,
        "incometaxexpensebenefit": 10426000,
        "netincomelossattributabletononcontrollinginterest": -963000,
        "netincomeloss": 207593000,
        "preferredstockdividendsandotheradjustments": 7700000,
        "netincomelossavailabletocommonstockholdersbasic": 199893000,
        "earningspersharebasic": 0.5,
        "earningspersharediluted": 0.5,
        "weightedaveragenumberofsharesoutstandingbasic": 396243000,
        "weightedaveragenumberofdilutedsharesoutstanding": 400397000,
        "commonstockdividendspersharedeclared": 0.36,
        "sharebasedcompensation": 400000,
        "foreigncurrencytransactiongainlossunrealized": -36998000
    },
    {
        "date": "2014-06-29",
        "symbol": "AMT",
        "period": "Q2",
        "profitloss": 221659000,
        "othercomprehensiveincomeunrealizedgainlossonderivativesarisingduringperiodnetoftax": 367000,
        "othercomprehensiveincomelossreclassificationadjustmentfromaocionderivativesnetoftax": -629000,
        "othercomprehensiveincomelossforeigncurrencytransactionandtranslationadjustmentnetoftax": -3104000,
        "othercomprehensiveincomelossnetoftax": -2108000,
        "comprehensiveincomenetoftaxincludingportionattributabletononcontrollinginterest": 219551000,
        "comprehensiveincomenetoftaxattributabletononcontrollinginterest": -36370000,
        "comprehensiveincomenetoftax": 255921000,
        "othercomprehensiveincomeunrealizedgainlossonderivativesarisingduringperiodtax": -141000,
        "othercomprehensiveincomelossreclassificationadjustmentfromaocionderivativestax": 100000,
        "othercomprehensiveincomelossforeigncurrencytranslationadjustmenttax": -692000,
        "operatingleasesincomestatementleaserevenue": 1005761000,
        "salesrevenueservicesnet": 25696000,
        "salesrevenuenet": 346018000,
        "directcostsofleasedandrentedpropertyorequipment": 263184000,
        "costofservices": 9091000,
        "depreciationamortizationandaccretionnet": 245427000,
        "sellinggeneralandadministrativeexpense": 98499000,
        "othercostandexpenseoperating": 12757000,
        "costsandexpenses": 628958000,
        "operatingincomeloss": 402499000,
        "interestincomematerialthirdpartyinterestincome": 2662000,
        "interestincomeexcludingseparatelydisclosedinterestincome": 2281000,
        "interestexpense": 146234000,
        "gainslossesonextinguishmentofdebt": -1284000,
        "othernonoperatingincomeexpense": -16463000,
        "nonoperatingincomeexpense": -159038000,
        "incomelossfromcontinuingoperationsbeforeincometaxesminorityinterestandincomelossfromequitymethodinvestments": 243461000,
        "incometaxexpensebenefit": 21802000,
        "netincomelossattributabletononcontrollinginterest": -12772000,
        "netincomeloss": 234431000,
        "preferredstockdividendsandotheradjustments": 4375000,
        "netincomelossavailabletocommonstockholdersbasic": 230056000,
        "earningspersharebasic": 0.58,
        "earningspersharediluted": 0.58,
        "weightedaveragenumberofsharesoutstandingbasic": 395872000,
        "weightedaveragenumberofdilutedsharesoutstanding": 399588000,
        "commonstockdividendspersharedeclared": 0.34,
        "sharebasedcompensation": 18400000,
        "netofinterestexpense": 370000,
        "foreigncurrencytransactiongainlossunrealized": -23553000
    },
    {
        "date": "2014-03-30",
        "symbol": "AMT",
        "period": "Q1",
        "profitloss": 202499000,
        "othercomprehensiveincomeunrealizedgainlossonderivativesarisingduringperiodnetoftax": 76000,
        "othercomprehensiveincomelossreclassificationadjustmentfromaocionderivativesnetoftax": -35000,
        "othercomprehensiveincomelossforeigncurrencytransactionandtranslationadjustmentnetoftax": 38711000,
        "othercomprehensiveincomelossnetoftax": 22702000,
        "comprehensiveincomenetoftaxincludingportionattributabletononcontrollinginterest": 216015000,
        "comprehensiveincomenetoftaxattributabletononcontrollinginterest": -25294000,
        "comprehensiveincomenetoftax": 241309000,
        "othercomprehensiveincomeunrealizedgainlossonderivativesarisingduringperiodtax": 117000,
        "othercomprehensiveincomelossreclassificationadjustmentfromaocionderivativestax": 55000,
        "othercomprehensiveincomelossforeigncurrencytranslationadjustmenttax": 1056000,
        "operatingleasesincomestatementleaserevenue": 960120000,
        "salesrevenueservicesnet": 23969000,
        "salesrevenuenet": 324341000,
        "directcostsofleasedandrentedpropertyorequipment": 250835000,
        "costofservices": 9934000,
        "depreciationamortizationandaccretionnet": 245763000,
        "sellinggeneralandadministrativeexpense": 110029000,
        "othercostandexpenseoperating": 13891000,
        "costsandexpenses": 630452000,
        "operatingincomeloss": 353637000,
        "interestincomematerialthirdpartyinterestincome": 2595000,
        "interestincomeexcludingseparatelydisclosedinterestincome": 2018000,
        "interestexpense": 143307000,
        "gainslossesonextinguishmentofdebt": -238000,
        "othernonoperatingincomeexpense": -3743000,
        "nonoperatingincomeexpense": -142675000,
        "incomelossfromcontinuingoperationsbeforeincometaxesminorityinterestandincomelossfromequitymethodinvestments": 210962000,
        "incometaxexpensebenefit": 100000,
        "netincomelossattributabletononcontrollinginterest": -9186000,
        "netincomeloss": 202499000,
        "earningspersharebasic": 0.51,
        "earningspersharediluted": 0.51,
        "weightedaveragenumberofsharesoutstandingbasic": 395146000,
        "weightedaveragenumberofdilutedsharesoutstanding": 399120000,
        "commonstockdividendspersharedeclared": 0.32,
        "sharebasedcompensation": 24604000,
        "netofinterestexpense": 371000,
        "foreigncurrencytransactiongainlossunrealized": 2000000
    },
    {
        "date": "2013-09-29",
        "symbol": "AMT",
        "period": "Q3",
        "profitloss": 377697000,
        "othercomprehensiveincomeunrealizedgainlossonderivativesarisingduringperiodnetoftax": -2697000,
        "othercomprehensiveincomelossforeigncurrencytransactionandtranslationadjustmentnetoftax": 94458000,
        "othercomprehensiveincomelossnetoftax": 1422000,
        "comprehensiveincomenetoftaxincludingportionattributabletononcontrollinginterest": 137911000,
        "comprehensiveincomenetoftaxattributabletononcontrollinginterest": -18453000,
        "comprehensiveincomenetoftax": 156364000,
        "operatingleasesincomestatementleaserevenue": 796575000,
        "salesrevenueservicesnet": 11305000,
        "salesrevenuenet": -237220000,
        "directcostsofleasedandrentedpropertyorequipment": 195953000,
        "costofservices": 4876000,
        "depreciationamortizationandaccretionnet": 184922000,
        "sellinggeneralandadministrativeexpense": 97781000,
        "othercostandexpenseoperating": 15469000,
        "costsandexpenses": 499001000,
        "operatingincomeloss": 308879000,
        "interestexpense": 106335000,
        "gainslossesonextinguishmentofdebt": 73267000,
        "othernonoperatingincomeexpense": -29622000,
        "nonoperatingincomeexpense": -130071000,
        "incomelossfromcontinuingoperationsbeforeincometaxesminorityinterestandincomelossfromequitymethodinvestments": 178808000,
        "incometaxexpensebenefit": 100000,
        "netincomelossattributabletononcontrollinginterest": -16901000,
        "netincomeloss": 180123000,
        "earningspersharebasic": 0.4599999999999999,
        "earningspersharediluted": 0.4499999999999999,
        "weightedaveragenumberofsharesoutstandingbasic": -395521000,
        "weightedaveragenumberofdilutedsharesoutstanding": -399842000,
        "commonstockdividendspersharedeclared": -0.25,
        "sharebasedcompensation": 35700000,
        "foreigncurrencytransactiongainlossunrealized": -30907000,
        "othercomprehensiveincomelossforeigncurrencytranslationadjustmenttax": -2329000,
        "othercomprehensiveincomeunrealizedgainlossonderivativesarisingduringperiodtax": -70000
    },
    {
        "date": "2013-06-29",
        "symbol": "AMT",
        "period": "Q2",
        "profitloss": 84113000,
        "othercomprehensiveincomeunrealizedgainlossonderivativesarisingduringperiodnetoftax": 3793000,
        "othercomprehensiveincomelossreclassificationadjustmentonderivativesincludedinnetincomenetoftax": 645000,
        "othercomprehensiveincomelossforeigncurrencytransactionandtranslationadjustmentnetoftax": -123369000,
        "othercomprehensiveincomelossnetoftax": -118931000,
        "comprehensiveincomenetoftaxincludingportionattributabletononcontrollinginterest": -34818000,
        "comprehensiveincomenetoftaxattributabletononcontrollinginterest": -18426000,
        "comprehensiveincomenetoftax": -16392000,
        "operatingleasesincomestatementleaserevenue": 789199000,
        "salesrevenueservicesnet": 19631000,
        "salesrevenuenet": 268156000,
        "directcostsofleasedandrentedpropertyorequipment": 198217000,
        "costofservices": 7492000,
        "depreciationamortizationandaccretionnet": 184608000,
        "sellinggeneralandadministrativeexpense": 99803000,
        "othercostandexpenseoperating": 5898000,
        "costsandexpenses": 496018000,
        "operatingincomeloss": 312812000,
        "interestincomematerialthirdpartyinterestincome": 3586000,
        "interestincomeexcludingseparatelydisclosedinterestincome": 1412000,
        "interestexpense": 100815000,
        "gainslossesonextinguishmentofdebt": -2669000,
        "othernonoperatingincomeexpense": -141660000,
        "nonoperatingincomeexpense": -240146000,
        "incomelossfromcontinuingoperationsbeforeincometaxesminorityinterestandincomelossfromequitymethodinvestments": 72666000,
        "incometaxexpensebenefit": -100000,
        "netincomelossattributabletononcontrollinginterest": -15708000,
        "netincomeloss": 99821000,
        "earningspersharebasic": 0.25,
        "earningspersharediluted": 0.25,
        "weightedaveragenumberofsharesoutstandingbasic": 395420000,
        "weightedaveragenumberofdilutedsharesoutstanding": 399458000,
        "commonstockdividendspersharedeclared": 0.27,
        "sharebasedcompensation": 17055000,
        "materialthirdpartyinterestexpense": 371000,
        "foreigncurrencytransactiongainlossunrealized": -142909000,
        "othercomprehensiveincomelossreclassificationadjustmentonderivativesincludedinnetincometax": 59000,
        "othercomprehensiveincomelossforeigncurrencytranslationadjustmenttax": -7149000,
        "othercomprehensiveincomeunrealizedgainlossonderivativesarisingduringperiodtax": 345000
    },
    {
        "date": "2013-03-30",
        "symbol": "AMT",
        "period": "Q1",
        "operatingleasesincomestatementleaserevenue": 777433000,
        "salesrevenueservicesnet": 25295000,
        "salesrevenuenet": 25295000,
        "directcostsofleasedandrentedpropertyorequipment": 191295000,
        "costofservices": 10471000,
        "depreciationamortizationandaccretionnet": 185804000,
        "sellinggeneralandadministrativeexpense": 101153000,
        "othercostandexpenseoperating": 14319000,
        "costsandexpenses": 503042000,
        "operatingincomeloss": 299686000,
        "netinterestincometvazteca": 3543000,
        "investmentincomeinterest": 1714000,
        "interestexpense": 111766000,
        "gainslossesonextinguishmentofdebt": -35298000,
        "othernonoperatingincomeexpense": 22291000,
        "nonoperatingincomeexpense": -119516000,
        "incomelossfromcontinuingoperationsbeforeincometaxesminorityinterestandincomelossfromequitymethodinvestments": 180170000,
        "incometaxexpensebenefit": 100000,
        "profitloss": -10459000,
        "netincomelossattributabletononcontrollinginterest": -10459000,
        "netincomeloss": 171407000,
        "earningspersharebasic": 0.43,
        "earningspersharediluted": 0.43,
        "weightedaveragenumberofsharesoutstandingbasic": 395239000,
        "weightedaveragenumberofdilutedsharesoutstanding": 399659000,
        "commonstockdividendspersharedeclared": 0.26,
        "sharebasedcompensation": 400000,
        "interestexpensetvazteca": 371000,
        "foreigncurrencytransactiongainlossunrealized": 22143000,
        "othercomprehensiveincomeunrealizedgainlossonderivativesarisingduringperiodnetoftax": 71000,
        "othercomprehensiveincomelossreclassificationadjustmentonderivativesincludedinnetincomenetoftax": 511000,
        "othercomprehensiveincomelossforeigncurrencytransactionandtranslationadjustmentnetoftax": 25908000,
        "othercomprehensiveincomelossnetoftax": 199000,
        "comprehensiveincomenetoftaxincludingportionattributabletononcontrollinginterest": 187880000,
        "comprehensiveincomenetoftaxattributabletononcontrollinginterest": -8831000,
        "comprehensiveincomenetoftax": 196711000,
        "othercomprehensiveincomelossreclassificationadjustmentonderivativesincludedinnetincometax": 59000,
        "othercomprehensiveincomelossforeigncurrencytranslationadjustmenttax": 13732000,
        "othercomprehensiveincomeunrealizedgainlossonderivativesarisingduringperiodtax": 111000
    },
    {
        "date": "2012-09-29",
        "symbol": "AMT",
        "period": "Q3",
        "operatingleasesincomestatementleaserevenue": 697554000,
        "salesrevenueservicesnet": 15781000,
        "salesrevenuenet": 217203000,
        "directcostsofleasedandrentedpropertyorequipment": 177336000,
        "costofservices": 7568000,
        "depreciationamortizationandaccretionnet": 144061000,
        "sellinggeneralandadministrativeexpense": 81459000,
        "othercostandexpenseoperating": 7359000,
        "costsandexpenses": 417783000,
        "operatingincomeloss": 295552000,
        "netinterestincometvazteca": 3586000,
        "investmentincomeinterest": 1717000,
        "interestexpense": 102272000,
        "othernonoperatingincomeexpense": 46294000,
        "nonoperatingincomeexpense": -50675000,
        "incomelossfromcontinuingoperationsbeforeincometaxesminorityinterestandincomelossfromequitymethodinvestments": 244877000,
        "incometaxexpensebenefit": 13054000,
        "incomelossfromequitymethodinvestments": 2000,
        "profitloss": -264000,
        "netincomelossattributabletononcontrollinginterest": -264000,
        "netincomeloss": 232089000,
        "earningspersharebasic": 0.5899999999999999,
        "earningspersharediluted": 0.5800000000000001,
        "weightedaveragenumberofsharesoutstandingbasic": 312000,
        "weightedaveragenumberofdilutedsharesoutstanding": 334000,
        "commonstockdividendspersharedeclared": 0.23000000000000007,
        "sharebasedcompensation": 12618000,
        "interestexpensetvazteca": 372000,
        "foreigncurrencytransactiongainlossunrealized": 46191000,
        "othercomprehensiveincomeunrealizedgainlossonderivativesarisingduringperiodnetoftax": -239000,
        "othercomprehensiveincomereclassificationadjustmentonderivativesincludedinnetincomenetoftax": -199000,
        "othercomprehensiveincomereclassificationadjustmentforwritedownofsecuritiesincludedinnetincomenetoftax": 0,
        "othercomprehensiveincomeforeigncurrencytransactionandtranslationadjustmentnetoftaxperiodincreasedecrease": -957000,
        "othercomprehensiveincomelossnetoftaxperiodincreasedecrease": 38026000,
        "comprehensiveincomenetoftaxincludingportionattributabletononcontrollinginterest": 269851000,
        "comprehensiveincomenetoftaxattributabletononcontrollinginterest": -1460000,
        "comprehensiveincomenetoftax": 271311000
    },
    {
        "date": "2012-06-29",
        "symbol": "AMT",
        "period": "Q2",
        "operatingleasesincomestatementleaserevenue": 682262000,
        "salesrevenueservicesnet": 15472000,
        "salesrevenuenet": -81283000,
        "directcostsofleasedandrentedpropertyorequipment": 165060000,
        "costofservices": 7324000,
        "depreciationamortizationandaccretionnet": 172072000,
        "sellinggeneralandadministrativeexpense": 76848000,
        "othercostandexpenseoperating": 5944000,
        "costsandexpenses": 427248000,
        "operatingincomeloss": 270486000,
        "netinterestincometvazteca": 3586000,
        "investmentincomeinterest": 2283000,
        "interestexpense": 100233000,
        "gainslossesonextinguishmentofdebt": 0,
        "othernonoperatingincomeexpense": -118623000,
        "nonoperatingincomeexpense": -212987000,
        "incomelossfromcontinuingoperationsbeforeincometaxesminorityinterestandincomelossfromequitymethodinvestments": 57499000,
        "incometaxexpensebenefit": 23815000,
        "incomelossfromequitymethodinvestments": 5000,
        "profitloss": -14520000,
        "netincomelossattributabletononcontrollinginterest": -14520000,
        "netincomeloss": 48209000,
        "earningspersharebasic": 0.12,
        "earningspersharediluted": 0.12,
        "weightedaveragenumberofsharesoutstandingbasic": 429000,
        "weightedaveragenumberofdilutedsharesoutstanding": 297000,
        "commonstockdividendspersharedeclared": 0.22,
        "sharebasedcompensation": 13109000,
        "interestexpensetvazteca": 371000,
        "foreigncurrencytransactiongainlossunrealized": -114876000,
        "othercomprehensiveincomeunrealizedgainlossonderivativesarisingduringperiodnetoftax": -478000,
        "othercomprehensiveincomereclassificationadjustmentonderivativesincludedinnetincomenetoftax": -246000,
        "othercomprehensiveincomereclassificationadjustmentforwritedownofsecuritiesincludedinnetincomenetoftax": -990000,
        "othercomprehensiveincomeforeigncurrencytransactionandtranslationadjustmentnetoftaxperiodincreasedecrease": -7136000,
        "othercomprehensiveincomelossnetoftaxperiodincreasedecrease": -113043000,
        "comprehensiveincomenetoftaxincludingportionattributabletononcontrollinginterest": -79354000,
        "comprehensiveincomenetoftaxattributabletononcontrollinginterest": -21942000,
        "comprehensiveincomenetoftax": -57412000
    },
    {
        "date": "2012-03-30",
        "symbol": "AMT",
        "period": "Q1",
        "operatingleasesincomestatementleaserevenue": 683990000,
        "salesrevenueservicesnet": 12527000,
        "salesrevenuenet": 487062000,
        "directcostsofleasedandrentedpropertyorequipment": 163724000,
        "costofservices": 7261000,
        "depreciationamortizationandaccretionnet": 149655000,
        "sellinggeneralandadministrativeexpense": 79584000,
        "othercostandexpenseoperating": 21847000,
        "costsandexpenses": 422071000,
        "operatingincomeloss": 274446000,
        "netinterestincometvazteca": 3543000,
        "investmentincomeinterest": 2253000,
        "interestexpense": 95117000,
        "gainslossesonextinguishmentofdebt": -398000,
        "othernonoperatingincomeexpense": 52861000,
        "nonoperatingincomeexpense": -36858000,
        "incomelossfromcontinuingoperationsbeforeincometaxesminorityinterestandincomelossfromequitymethodinvestments": 237588000,
        "incometaxexpensebenefit": 27248000,
        "incomelossfromequitymethodinvestments": 18000,
        "profitloss": -10948000,
        "netincomelossattributabletononcontrollinginterest": -10948000,
        "netincomeloss": 221306000,
        "earningspersharebasic": 0.56,
        "earningspersharediluted": 0.56,
        "weightedaveragenumberofsharesoutstandingbasic": 393885000,
        "weightedaveragenumberofdilutedsharesoutstanding": 398453000,
        "commonstockdividendspersharedeclared": 0.21,
        "sharebasedcompensation": 12584000,
        "interestexpensetvazteca": 371000,
        "foreigncurrencytransactiongainlossunrealized": 55838000,
        "othercomprehensiveincomeunrealizedgainlossonderivativesarisingduringperiodnetoftax": 96000,
        "othercomprehensiveincomereclassificationadjustmentonderivativesincludedinnetincomenetoftax": 48000,
        "othercomprehensiveincomereclassificationadjustmentforwritedownofsecuritiesincludedinnetincomenetoftax": 495000,
        "othercomprehensiveincomeforeigncurrencytransactionandtranslationadjustmentnetoftaxperiodincreasedecrease": -7770000,
        "othercomprehensiveincomelossnetoftaxperiodincreasedecrease": 37069000,
        "comprehensiveincomenetoftaxincludingportionattributabletononcontrollinginterest": 247427000,
        "comprehensiveincomenetoftaxattributabletononcontrollinginterest": -18814000,
        "comprehensiveincomenetoftax": 266241000
    },
    {
        "date": "2011-09-29",
        "symbol": "AMT",
        "period": "Q3",
        "operatingleasesincomestatementleaserevenue": 614808000,
        "salesrevenueservicesnet": 15595000,
        "salesrevenuenet": 15595000,
        "directcostsofleasedandrentedpropertyorequipment": 160265000,
        "costofservices": 8668000,
        "depreciationamortizationandaccretionnet": 142113000,
        "sellinggeneralandadministrativeexpense": 76476000,
        "othercostandexpenseoperating": 14576000,
        "costsandexpenses": 402098000,
        "operatingincomeloss": 228305000,
        "otherinterestincome": 3498000,
        "investmentincomeinterest": 1822000,
        "interestexpense": 77796000,
        "othernonoperatingincomeexpense": -150876000,
        "nonoperatingincomeexpense": -223352000,
        "incomelossfromcontinuingoperationsbeforeincometaxesminorityinterestandincomelossfromequitymethodinvestments": 4953000,
        "incometaxexpensebenefit": 24681000,
        "incomelossfromequitymethodinvestments": 2000,
        "incomelossfromcontinuingoperationsincludingportionattributabletononcontrollinginterest": -19726000,
        "profitloss": -19726000,
        "netincomelossattributabletononcontrollinginterest": -4025000,
        "netincomeloss": -15701000,
        "incomelossfromcontinuingoperationsperbasicshare": -0.04,
        "earningspersharebasic": -0.04,
        "incomelossfromcontinuingoperationsperdilutedshare": -0.04,
        "earningspersharediluted": -0.04,
        "weightedaveragenumberofsharesoutstandingbasic": 395183000,
        "weightedaveragenumberofdilutedsharesoutstanding": 395183000,
        "sharebasedcompensation": 10377000,
        "otherinterestexpense": 458000,
        "foreigncurrencytransactiongainlossunrealized": -145144000
    },
    {
        "date": "2011-06-29",
        "symbol": "AMT",
        "period": "Q2",
        "operatingleasesincomestatementleaserevenue": 583839000,
        "salesrevenueservicesnet": 13396000,
        "salesrevenuenet": 13396000,
        "directcostsofleasedandrentedpropertyorequipment": 144330000,
        "costofservices": 6747000,
        "depreciationamortizationandaccretionnet": 138558000,
        "sellinggeneralandadministrativeexpense": 72321000,
        "othercostandexpenseoperating": 9490000,
        "costsandexpenses": 371446000,
        "operatingincomeloss": 225789000,
        "otherinterestincome": 3590000,
        "investmentincomeinterest": 2711000,
        "interestexpense": 74512000,
        "othernonoperatingincomeexpense": 21459000,
        "nonoperatingincomeexpense": -46752000,
        "incomelossfromcontinuingoperationsbeforeincometaxesminorityinterestandincomelossfromequitymethodinvestments": 179037000,
        "incometaxexpensebenefit": 65877000,
        "incomelossfromequitymethodinvestments": 11000,
        "incomelossfromcontinuingoperationsincludingportionattributabletononcontrollinginterest": 113171000,
        "profitloss": 113171000,
        "netincomelossattributabletononcontrollinginterest": -2040000,
        "netincomeloss": 115211000,
        "incomelossfromcontinuingoperationsperbasicshare": 0.29,
        "earningspersharebasic": 0.29,
        "incomelossfromcontinuingoperationsperdilutedshare": 0.29,
        "earningspersharediluted": 0.29,
        "weightedaveragenumberofsharesoutstandingbasic": 396599000,
        "weightedaveragenumberofdilutedsharesoutstanding": 400250000,
        "sharebasedcompensation": 11687000,
        "otherinterestexpense": 356000
    },
    {
        "date": "2011-03-30",
        "symbol": "AMT",
        "period": "Q1",
        "operatingleasesincomestatementleaserevenue": 546655000,
        "salesrevenueservicesnet": 16040000,
        "salesrevenuenet": 129029000,
        "directcostsofleasedandrentedpropertyorequipment": 127859000,
        "costofservices": 7469000,
        "depreciationamortizationandaccretionnet": 131231000,
        "sellinggeneralandadministrativeexpense": 66132000,
        "othercostandexpenseoperating": 11704000,
        "costsandexpenses": 344395000,
        "operatingincomeloss": 218300000,
        "otherinterestincome": 3499000,
        "investmentincomeinterest": 2304000,
        "interestexpense": 74427000,
        "othernonoperatingincomeexpense": 13707000,
        "nonoperatingincomeexpense": -54917000,
        "incomelossfromcontinuingoperationsbeforeincometaxesminorityinterestandincomelossfromequitymethodinvestments": 163383000,
        "incometaxexpensebenefit": 71423000,
        "incomelossfromequitymethodinvestments": 1000,
        "incomelossfromcontinuingoperationsincludingportionattributabletononcontrollinginterest": 91961000,
        "profitloss": 91842000,
        "netincomelossattributabletononcontrollinginterest": 119000,
        "netincomeloss": 91842000,
        "incomelossfromcontinuingoperationsperbasicshare": 0.23,
        "earningspersharebasic": 0.23,
        "incomelossfromcontinuingoperationsperdilutedshare": 0.23,
        "earningspersharediluted": 0.23,
        "weightedaveragenumberofsharesoutstandingbasic": 397768000,
        "weightedaveragenumberofdilutedsharesoutstanding": 401899000,
        "sharebasedcompensation": 12358000,
        "otherinterestexpense": 372000
    },
    {
        "date": "2010-09-29",
        "symbol": "AMT",
        "period": "Q3",
        "operatingleasesincomestatementleaserevenue": 499821000,
        "salesrevenueservicesnet": 13501000,
        "salesrevenuenet": 489205000,
        "directcostsofleasedandrentedpropertyorequipment": 115390000,
        "costofservices": 7583000,
        "depreciationamortizationandaccretionnet": 110202000,
        "sellinggeneralandadministrativeexpense": 57295000,
        "othercostandexpenseoperating": 4299000,
        "costsandexpenses": 299950000,
        "operatingincomeloss": 213372000,
        "netinterestincometvazteca": 3585000,
        "investmentincomeinterest": 1954000,
        "interestexpense": 62904000,
        "othernonoperatingincomeexpense": 8236000,
        "nonoperatingincomeexpense": -49129000,
        "incomelossfromcontinuingoperationsbeforeincometaxesminorityinterestandincomelossfromequitymethodinvestments": 164243000,
        "incometaxexpensebenefit": 70649000,
        "incomelossfromequitymethodinvestments": 6000,
        "incomelossfromcontinuingoperationsincludingportionattributabletononcontrollinginterest": 93600000,
        "incomelossfromdiscontinuedoperationsnetoftax": 1000,
        "profitloss": 93285000,
        "netincomelossattributabletononcontrollinginterest": 162000,
        "netincomeloss": 93439000,
        "incomelossfromcontinuingoperationsperbasicshare": 0.22999999999999998,
        "earningspersharebasic": 0.22999999999999998,
        "incomelossfromcontinuingoperationsperdilutedshare": 0.21999999999999997,
        "earningspersharediluted": 0.21999999999999997,
        "weightedaveragenumberofsharesoutstandingbasic": -403192000,
        "weightedaveragenumberofdilutedsharesoutstanding": -406051000,
        "sharebasedcompensation": 13353000,
        "interestexpensetvazteca": 371000,
        "discontinuedoperationtaxeffectofdiscontinuedoperation": 7000
    },
    {
        "date": "2010-06-29",
        "symbol": "AMT",
        "period": "Q2",
        "operatingleasesincomestatementleaserevenue": 456481000,
        "salesrevenueservicesnet": 13456000,
        "salesrevenuenet": 456481000,
        "directcostsofleasedandrentedpropertyorequipment": 105773000,
        "costofservices": 6426000,
        "depreciationamortizationandaccretionnet": 107904000,
        "sellinggeneralandadministrativeexpense": 53582000,
        "othercostandexpenseoperating": 5037000,
        "costsandexpenses": 281221000,
        "operatingincomeloss": 188716000,
        "netinterestincometvazteca": 3585000,
        "investmentincomeinterest": 694000,
        "interestexpense": 56074000,
        "gainslossesonextinguishmentofdebt": -35000,
        "othernonoperatingincomeexpense": -6719000,
        "nonoperatingincomeexpense": -58549000,
        "incomelossfromcontinuingoperationsbeforeincometaxesminorityinterestandincomelossfromequitymethodinvestments": 130167000,
        "incometaxexpensebenefit": 30352000,
        "incomelossfromequitymethodinvestments": 10000,
        "incomelossfromcontinuingoperationsincludingportionattributabletononcontrollinginterest": 99825000,
        "incomelossfromdiscontinuedoperationsnetoftax": -6000,
        "profitloss": 99819000,
        "netincomelossattributabletononcontrollinginterest": 154000,
        "netincomeloss": 99665000,
        "incomelossfromcontinuingoperationsperbasicshare": 0.25,
        "earningspersharebasic": 0.25,
        "incomelossfromcontinuingoperationsperdilutedshare": 0.25,
        "earningspersharediluted": 0.25,
        "weightedaveragenumberofsharesoutstandingbasic": 402733000,
        "weightedaveragenumberofdilutedsharesoutstanding": 405024000,
        "sharebasedcompensation": 13228000,
        "interestexpensetvazteca": 372000,
        "discontinuedoperationtaxeffectofdiscontinuedoperation": -3000
    },
    {
        "date": "2010-03-30",
        "symbol": "AMT",
        "period": "Q1",
        "operatingleasesincomestatementleaserevenue": 443818000,
        "salesrevenueservicesnet": 10616000,
        "salesrevenuenet": 454434000,
        "directcostsofleasedandrentedpropertyorequipment": 100424000,
        "costofservices": 6045000,
        "depreciationamortizationandaccretionnet": 110835000,
        "sellinggeneralandadministrativeexpense": 53527000,
        "othercostandexpenseoperating": 4754000,
        "costsandexpenses": 275585000,
        "operatingincomeloss": 178849000,
        "netinterestincometvazteca": 3499000,
        "investmentincomeinterest": 502000,
        "interestexpense": 58417000,
        "othernonoperatingincomeexpense": 396000,
        "nonoperatingincomeexpense": -54020000,
        "incomelossfromcontinuingoperationsbeforeincometaxesminorityinterestandincomelossfromequitymethodinvestments": 124829000,
        "incometaxexpensebenefit": 28389000,
        "incomelossfromequitymethodinvestments": 8000,
        "incomelossfromcontinuingoperationsincludingportionattributabletononcontrollinginterest": 96448000,
        "incomelossfromdiscontinuedoperationsnetoftax": 35000,
        "profitloss": 96318000,
        "netincomelossattributabletononcontrollinginterest": 165000,
        "netincomeloss": 96318000,
        "incomelossfromcontinuingoperationsperbasicshare": 0.24,
        "earningspersharebasic": 0.24,
        "incomelossfromcontinuingoperationsperdilutedshare": 0.24,
        "earningspersharediluted": 0.24,
        "weightedaveragenumberofsharesoutstandingbasic": 402346000,
        "weightedaveragenumberofdilutedsharesoutstanding": 406080000,
        "sharebasedcompensation": 13565000,
        "interestexpensetvazteca": 372000,
        "discontinuedoperationtaxeffectofdiscontinuedoperation": -23000
    }
]