[
    {
        "date": "2024-08-30",
        "symbol": "JBL",
        "period": "Q4",
        "revenuefromcontractwithcustomerexcludingassessedtax": 6964000000,
        "costofgoodsandservicessold": 6301000000,
        "grossprofit": 663000000,
        "sellinggeneralandadministrativeexpense": 270000000,
        "researchanddevelopmentexpense": 10000000,
        "amortizationofintangibleassets": 13000000,
        "restructuringcharges": 44000000,
        "operatingincomeloss": 318000000,
        "othernonoperatingincomeexpense": 61000000,
        "incomelossfromcontinuingoperationsbeforeincometaxesextraordinaryitemsnoncontrollinginterest": 253000000,
        "incometaxexpensebenefit": 115000000,
        "profitloss": 138000000,
        "netincomeloss": 138000000,
        "earningspersharebasic": 1.3300000000000003,
        "earningspersharediluted": 1.3100000000000003,
        "weightedaveragenumberofsharesoutstandingbasic": 122400000,
        "weightedaveragenumberofdilutedsharesoutstanding": 124300000,
        "othercomprehensiveincomelosscashflowhedgegainlossafterreclassificationandtax": -11000000,
        "othercomprehensiveincomedefinedbenefitplansnetunamortizedgainlossarisingduringperiodnetoftax": -10000000,
        "othercomprehensiveincomedefinedbenefitplannetpriorservicecostscreditarisingduringperiodnetoftax": 8000000,
        "othercomprehensiveincomelossnetoftax": -28000000,
        "comprehensiveincomenetoftaxincludingportionattributabletononcontrollinginterest": 110000000,
        "comprehensiveincomenetoftax": 110000000
    },
    {
        "date": "2024-05-30",
        "symbol": "JBL",
        "period": "Q3",
        "revenuefromcontractwithcustomerexcludingassessedtax": 6765000000,
        "costofgoodsandservicessold": 6157000000,
        "grossprofit": 608000000,
        "sellinggeneralandadministrativeexpense": 268000000,
        "researchanddevelopmentexpense": 9000000,
        "amortizationofintangibleassets": 12000000,
        "restructuringcharges": 55000000,
        "operatingincomeloss": 261000000,
        "othernonoperatingincomeexpense": -22000000,
        "incomelossfromcontinuingoperationsbeforeincometaxesextraordinaryitemsnoncontrollinginterest": 201000000,
        "incometaxexpensebenefit": 72000000,
        "profitloss": 129000000,
        "netincomeloss": 129000000,
        "earningspersharebasic": 1.1099999999999997,
        "earningspersharediluted": 1.0799999999999998,
        "weightedaveragenumberofsharesoutstandingbasic": 124900000,
        "weightedaveragenumberofdilutedsharesoutstanding": 126900000,
        "othercomprehensiveincomelosscashflowhedgegainlossbeforereclassificationaftertax": 0,
        "othercomprehensiveincomelosscashflowhedgegainlossreclassificationaftertax": 1000000,
        "othercomprehensiveincomelosscashflowhedgegainlossafterreclassificationandtax": -1000000,
        "othercomprehensiveincomedefinedbenefitplansnetunamortizedgainlossarisingduringperiodnetoftax": -2000000,
        "othercomprehensiveincomedefinedbenefitplannetpriorservicecostscreditarisingduringperiodnetoftax": -1000000,
        "othercomprehensiveincomelossnetoftax": -1000000,
        "comprehensiveincomenetoftaxincludingportionattributabletononcontrollinginterest": 128000000,
        "comprehensiveincomenetoftax": 128000000
    },
    {
        "date": "2024-02-28",
        "symbol": "JBL",
        "period": "Q2",
        "revenuefromcontractwithcustomerexcludingassessedtax": 6767000000,
        "costofgoodsandservicessold": 6137000000,
        "grossprofit": 630000000,
        "sellinggeneralandadministrativeexpense": 308000000,
        "researchanddevelopmentexpense": 10000000,
        "amortizationofintangibleassets": 9000000,
        "restructuringcharges": 70000000,
        "gainlossonsaleofbusiness": 944000000,
        "acquisitionanddivestiturerelatedcharges": 46000000,
        "operatingincomeloss": 1131000000,
        "othernonoperatingincomeexpense": -22000000,
        "interestincomeexpensenet": -47000000,
        "incomelossfromcontinuingoperationsbeforeincometaxesextraordinaryitemsnoncontrollinginterest": 1062000000,
        "incometaxexpensebenefit": 135000000,
        "profitloss": 927000000,
        "netincomeloss": 927000000,
        "earningspersharebasic": 7.41,
        "earningspersharediluted": 7.31,
        "weightedaveragenumberofsharesoutstandingbasic": 125200000,
        "weightedaveragenumberofdilutedsharesoutstanding": 126900000,
        "othercomprehensiveincomelossforeigncurrencytransactionandtranslationadjustmentnetoftax": -7000000,
        "othercomprehensiveincomelosscashflowhedgegainlossbeforereclassificationaftertax": -1000000,
        "othercomprehensiveincomelosscashflowhedgegainlossreclassificationaftertax": 2000000,
        "othercomprehensiveincomelosscashflowhedgegainlossafterreclassificationandtax": -3000000,
        "othercomprehensiveincomedefinedbenefitplansnetunamortizedgainlossarisingduringperiodnetoftax": -2000000,
        "othercomprehensiveincomedefinedbenefitplannetpriorservicecostscreditarisingduringperiodnetoftax": -1000000,
        "othercomprehensiveincomelossnetoftax": -11000000,
        "comprehensiveincomenetoftaxincludingportionattributabletononcontrollinginterest": 916000000,
        "comprehensiveincomenetoftax": 916000000
    },
    {
        "date": "2023-11-29",
        "symbol": "JBL",
        "period": "Q1",
        "revenuefromcontractwithcustomerexcludingassessedtax": 8387000000,
        "costofgoodsandservicessold": 7612000000,
        "grossprofit": 775000000,
        "sellinggeneralandadministrativeexpense": 314000000,
        "researchanddevelopmentexpense": 10000000,
        "amortizationofintangibleassets": 6000000,
        "restructuringcharges": 127000000,
        "costsfromdivestitureofbusinesses": 15000000,
        "operatingincomeloss": 303000000,
        "othernonoperatingincomeexpense": -21000000,
        "interestincomeexpensenet": -47000000,
        "incomelossfromcontinuingoperationsbeforeincometaxesextraordinaryitemsnoncontrollinginterest": 235000000,
        "incometaxexpensebenefit": 41000000,
        "profitloss": 194000000,
        "netincomeloss": 194000000,
        "earningspersharebasic": 1.49,
        "earningspersharediluted": 1.47,
        "weightedaveragenumberofsharesoutstandingbasic": 129600000,
        "weightedaveragenumberofdilutedsharesoutstanding": 132100000,
        "othercomprehensiveincomelosscashflowhedgegainlossbeforereclassificationaftertax": -3000000,
        "othercomprehensiveincomelosscashflowhedgegainlossreclassificationaftertax": -16000000,
        "othercomprehensiveincomelosscashflowhedgegainlossafterreclassificationandtax": 13000000,
        "othercomprehensiveincomedefinedbenefitplansnetunamortizedgainlossarisingduringperiodnetoftax": -3000000,
        "othercomprehensiveincomedefinedbenefitplannetpriorservicecostscreditarisingduringperiodnetoftax": -1000000,
        "othercomprehensiveincomelossnetoftax": 11000000,
        "comprehensiveincomenetoftaxincludingportionattributabletononcontrollinginterest": 205000000,
        "comprehensiveincomenetoftax": 205000000
    },
    {
        "date": "2023-08-30",
        "symbol": "JBL",
        "period": "Q4",
        "revenuefromcontractwithcustomerexcludingassessedtax": 8458000000,
        "costofgoodsandservicessold": 7692000000,
        "grossprofit": 766000000,
        "sellinggeneralandadministrativeexpense": 295000000,
        "researchanddevelopmentexpense": 9000000,
        "amortizationofintangibleassets": 9000000,
        "operatingincomeloss": 441000000,
        "othernonoperatingincomeexpense": -19000000,
        "incomelossfromcontinuingoperationsbeforeincometaxesextraordinaryitemsnoncontrollinginterest": 370000000,
        "incometaxexpensebenefit": 215000000,
        "profitloss": 155000000,
        "netincomeloss": 155000000,
        "earningspersharebasic": 1.1900000000000004,
        "earningspersharediluted": 1.1599999999999995,
        "weightedaveragenumberofsharesoutstandingbasic": -600000,
        "weightedaveragenumberofdilutedsharesoutstanding": -500000,
        "othercomprehensiveincomelossforeigncurrencytransactionandtranslationadjustmentnetoftax": 4000000,
        "othercomprehensiveincomelosscashflowhedgegainlossbeforereclassificationaftertax": -5000000,
        "othercomprehensiveincomelosscashflowhedgegainlossreclassificationaftertax": -6000000,
        "othercomprehensiveincomelosscashflowhedgegainlossafterreclassificationandtax": 1000000,
        "othercomprehensiveincomedefinedbenefitplansnetunamortizedgainlossarisingduringperiodnetoftax": -11000000,
        "othercomprehensiveincomelossnetoftax": -6000000,
        "comprehensiveincomenetoftaxincludingportionattributabletononcontrollinginterest": 149000000,
        "comprehensiveincomenetoftax": 149000000
    },
    {
        "date": "2023-05-30",
        "symbol": "JBL",
        "period": "Q3",
        "revenuefromcontractwithcustomerexcludingassessedtax": 8475000000,
        "costofgoodsandservicessold": 7778000000,
        "grossprofit": 697000000,
        "sellinggeneralandadministrativeexpense": 307000000,
        "researchanddevelopmentexpense": 8000000,
        "amortizationofintangibleassets": 7000000,
        "restructuringcharges": 0,
        "operatingincomeloss": 375000000,
        "othernonoperatingincomeexpense": -18000000,
        "investmentincomeinterest": 32000000,
        "interestexpense": 83000000,
        "incomelossfromcontinuingoperationsbeforeincometaxesextraordinaryitemsnoncontrollinginterest": 306000000,
        "incometaxexpensebenefit": 73000000,
        "profitloss": 233000000,
        "netincomeloss": 233000000,
        "earningspersharebasic": 1.75,
        "earningspersharediluted": 1.72,
        "weightedaveragenumberofsharesoutstandingbasic": -600000,
        "weightedaveragenumberofdilutedsharesoutstanding": -700000,
        "othercomprehensiveincomelossforeigncurrencytransactionandtranslationadjustmentnetoftax": 3000000,
        "othercomprehensiveincomelosscashflowhedgegainlossbeforereclassificationaftertax": -13000000,
        "othercomprehensiveincomelosscashflowhedgegainlossreclassificationaftertax": 8000000,
        "othercomprehensiveincomelosscashflowhedgegainlossafterreclassificationandtax": -21000000,
        "othercomprehensiveincomedefinedbenefitplansnetunamortizedgainlossarisingduringperiodnetoftax": -3000000,
        "othercomprehensiveincomelossnetoftax": -20000000,
        "comprehensiveincomenetoftaxincludingportionattributabletononcontrollinginterest": 213000000,
        "comprehensiveincomenetoftax": 213000000
    },
    {
        "date": "2023-02-27",
        "symbol": "JBL",
        "period": "Q2",
        "revenuefromcontractwithcustomerexcludingassessedtax": 12680000000,
        "costofgoodsandservicessold": 16322000000,
        "grossprofit": 661000000,
        "sellinggeneralandadministrativeexpense": 285000000,
        "researchanddevelopmentexpense": 8000000,
        "amortizationofintangibleassets": 9000000,
        "restructuringcharges": 37000000,
        "operatingincomeloss": 359000000,
        "othernonoperatingincomeexpense": -31000000,
        "investmentincomeinterest": 17000000,
        "interestexpense": 72000000,
        "incomelossfromcontinuingoperationsbeforeincometaxesextraordinaryitemsnoncontrollinginterest": 125000000,
        "incometaxexpensebenefit": 80000000,
        "profitloss": 207000000,
        "netincomeloss": 471000000,
        "earningspersharebasic": 1.56,
        "earningspersharediluted": 1.53,
        "weightedaveragenumberofsharesoutstandingbasic": -600000,
        "weightedaveragenumberofdilutedsharesoutstanding": -900000,
        "othercomprehensiveincomelossforeigncurrencytransactionandtranslationadjustmentnetoftax": 14000000,
        "othercomprehensiveincomelosscashflowhedgegainlossbeforereclassificationaftertax": 18000000,
        "othercomprehensiveincomelosscashflowhedgegainlossreclassificationaftertax": -1000000,
        "othercomprehensiveincomelosscashflowhedgegainlossafterreclassificationandtax": 19000000,
        "othercomprehensiveincomedefinedbenefitplansnetunamortizedgainlossarisingduringperiodnetoftax": -2000000,
        "othercomprehensiveincomedefinedbenefitplannetpriorservicecostscreditarisingduringperiodnetoftax": 0,
        "othercomprehensiveincomelossnetoftax": 50000000,
        "comprehensiveincomenetoftaxincludingportionattributabletononcontrollinginterest": 238000000,
        "comprehensiveincomenetoftax": 238000000
    },
    {
        "date": "2022-11-29",
        "symbol": "JBL",
        "period": "Q1",
        "revenuefromcontractwithcustomerexcludingassessedtax": 5089000000,
        "costofgoodsandservicessold": 43000000,
        "grossprofit": 743000000,
        "sellinggeneralandadministrativeexpense": 319000000,
        "researchanddevelopmentexpense": 9000000,
        "amortizationofintangibleassets": 8000000,
        "restructuringcharges": 8000000,
        "operatingincomeloss": 362000000,
        "othernonoperatingincomeexpense": -1000000,
        "investmentincomeinterest": 13000000,
        "interestexpense": 61000000,
        "incomelossfromcontinuingoperationsbeforeincometaxesextraordinaryitemsnoncontrollinginterest": 461000000,
        "incometaxexpensebenefit": 76000000,
        "profitloss": 223000000,
        "netincomeloss": -41000000,
        "earningspersharebasic": 1.65,
        "earningspersharediluted": 1.61,
        "weightedaveragenumberofsharesoutstandingbasic": 134800000,
        "weightedaveragenumberofdilutedsharesoutstanding": 138000000,
        "othercomprehensiveincomelossforeigncurrencytransactionandtranslationadjustmentnetoftax": 4000000,
        "othercomprehensiveincomelosscashflowhedgegainlossbeforereclassificationaftertax": -25000000,
        "othercomprehensiveincomelosscashflowhedgegainlossreclassificationaftertax": -43000000,
        "othercomprehensiveincomelosscashflowhedgegainlossafterreclassificationandtax": 18000000,
        "othercomprehensiveincomedefinedbenefitplansnetunamortizedgainlossarisingduringperiodnetoftax": -3000000,
        "othercomprehensiveincomedefinedbenefitplannetpriorservicecostscreditarisingduringperiodnetoftax": -1000000,
        "othercomprehensiveincomelossnetoftax": 1000000,
        "comprehensiveincomenetoftaxincludingportionattributabletononcontrollinginterest": 243000000,
        "comprehensiveincomenetoftax": 243000000
    },
    {
        "date": "2022-05-30",
        "symbol": "JBL",
        "period": "Q3",
        "revenuefromcontractwithcustomerexcludingassessedtax": 8328000000,
        "costofgoodsandservicessold": 7709000000,
        "grossprofit": 619000000,
        "sellinggeneralandadministrativeexpense": 282000000,
        "researchanddevelopmentexpense": 8000000,
        "amortizationofintangibleassets": 8000000,
        "operatingincomeloss": 321000000,
        "gainslossesonextinguishmentofdebt": -4000000,
        "othernonoperatingincomeexpense": -1000000,
        "investmentincomeinterest": 1000000,
        "interestexpense": 39000000,
        "incomelossfromcontinuingoperationsbeforeincometaxesextraordinaryitemsnoncontrollinginterest": 278000000,
        "incometaxexpensebenefit": 60000000,
        "profitloss": 218000000,
        "netincomeloss": 218000000,
        "earningspersharebasic": 1.55,
        "earningspersharediluted": 1.52,
        "weightedaveragenumberofsharesoutstandingbasic": 140400000,
        "weightedaveragenumberofdilutedsharesoutstanding": 143300000,
        "othercomprehensiveincomelossforeigncurrencytransactionandtranslationadjustmentnetoftax": -9000000,
        "othercomprehensiveincomelosscashflowhedgegainlossbeforereclassificationaftertax": 6000000,
        "othercomprehensiveincomelosscashflowhedgegainlossreclassificationaftertax": -9000000,
        "othercomprehensiveincomelosscashflowhedgegainlossafterreclassificationandtax": 15000000,
        "othercomprehensiveincomedefinedbenefitplansnetunamortizedgainlossarisingduringperiodnetoftax": -5000000,
        "othercomprehensiveincomedefinedbenefitplannetpriorservicecostscreditarisingduringperiodnetoftax": -1000000,
        "othercomprehensiveincomelossnetoftax": 2000000,
        "comprehensiveincomenetoftaxincludingportionattributabletononcontrollinginterest": 220000000,
        "comprehensiveincomenetoftax": 220000000
    },
    {
        "date": "2022-02-27",
        "symbol": "JBL",
        "period": "Q2",
        "revenuefromcontractwithcustomerexcludingassessedtax": 11411000000,
        "costofgoodsandservicessold": 14837000000,
        "grossprofit": 609000000,
        "sellinggeneralandadministrativeexpense": 280000000,
        "researchanddevelopmentexpense": 8000000,
        "amortizationofintangibleassets": 8000000,
        "operatingincomeloss": 313000000,
        "othernonoperatingincomeexpense": 4000000,
        "investmentincomeinterest": 0,
        "interestexpense": 33000000,
        "incomelossfromcontinuingoperationsbeforeincometaxesextraordinaryitemsnoncontrollinginterest": 201000000,
        "incometaxexpensebenefit": 62000000,
        "profitloss": 222000000,
        "netincomeloss": 222000000,
        "earningspersharebasic": 1.5400000000000003,
        "earningspersharediluted": 1.52,
        "weightedaveragenumberofsharesoutstandingbasic": -300000,
        "weightedaveragenumberofdilutedsharesoutstanding": -700000,
        "othercomprehensiveincomelossforeigncurrencytransactionandtranslationadjustmentnetoftax": 16000000,
        "othercomprehensiveincomelosscashflowhedgegainlossbeforereclassificationaftertax": 19000000,
        "othercomprehensiveincomelosscashflowhedgegainlossreclassificationaftertax": 5000000,
        "othercomprehensiveincomelosscashflowhedgegainlossafterreclassificationandtax": 14000000,
        "othercomprehensiveincomedefinedbenefitplansnetunamortizedgainlossarisingduringperiodnetoftax": -5000000,
        "othercomprehensiveincomedefinedbenefitplannetpriorservicecostscreditarisingduringperiodnetoftax": -3000000,
        "othercomprehensiveincomelossnetoftax": 2000000,
        "comprehensiveincomenetoftaxincludingportionattributabletononcontrollinginterest": 248000000,
        "comprehensiveincomenetoftax": 248000000
    },
    {
        "date": "2021-11-29",
        "symbol": "JBL",
        "period": "Q1",
        "revenuefromcontractwithcustomerexcludingassessedtax": 4709000000,
        "costofgoodsandservicessold": -1000000,
        "grossprofit": 675000000,
        "sellinggeneralandadministrativeexpense": 308000000,
        "researchanddevelopmentexpense": 9000000,
        "amortizationofintangibleassets": 8000000,
        "operatingincomeloss": 350000000,
        "othernonoperatingincomeexpense": -1000000,
        "investmentincomeinterest": 1000000,
        "interestexpense": 33000000,
        "incomelossfromcontinuingoperationsbeforeincometaxesextraordinaryitemsnoncontrollinginterest": 400000000,
        "incometaxexpensebenefit": 76000000,
        "profitloss": 241000000,
        "netincomeloss": 241000000,
        "earningspersharebasic": 1.68,
        "earningspersharediluted": 1.63,
        "weightedaveragenumberofsharesoutstandingbasic": 144100000,
        "weightedaveragenumberofdilutedsharesoutstanding": 147700000,
        "othercomprehensiveincomelossforeigncurrencytransactionandtranslationadjustmentnetoftax": -27000000,
        "othercomprehensiveincomelosscashflowhedgegainlossbeforereclassificationaftertax": 6000000,
        "othercomprehensiveincomelosscashflowhedgegainlossreclassificationaftertax": -2000000,
        "othercomprehensiveincomelosscashflowhedgegainlossafterreclassificationandtax": 8000000,
        "othercomprehensiveincomedefinedbenefitplansnetunamortizedgainlossarisingduringperiodnetoftax": -5000000,
        "othercomprehensiveincomedefinedbenefitplannetpriorservicecostscreditarisingduringperiodnetoftax": 1000000,
        "othercomprehensiveincomelossnetoftax": 1000000,
        "comprehensiveincomenetoftaxincludingportionattributabletononcontrollinginterest": 218000000,
        "comprehensiveincomenetoftax": 218000000
    },
    {
        "date": "2021-05-30",
        "symbol": "JBL",
        "period": "Q3",
        "revenuefromcontractwithcustomerexcludingassessedtax": 7214646000,
        "costofgoodsandservicessold": 6646846000,
        "grossprofit": 567800000,
        "sellinggeneralandadministrativeexpense": 305559000,
        "researchanddevelopmentexpense": 9657000,
        "amortizationofintangibleassets": 12066000,
        "restructuringcharges": 744000,
        "operatingincomeloss": 239774000,
        "othernonoperatingincomeexpense": 3352000,
        "investmentincomeinterest": 1563000,
        "interestexpense": 33803000,
        "incomelossfromcontinuingoperationsbeforeincometaxesextraordinaryitemsnoncontrollinginterest": 213295000,
        "incometaxexpensebenefit": 43277000,
        "profitloss": 170018000,
        "netincomelossattributabletononcontrollinginterest": 538000,
        "netincomeloss": 169480000,
        "earningspersharebasic": 1.1500000000000004,
        "earningspersharediluted": 1.1100000000000003,
        "weightedaveragenumberofsharesoutstandingbasic": -706000,
        "weightedaveragenumberofdilutedsharesoutstanding": -213000,
        "othercomprehensiveincomelossforeigncurrencytransactionandtranslationadjustmentnetoftax": 14609000,
        "othercomprehensiveincomelosscashflowhedgegainlossbeforereclassificationaftertax": 7878000,
        "othercomprehensiveincomelosscashflowhedgegainlossreclassificationaftertax": 3495000,
        "othercomprehensiveincomelosscashflowhedgegainlossafterreclassificationandtax": 4383000,
        "othercomprehensiveincomelossnetoftax": 18992000,
        "comprehensiveincomenetoftaxincludingportionattributabletononcontrollinginterest": 189010000,
        "comprehensiveincomenetoftaxattributabletononcontrollinginterest": 538000,
        "comprehensiveincomenetoftax": 188472000
    },
    {
        "date": "2021-02-27",
        "symbol": "JBL",
        "period": "Q2",
        "revenuefromcontractwithcustomerexcludingassessedtax": 14661075000,
        "costofgoodsandservicessold": 13472958000,
        "grossprofit": 569925000,
        "sellinggeneralandadministrativeexpense": 305942000,
        "researchanddevelopmentexpense": 9368000,
        "amortizationofintangibleassets": 11639000,
        "restructuringcharges": 7025000,
        "operatingincomeloss": 236350000,
        "othernonoperatingincomeexpense": 1559000,
        "investmentincomeinterest": 1655000,
        "interestexpense": 31026000,
        "incomelossfromcontinuingoperationsbeforeincometaxesextraordinaryitemsnoncontrollinginterest": 129008000,
        "incometaxexpensebenefit": 56184000,
        "profitloss": 352796000,
        "netincomelossattributabletononcontrollinginterest": 700000,
        "netincomeloss": 151654000,
        "earningspersharebasic": 1.0099999999999998,
        "earningspersharediluted": 0.9899999999999998,
        "weightedaveragenumberofsharesoutstandingbasic": 49000,
        "weightedaveragenumberofdilutedsharesoutstanding": 133000,
        "othercomprehensiveincomelossforeigncurrencytransactionandtranslationadjustmentnetoftax": 286000,
        "othercomprehensiveincomelosscashflowhedgegainlossbeforereclassificationaftertax": 31324000,
        "othercomprehensiveincomelosscashflowhedgegainlossreclassificationaftertax": 21534000,
        "othercomprehensiveincomelosscashflowhedgegainlossafterreclassificationandtax": 9790000,
        "othercomprehensiveincomedefinedbenefitplansnetunamortizedgainlossarisingduringperiodnetoftax": 0,
        "othercomprehensiveincomelossnetoftax": 30154000,
        "comprehensiveincomenetoftaxincludingportionattributabletononcontrollinginterest": 162430000,
        "comprehensiveincomenetoftaxattributabletononcontrollinginterest": 700000,
        "comprehensiveincomenetoftax": 161730000
    },
    {
        "date": "2020-11-29",
        "symbol": "JBL",
        "period": "Q1",
        "revenuefromcontractwithcustomerexcludingassessedtax": 7832529000,
        "costofgoodsandservicessold": 7197969000,
        "grossprofit": 634560000,
        "sellinggeneralandadministrativeexpense": 302752000,
        "researchanddevelopmentexpense": 8118000,
        "amortizationofintangibleassets": 11455000,
        "restructuringcharges": -1715000,
        "operatingincomeloss": 313950000,
        "othernonoperatingincomeexpense": 1922000,
        "investmentincomeinterest": 1881000,
        "interestexpense": 32346000,
        "incomelossfromcontinuingoperationsbeforeincometaxesextraordinaryitemsnoncontrollinginterest": 285407000,
        "incometaxexpensebenefit": 84400000,
        "profitloss": 201007000,
        "netincomelossattributabletononcontrollinginterest": 565000,
        "netincomeloss": 200442000,
        "earningspersharebasic": 1.33,
        "earningspersharediluted": 1.31,
        "weightedaveragenumberofsharesoutstandingbasic": 150157000,
        "weightedaveragenumberofdilutedsharesoutstanding": 152918000,
        "othercomprehensiveincomelossforeigncurrencytransactionandtranslationadjustmentnetoftax": 10718000,
        "othercomprehensiveincomelosscashflowhedgegainlossbeforereclassificationaftertax": 24911000,
        "othercomprehensiveincomelosscashflowhedgegainlossreclassificationaftertax": 15551000,
        "othercomprehensiveincomelosscashflowhedgegainlossafterreclassificationandtax": 9360000,
        "othercomprehensiveincomedefinedbenefitplansnetunamortizedgainlossarisingduringperiodnetoftax": -256000,
        "othercomprehensiveincomelossnetoftax": 19822000,
        "comprehensiveincomenetoftaxincludingportionattributabletononcontrollinginterest": 220829000,
        "comprehensiveincomenetoftaxattributabletononcontrollinginterest": 565000,
        "comprehensiveincomenetoftax": 220264000
    },
    {
        "date": "2020-08-30",
        "symbol": "JBL",
        "period": "Q4",
        "profitloss": 68909000,
        "othercomprehensiveincomelossforeigncurrencytransactionandtranslationadjustmentnetoftax": 20713000,
        "othercomprehensiveincomelosscashflowhedgegainlossbeforereclassificationaftertax": 15387000,
        "othercomprehensiveincomelosscashflowhedgegainlossreclassificationaftertax": 4949000,
        "othercomprehensiveincomelosscashflowhedgegainlossafterreclassificationandtax": 10438000,
        "othercomprehensiveincomelossavailableforsalesecuritiesadjustmentnetoftax": 22020000,
        "othercomprehensiveincomelossnetoftax": 115235000,
        "comprehensiveincomenetoftaxincludingportionattributabletononcontrollinginterest": 184144000,
        "comprehensiveincomenetoftaxattributabletononcontrollinginterest": 1178000,
        "comprehensiveincomenetoftax": 182966000,
        "revenuefromcontractwithcustomerexcludingassessedtax": 7300015000,
        "costofgoodsandservicessold": 6809314000,
        "grossprofit": 490701000,
        "sellinggeneralandadministrativeexpense": 257922000,
        "researchanddevelopmentexpense": 10496000,
        "amortizationofintangibleassets": 12649000,
        "restructuringcharges": 104286000,
        "operatingincomeloss": 197053000,
        "othernonoperatingincomeexpense": -5890000,
        "investmentincomeinterest": 1415000,
        "interestexpense": 40910000,
        "incomelossfromcontinuingoperationsbeforeincometaxesextraordinaryitemsnoncontrollinginterest": 115248000,
        "incometaxexpensebenefit": 46339000,
        "netincomelossattributabletononcontrollinginterest": 1178000,
        "netincomeloss": 67731000,
        "earningspersharebasic": 0.44999999999999996,
        "earningspersharediluted": 0.43999999999999995,
        "weightedaveragenumberofsharesoutstandingbasic": -343000,
        "weightedaveragenumberofdilutedsharesoutstanding": 3318000
    },
    {
        "date": "2020-05-30",
        "symbol": "JBL",
        "period": "Q3",
        "profitloss": -50263000,
        "othercomprehensiveincomelossforeigncurrencytransactionandtranslationadjustmentnetoftax": -32135000,
        "othercomprehensiveincomelosscashflowhedgegainlossbeforereclassificationaftertax": -22862000,
        "othercomprehensiveincomelosscashflowhedgegainlossreclassificationaftertax": -16020000,
        "othercomprehensiveincomelosscashflowhedgegainlossafterreclassificationandtax": -6842000,
        "othercomprehensiveincomelossavailableforsalesecuritiesadjustmentnetoftax": -7483000,
        "othercomprehensiveincomelossnetoftax": -46460000,
        "comprehensiveincomenetoftaxincludingportionattributabletononcontrollinginterest": -96723000,
        "comprehensiveincomenetoftaxattributabletononcontrollinginterest": 695000,
        "comprehensiveincomenetoftax": -97418000,
        "revenuefromcontractwithcustomerexcludingassessedtax": 6335642000,
        "costofgoodsandservicessold": 5879494000,
        "grossprofit": 456148000,
        "sellinggeneralandadministrativeexpense": 302849000,
        "researchanddevelopmentexpense": 11587000,
        "amortizationofintangibleassets": 13178000,
        "restructuringcharges": -22555000,
        "operatingincomeloss": 59384000,
        "othernonoperatingincomeexpense": -5602000,
        "investmentincomeinterest": 1864000,
        "interestexpense": 41873000,
        "incomelossfromcontinuingoperationsbeforeincometaxesextraordinaryitemsnoncontrollinginterest": 13773000,
        "incometaxexpensebenefit": 64036000,
        "netincomelossattributabletononcontrollinginterest": 695000,
        "netincomeloss": -50958000,
        "earningspersharebasic": -0.33,
        "earningspersharediluted": -0.33,
        "weightedaveragenumberofsharesoutstandingbasic": -153202000,
        "weightedaveragenumberofdilutedsharesoutstanding": -156564000
    },
    {
        "date": "2020-02-28",
        "symbol": "JBL",
        "period": "Q2",
        "profitloss": -2581000,
        "othercomprehensiveincomelossforeigncurrencytransactionandtranslationadjustmentnetoftax": -10346000,
        "othercomprehensiveincomelosscashflowhedgegainlossbeforereclassificationaftertax": -9474000,
        "othercomprehensiveincomelosscashflowhedgegainlossreclassificationaftertax": 3548000,
        "othercomprehensiveincomelosscashflowhedgegainlossafterreclassificationandtax": -13022000,
        "othercomprehensiveincomelossavailableforsalesecuritiesadjustmentnetoftax": -5253000,
        "othercomprehensiveincomelossnetoftax": -28621000,
        "comprehensiveincomenetoftaxincludingportionattributabletononcontrollinginterest": -31202000,
        "comprehensiveincomenetoftaxattributabletononcontrollinginterest": 702000,
        "comprehensiveincomenetoftax": -31904000,
        "revenuefromcontractwithcustomerexcludingassessedtax": 6125083000,
        "costofgoodsandservicessold": 5694958000,
        "grossprofit": 430125000,
        "sellinggeneralandadministrativeexpense": 285024000,
        "researchanddevelopmentexpense": 11290000,
        "amortizationofintangibleassets": 13577000,
        "restructuringcharges": 29604000,
        "operatingincomeloss": 90630000,
        "equitysecuritieswithoutreadilydeterminablefairvalueimpairmentlossannualamount": 12205000,
        "othernonoperatingincomeexpense": -8501000,
        "investmentincomeinterest": 5336000,
        "interestexpense": 46183000,
        "incomelossfromcontinuingoperationsbeforeincometaxesextraordinaryitemsnoncontrollinginterest": 29077000,
        "incometaxexpensebenefit": 31658000,
        "netincomelossattributabletononcontrollinginterest": 702000,
        "netincomeloss": -3283000,
        "earningspersharebasic": -0.02,
        "earningspersharediluted": -0.02,
        "weightedaveragenumberofsharesoutstandingbasic": 152058000,
        "weightedaveragenumberofdilutedsharesoutstanding": 152058000
    },
    {
        "date": "2019-11-29",
        "symbol": "JBL",
        "period": "Q1",
        "profitloss": 40714000,
        "othercomprehensiveincomelossforeigncurrencytransactionandtranslationadjustmentnetoftax": -529000,
        "othercomprehensiveincomelosscashflowhedgegainlossbeforereclassificationaftertax": 10945000,
        "othercomprehensiveincomelosscashflowhedgegainlossreclassificationaftertax": -6883000,
        "othercomprehensiveincomelosscashflowhedgegainlossafterreclassificationandtax": 17828000,
        "othercomprehensiveincomelossavailableforsalesecuritiesadjustmentnetoftax": -8827000,
        "othercomprehensiveincomelossnetoftax": 8472000,
        "comprehensiveincomenetoftaxincludingportionattributabletononcontrollinginterest": 49186000,
        "comprehensiveincomenetoftaxattributabletononcontrollinginterest": 292000,
        "comprehensiveincomenetoftax": 48894000,
        "revenuefromcontractwithcustomerexcludingassessedtax": 7505698000,
        "costofgoodsandservicessold": 6951859000,
        "grossprofit": 553839000,
        "sellinggeneralandadministrativeexpense": 328899000,
        "researchanddevelopmentexpense": 10770000,
        "amortizationofintangibleassets": 16140000,
        "restructuringcharges": 45251000,
        "operatingincomeloss": 152779000,
        "othernonoperatingincomeexpense": -11172000,
        "investmentincomeinterest": 5944000,
        "interestexpense": 44911000,
        "incomelossfromcontinuingoperationsbeforeincometaxesextraordinaryitemsnoncontrollinginterest": 102640000,
        "incometaxexpensebenefit": 61926000,
        "netincomelossattributabletononcontrollinginterest": 292000,
        "netincomeloss": 40422000,
        "earningspersharebasic": 0.26,
        "earningspersharediluted": 0.26,
        "weightedaveragenumberofsharesoutstandingbasic": 153100000,
        "weightedaveragenumberofdilutedsharesoutstanding": 156462000
    },
    {
        "date": "2019-08-30",
        "symbol": "JBL",
        "period": "Q4",
        "profitloss": 45392000,
        "othercomprehensiveincomelossforeigncurrencytransactionandtranslationadjustmentnetoftax": -16093000,
        "othercomprehensiveincomelossderivativesqualifyingashedgesnetoftax": -27210000,
        "othercomprehensiveincomelossavailableforsalesecuritiesadjustmentnetoftax": 13594000,
        "othercomprehensiveincomelossnetoftax": -16093000,
        "comprehensiveincomenetoftaxincludingportionattributabletononcontrollinginterest": 52675000,
        "comprehensiveincomenetoftaxattributabletononcontrollinginterest": 1086000,
        "comprehensiveincomenetoftax": 19886000,
        "costofgoodsandservicessold": 6074753000,
        "grossprofit": 495078000,
        "sellinggeneralandadministrativeexpense": 276597000,
        "researchanddevelopmentexpense": 10114000,
        "amortizationofintangibleassets": 8867000,
        "restructuringcharges": 0,
        "operatingincomeloss": 182480000,
        "othernonoperatingincomeexpense": -14359000,
        "investmentincomeinterest": 5563000,
        "interestexpense": -433000,
        "incomelossfromcontinuingoperationsbeforeincometaxesextraordinaryitemsnoncontrollinginterest": -70247000,
        "incometaxexpensebenefit": 49256000,
        "netincomelossattributabletononcontrollinginterest": 1086000,
        "netincomeloss": 52675000,
        "earningspersharebasic": 0.3500000000000001,
        "earningspersharediluted": 0.3400000000000001,
        "weightedaveragenumberofsharesoutstandingbasic": -771000,
        "weightedaveragenumberofdilutedsharesoutstanding": -389000
    },
    {
        "date": "2019-05-30",
        "symbol": "JBL",
        "period": "Q3",
        "profitloss": 8596000,
        "othercomprehensiveincomelossforeigncurrencytransactionandtranslationadjustmentnetoftax": -18548000,
        "othercomprehensiveincomelossderivativesqualifyingashedgesnetoftax": -21907000,
        "othercomprehensiveincomelossavailableforsalesecuritiesadjustmentnetoftax": 3703000,
        "othercomprehensiveincomelossnetoftax": -18548000,
        "comprehensiveincomenetoftaxincludingportionattributabletononcontrollinginterest": 43482000,
        "comprehensiveincomenetoftaxattributabletononcontrollinginterest": 550000,
        "comprehensiveincomenetoftax": 6730000,
        "revenuefromcontractwithcustomerexcludingassessedtax": 4279564000,
        "costofgoodsandservicessold": 5665680000,
        "grossprofit": 443799000,
        "sellinggeneralandadministrativeexpense": 274482000,
        "researchanddevelopmentexpense": 11449000,
        "amortizationofintangibleassets": 7610000,
        "restructuringcharges": -2900000,
        "operatingincomeloss": 104451000,
        "othernonoperatingincomeexpense": -14084000,
        "investmentincomeinterest": 6758000,
        "interestexpense": -2150000,
        "incomelossfromcontinuingoperationsbeforeincometaxesextraordinaryitemsnoncontrollinginterest": -1728000,
        "incometaxexpensebenefit": 38015000,
        "netincomelossattributabletononcontrollinginterest": 550000,
        "netincomeloss": 43482000,
        "earningspersharebasic": 0.29000000000000004,
        "earningspersharediluted": 0.28,
        "weightedaveragenumberofsharesoutstandingbasic": -1776000,
        "weightedaveragenumberofdilutedsharesoutstanding": -1377000
    },
    {
        "date": "2019-02-27",
        "symbol": "JBL",
        "period": "Q2",
        "profitloss": 37811000,
        "othercomprehensiveincomelossforeigncurrencytransactionandtranslationadjustmentnetoftax": 12535000,
        "othercomprehensiveincomelossderivativesqualifyingashedgesnetoftax": 5887000,
        "othercomprehensiveincomelossavailableforsalesecuritiesadjustmentnetoftax": 273000,
        "othercomprehensiveincomedefinedbenefitplansnetunamortizedgainlossarisingduringperiodnetoftax": 0,
        "othercomprehensiveincomelossnetoftax": 12535000,
        "comprehensiveincomenetoftaxincludingportionattributabletononcontrollinginterest": 67354000,
        "comprehensiveincomenetoftaxattributabletononcontrollinginterest": 253000,
        "comprehensiveincomenetoftax": 86049000,
        "revenuefromcontractwithcustomerexcludingassessedtax": 3765295000,
        "costofgoodsandservicessold": 5556714000,
        "grossprofit": 454874000,
        "sellinggeneralandadministrativeexpense": 282142000,
        "researchanddevelopmentexpense": 10155000,
        "amortizationofintangibleassets": 7777000,
        "restructuringcharges": 300000,
        "operatingincomeloss": 127835000,
        "othernonoperatingincomeexpense": -11757000,
        "investmentincomeinterest": 4760000,
        "interestexpense": -41792000,
        "incomelossfromcontinuingoperationsbeforeincometaxesextraordinaryitemsnoncontrollinginterest": -66409000,
        "incometaxexpensebenefit": 36867000,
        "netincomelossattributabletononcontrollinginterest": 253000,
        "netincomeloss": 67354000,
        "earningspersharebasic": 0.43999999999999995,
        "earningspersharediluted": 0.42999999999999994,
        "weightedaveragenumberofsharesoutstandingbasic": -3397000,
        "weightedaveragenumberofdilutedsharesoutstanding": -3257000
    },
    {
        "date": "2018-11-29",
        "symbol": "JBL",
        "period": "Q1",
        "profitloss": 88600000,
        "othercomprehensiveincomelossforeigncurrencytransactionandtranslationadjustmentnetoftax": 377000,
        "othercomprehensiveincomelossderivativesqualifyingashedgesnetoftax": -4284000,
        "othercomprehensiveincomelossavailableforsalesecuritiesadjustmentnetoftax": -8745000,
        "othercomprehensiveincomedefinedbenefitplansnetunamortizedgainlossarisingduringperiodnetoftax": 103000,
        "othercomprehensiveincomelossnetoftax": 377000,
        "comprehensiveincomenetoftaxincludingportionattributabletononcontrollinginterest": 123600000,
        "comprehensiveincomenetoftaxattributabletononcontrollinginterest": 474000,
        "comprehensiveincomenetoftax": 111051000,
        "revenuefromcontractwithcustomerexcludingassessedtax": 3983963000,
        "costofgoodsandservicessold": 5760456000,
        "grossprofit": 519650000,
        "sellinggeneralandadministrativeexpense": 278126000,
        "researchanddevelopmentexpense": 11143000,
        "amortizationofintangibleassets": 7646000,
        "restructuringcharges": 4400000,
        "operatingincomeloss": 180339000,
        "othernonoperatingincomeexpense": -13550000,
        "investmentincomeinterest": 4379000,
        "interestexpense": 42652000,
        "incomelossfromcontinuingoperationsbeforeincometaxesextraordinaryitemsnoncontrollinginterest": 84095000,
        "incometaxexpensebenefit": 39916000,
        "netincomelossattributabletononcontrollinginterest": 474000,
        "netincomeloss": 123600000,
        "earningspersharebasic": 0.77,
        "earningspersharediluted": 0.76,
        "weightedaveragenumberofsharesoutstandingbasic": 161557000,
        "weightedaveragenumberofdilutedsharesoutstanding": 163670000
    },
    {
        "date": "2018-08-30",
        "symbol": "JBL",
        "period": "Q4",
        "profitloss": -56608000,
        "othercomprehensiveincomelossforeigncurrencytransactionandtranslationadjustmentnetoftax": -30431000,
        "othercomprehensiveincomelossderivativesqualifyingashedgesnetoftax": -44304000,
        "othercomprehensiveincomelossavailableforsalesecuritiesadjustmentnetoftax": -6663000,
        "othercomprehensiveincomelossnetoftax": -30431000,
        "comprehensiveincomenetoftaxincludingportionattributabletononcontrollinginterest": -57314000,
        "comprehensiveincomenetoftaxattributabletononcontrollinginterest": 706000,
        "comprehensiveincomenetoftax": -102645000,
        "costofgoodsandservicessold": 5329684000,
        "grossprofit": 442147000,
        "sellinggeneralandadministrativeexpense": 261234000,
        "researchanddevelopmentexpense": 10996000,
        "amortizationofintangibleassets": 8581000,
        "restructuringcharges": 900000,
        "operatingincomeloss": 153896000,
        "othernonoperatingincomeexpense": -11057000,
        "investmentincomeinterest": 4490000,
        "interestexpense": 38782000,
        "incomelossfromcontinuingoperationsbeforeincometaxesextraordinaryitemsnoncontrollinginterest": 148593000,
        "incometaxexpensebenefit": 165155000,
        "netincomelossattributabletononcontrollinginterest": 706000,
        "netincomeloss": -57314000,
        "earningspersharebasic": -0.32999999999999996,
        "earningspersharediluted": -0.32000000000000006,
        "weightedaveragenumberofsharesoutstandingbasic": -1776000,
        "weightedaveragenumberofdilutedsharesoutstanding": -1953000,
        "commonstockdividendspersharedeclared": 0.08000000000000003
    },
    {
        "date": "2018-05-30",
        "symbol": "JBL",
        "period": "Q3",
        "profitloss": 42702000,
        "othercomprehensiveincomelossforeigncurrencytransactionandtranslationadjustmentnetoftax": -40640000,
        "othercomprehensiveincomelossderivativesqualifyingashedgesnetoftax": -5944000,
        "othercomprehensiveincomelossreclassificationadjustmentfromaocionderivativesnetoftax": 13890000,
        "othercomprehensiveincomelossavailableforsalesecuritiesadjustmentnetoftax": -202000,
        "othercomprehensiveincomedefinedbenefitplansnetunamortizedgainlossarisingduringperiodnetoftax": 0,
        "othercomprehensiveincomelossnetoftax": -57397000,
        "comprehensiveincomenetoftaxincludingportionattributabletononcontrollinginterest": 10209000,
        "comprehensiveincomenetoftaxattributabletononcontrollinginterest": 161000,
        "comprehensiveincomenetoftax": -18135000,
        "salesrevenuenet": 438154000,
        "costofgoodsandservicessold": 5038725000,
        "grossprofit": 398227000,
        "sellinggeneralandadministrativeexpense": 252487000,
        "researchanddevelopmentexpense": 10082000,
        "amortizationofintangibleassets": 10040000,
        "restructuringcharges": 100000,
        "operatingincomeloss": 112971000,
        "othernonoperatingincomeexpense": -10139000,
        "investmentincomeinterest": 4499000,
        "interestexpense": 36178000,
        "incomelossfromcontinuingoperationsbeforeincometaxesextraordinaryitemsnoncontrollinginterest": 65763000,
        "incometaxexpensebenefit": 28451000,
        "netincomelossattributabletononcontrollinginterest": 161000,
        "netincomeloss": 42541000,
        "earningspersharebasic": 0.26,
        "earningspersharediluted": 0.2500000000000001,
        "weightedaveragenumberofsharesoutstandingbasic": -177558000,
        "weightedaveragenumberofdilutedsharesoutstanding": -180159000,
        "commonstockdividendspersharedeclared": 0.07999999999999997
    },
    {
        "date": "2018-02-27",
        "symbol": "JBL",
        "period": "Q2",
        "profitloss": 37528000,
        "othercomprehensiveincomelossforeigncurrencytransactionandtranslationadjustmentnetoftax": 24721000,
        "othercomprehensiveincomelossderivativesqualifyingashedgesnetoftax": 20653000,
        "othercomprehensiveincomelossreclassificationadjustmentfromaocionderivativesnetoftax": 9893000,
        "othercomprehensiveincomelossavailableforsalesecuritiesadjustmentnetoftax": -349000,
        "othercomprehensiveincomedefinedbenefitplansnetunamortizedgainlossarisingduringperiodnetoftax": -8000,
        "othercomprehensiveincomelossnetoftax": 35124000,
        "comprehensiveincomenetoftaxincludingportionattributabletononcontrollinginterest": 72652000,
        "comprehensiveincomenetoftaxattributabletononcontrollinginterest": 220000,
        "comprehensiveincomenetoftax": 72432000,
        "salesrevenuenet": 2870488000,
        "costofgoodsandservicessold": 4903968000,
        "grossprofit": 397133000,
        "sellinggeneralandadministrativeexpense": 243940000,
        "researchanddevelopmentexpense": 8344000,
        "amortizationofintangibleassets": 9890000,
        "restructuringcharges": 2100000,
        "operatingincomeloss": 129532000,
        "othernonoperatingincomeexpense": -10485000,
        "investmentincomeinterest": 5011000,
        "interestexpense": 37796000,
        "incomelossfromcontinuingoperationsbeforeincometaxesextraordinaryitemsnoncontrollinginterest": 95283000,
        "incometaxexpensebenefit": 48734000,
        "netincomelossattributabletononcontrollinginterest": 220000,
        "netincomeloss": 37308000,
        "earningspersharebasic": 0.21,
        "earningspersharediluted": 0.21,
        "weightedaveragenumberofsharesoutstandingbasic": 174635000,
        "weightedaveragenumberofdilutedsharesoutstanding": 176953000,
        "commonstockdividendspersharedeclared": 0.08
    },
    {
        "date": "2017-11-29",
        "symbol": "JBL",
        "period": "Q1",
        "salesrevenuenet": 5585532000,
        "costofgoodsandservicessold": 5116247000,
        "grossprofit": 469285000,
        "sellinggeneralandadministrativeexpense": 293055000,
        "researchanddevelopmentexpense": 9109000,
        "amortizationofintangibleassets": 9979000,
        "restructuringcharges": 900000,
        "operatingincomeloss": 145754000,
        "othernonoperatingincomeexpense": -5882000,
        "investmentincomeinterest": 3813000,
        "interestexpense": 36246000,
        "incomelossfromcontinuingoperationsbeforeincometaxesextraordinaryitemsnoncontrollinginterest": 141510000,
        "incometaxexpensebenefit": 43520000,
        "profitloss": 63919000,
        "netincomelossattributabletononcontrollinginterest": 124000,
        "netincomeloss": 63795000,
        "earningspersharebasic": 0.36,
        "earningspersharediluted": 0.35,
        "weightedaveragenumberofsharesoutstandingbasic": 176936000,
        "weightedaveragenumberofdilutedsharesoutstanding": 180203000,
        "commonstockdividendspersharedeclared": 0.08,
        "othercomprehensiveincomelossforeigncurrencytransactionandtranslationadjustmentnetoftax": -3801000,
        "othercomprehensiveincomelossderivativesqualifyingashedgesnetoftax": 7744000,
        "othercomprehensiveincomelossreclassificationadjustmentfromaocionderivativesnetoftax": 5191000,
        "othercomprehensiveincomelossavailableforsalesecuritiesadjustmentnetoftax": -1465000,
        "othercomprehensiveincomedefinedbenefitplansnetunamortizedgainlossarisingduringperiodnetoftax": -423000,
        "othercomprehensiveincomelossnetoftax": 2553000,
        "comprehensiveincomenetoftaxincludingportionattributabletononcontrollinginterest": 60783000,
        "comprehensiveincomenetoftaxattributabletononcontrollinginterest": 124000,
        "comprehensiveincomenetoftax": 60659000
    },
    {
        "date": "2017-08-30",
        "symbol": "JBL",
        "period": "Q4",
        "salesrevenuenet": 2151219000,
        "costofgoodsandservicessold": 4597211000,
        "grossprofit": 425818000,
        "sellinggeneralandadministrativeexpense": 241823000,
        "researchanddevelopmentexpense": 7698000,
        "amortizationofintangibleassets": 9262000,
        "restructuringcharges": 65669000,
        "operatingincomeloss": 118057000,
        "othernonoperatingincomeexpense": -4576000,
        "investmentincomeinterest": 4118000,
        "interestexpense": 35987000,
        "incomelossfromcontinuingoperationsbeforeincometaxesextraordinaryitemsnoncontrollinginterest": 407576000,
        "incometaxexpensebenefit": 35571000,
        "profitloss": 46041000,
        "netincomelossattributabletononcontrollinginterest": 362000,
        "netincomeloss": 45679000,
        "earningspersharebasic": 0.26,
        "earningspersharediluted": 0.25,
        "weightedaveragenumberofsharesoutstandingbasic": -548780098,
        "weightedaveragenumberofdilutedsharesoutstanding": -553718162,
        "commonstockdividendspersharedeclared": 0.07999999999999997,
        "othercomprehensiveincomelossforeigncurrencytransactionandtranslationadjustmentnetoftax": 26013000,
        "othercomprehensiveincomelossderivativesqualifyingashedgesnetoftax": 4786000,
        "othercomprehensiveincomelossreclassificationadjustmentfromaocionderivativesnetoftax": 2846000,
        "othercomprehensiveincomelossavailableforsalesecuritiesadjustmentnetoftax": 420000,
        "othercomprehensiveincomelossnetoftax": -55856000,
        "comprehensiveincomenetoftaxincludingportionattributabletononcontrollinginterest": -7840000,
        "comprehensiveincomenetoftaxattributabletononcontrollinginterest": 362000,
        "comprehensiveincomenetoftax": 84372000
    },
    {
        "date": "2017-05-30",
        "symbol": "JBL",
        "period": "Q3",
        "salesrevenuenet": 1669846000,
        "costofgoodsandservicessold": 4163142000,
        "grossprofit": 326415000,
        "sellinggeneralandadministrativeexpense": 233884000,
        "researchanddevelopmentexpense": 7274000,
        "amortizationofintangibleassets": 9174000,
        "restructuringcharges": 11061000,
        "operatingincomeloss": 43383000,
        "othernonoperatingincomeexpense": -15821000,
        "investmentincomeinterest": 3663000,
        "interestexpense": 35443000,
        "incomelossfromcontinuingoperationsbeforeincometaxesextraordinaryitemsnoncontrollinginterest": -4218000,
        "incometaxexpensebenefit": 21481000,
        "profitloss": -25699000,
        "netincomelossattributabletononcontrollinginterest": -418000,
        "netincomeloss": -25281000,
        "earningspersharebasic": -0.14,
        "earningspersharediluted": -0.14,
        "weightedaveragenumberofsharesoutstandingbasic": 181038000,
        "weightedaveragenumberofdilutedsharesoutstanding": 181038000,
        "commonstockdividendspersharedeclared": 0.08,
        "othercomprehensiveincomelossforeigncurrencytransactionandtranslationadjustmentnetoftax": 11727000,
        "othercomprehensiveincomelossderivativesqualifyingashedgesnetoftax": -2009000,
        "othercomprehensiveincomelossreclassificationadjustmentfromaocionderivativesnetoftax": -201000,
        "othercomprehensiveincomelossavailableforsalesecuritiesadjustmentnetoftax": 4548000,
        "othercomprehensiveincomelossreclassificationadjustmentfromaociforwritedownofsecuritiesnetoftax": 10139000,
        "othercomprehensiveincomelossnetoftax": 24606000,
        "comprehensiveincomenetoftaxincludingportionattributabletononcontrollinginterest": -1093000,
        "comprehensiveincomenetoftaxattributabletononcontrollinginterest": -418000,
        "comprehensiveincomenetoftax": -675000
    },
    {
        "date": "2017-02-27",
        "symbol": "JBL",
        "period": "Q2",
        "salesrevenuenet": 1762826000,
        "costofgoodsandservicessold": 4083733000,
        "grossprofit": 361904000,
        "sellinggeneralandadministrativeexpense": 217943000,
        "researchanddevelopmentexpense": 7085000,
        "amortizationofintangibleassets": 8766000,
        "restructuringcharges": 433000,
        "operatingincomeloss": 83183000,
        "othernonoperatingincomeexpense": -3371000,
        "investmentincomeinterest": 2289000,
        "interestexpense": 33800000,
        "incomelossfromcontinuingoperationsbeforeincometaxesextraordinaryitemsnoncontrollinginterest": 54105000,
        "incometaxexpensebenefit": 28177000,
        "profitloss": 20124000,
        "netincomelossattributabletononcontrollinginterest": -541000,
        "netincomeloss": 20665000,
        "earningspersharebasic": 0.11,
        "earningspersharediluted": 0.11,
        "weightedaveragenumberofsharesoutstandingbasic": 182632000,
        "weightedaveragenumberofdilutedsharesoutstanding": 185010000,
        "commonstockdividendspersharedeclared": 0.08,
        "othercomprehensiveincomelossforeigncurrencytransactionandtranslationadjustmentnetoftax": 27123000,
        "othercomprehensiveincomelossderivativesqualifyingashedgesnetoftax": 2423000,
        "othercomprehensiveincomelossreclassificationadjustmentfromaocionderivativesnetoftax": -7797000,
        "othercomprehensiveincomelossavailableforsalesecuritiesadjustmentnetoftax": 6893000,
        "othercomprehensiveincomelossnetoftax": 44236000,
        "comprehensiveincomenetoftaxincludingportionattributabletononcontrollinginterest": 64360000,
        "comprehensiveincomenetoftaxattributabletononcontrollinginterest": -541000,
        "comprehensiveincomenetoftax": 64901000
    },
    {
        "date": "2016-11-29",
        "symbol": "JBL",
        "period": "Q1",
        "salesrevenuenet": 2401608000,
        "costofgoodsandservicessold": 4673392000,
        "grossprofit": 431506000,
        "sellinggeneralandadministrativeexpense": 214052000,
        "researchanddevelopmentexpense": 7623000,
        "amortizationofintangibleassets": 8322000,
        "restructuringcharges": 17037000,
        "operatingincomeloss": 165607000,
        "othernonoperatingincomeexpense": -4680000,
        "investmentincomeinterest": 2455000,
        "interestexpense": 32844000,
        "incomelossfromcontinuingoperationsbeforeincometaxesextraordinaryitemsnoncontrollinginterest": 209540000,
        "incometaxexpensebenefit": 43837000,
        "profitloss": 86701000,
        "netincomelossattributabletononcontrollinginterest": -1326000,
        "netincomeloss": 88027000,
        "earningspersharebasic": 0.48,
        "earningspersharediluted": 0.47,
        "weightedaveragenumberofsharesoutstandingbasic": 185292000,
        "weightedaveragenumberofdilutedsharesoutstanding": 187856000,
        "commonstockdividendspersharedeclared": 0.08,
        "othercomprehensiveincomelossforeigncurrencytransactionandtranslationadjustmentnetoftax": -23619000,
        "othercomprehensiveincomelossderivativesqualifyingashedgesnetoftax": 8234000,
        "othercomprehensiveincomelossreclassificationadjustmentfromaocionderivativesnetoftax": -3597000,
        "othercomprehensiveincomelossavailableforsalesecuritiesadjustmentnetoftax": -1250000,
        "othercomprehensiveincomelossnetoftax": -13038000,
        "comprehensiveincomenetoftaxincludingportionattributabletononcontrollinginterest": 73663000,
        "comprehensiveincomenetoftaxattributabletononcontrollinginterest": -1326000,
        "comprehensiveincomenetoftax": 74989000
    },
    {
        "date": "2016-08-30",
        "symbol": "JBL",
        "period": "Q4",
        "incomelossfromcontinuingoperationsperbasicshare": 0.20000000000000018,
        "earningspersharebasic": 0.20000000000000018,
        "incomelossfromcontinuingoperationsperdilutedshare": 0.20000000000000007,
        "earningspersharediluted": 0.20000000000000007,
        "salesrevenuenet": 8181858000,
        "costofgoodsandservicessold": 4107114000,
        "grossprofit": 323649000,
        "sellinggeneralandadministrativeexpense": 208329000,
        "researchanddevelopmentexpense": 7522000,
        "amortizationofintangibleassets": 10971000,
        "restructuringcharges": 51000,
        "operatingincomeloss": 93806000,
        "othernonoperatingincomeexpense": -2036000,
        "investmentincomeinterest": 2475000,
        "interestexpense": 34027000,
        "incomelossfromcontinuingoperationsbeforeincometaxesextraordinaryitemsnoncontrollinginterest": 292740000,
        "incometaxexpensebenefit": 21509000,
        "incomelossfromcontinuingoperationsincludingportionattributabletononcontrollinginterest": 38709000,
        "profitloss": 38709000,
        "netincomelossattributabletononcontrollinginterest": 642000,
        "netincomeloss": 38067000,
        "weightedaveragenumberofsharesoutstandingbasic": -382105000,
        "weightedaveragenumberofdilutedsharesoutstanding": -386856000,
        "commonstockdividendspersharedeclared": 0.07999999999999997,
        "othercomprehensiveincomelossforeigncurrencytransactionandtranslationadjustmentnetoftax": 15105000,
        "othercomprehensiveincomelossderivativesqualifyingashedgesnetoftax": -3160000,
        "othercomprehensiveincomelossreclassificationadjustmentfromaocionderivativesnetoftax": -9049000,
        "othercomprehensiveincomelossavailableforsalesecuritiesadjustmentnetoftax": -1688000,
        "othercomprehensiveincomelossnetoftax": 7004000,
        "comprehensiveincomenetoftaxincludingportionattributabletononcontrollinginterest": 36291000,
        "comprehensiveincomenetoftaxattributabletononcontrollinginterest": 642000,
        "comprehensiveincomenetoftax": 44297000
    },
    {
        "date": "2016-05-30",
        "symbol": "JBL",
        "period": "Q3",
        "salesrevenuenet": 1463833000,
        "costofgoodsandservicessold": 3989665000,
        "grossprofit": 321087000,
        "sellinggeneralandadministrativeexpense": 239646000,
        "researchanddevelopmentexpense": 7675000,
        "amortizationofintangibleassets": 9711000,
        "restructuringcharges": -43000,
        "operatingincomeloss": 59595000,
        "othernonoperatingincomeexpense": -2412000,
        "investmentincomeinterest": 2302000,
        "interestexpense": 35212000,
        "incomelossfromcontinuingoperationsbeforeincometaxesextraordinaryitemsnoncontrollinginterest": -12547000,
        "incometaxexpensebenefit": 18434000,
        "incomelossfromcontinuingoperationsincludingportionattributabletononcontrollinginterest": 5839000,
        "profitloss": 5839000,
        "netincomelossattributabletononcontrollinginterest": 626000,
        "netincomeloss": 5213000,
        "incomelossfromcontinuingoperationsperbasicshare": 0.03,
        "earningspersharebasic": 0.03,
        "incomelossfromcontinuingoperationsperdilutedshare": 0.03,
        "earningspersharediluted": 0.03,
        "weightedaveragenumberofsharesoutstandingbasic": 191206000,
        "weightedaveragenumberofdilutedsharesoutstanding": 193069000,
        "commonstockdividendspersharedeclared": 0.08,
        "othercomprehensiveincomelossforeigncurrencytransactionandtranslationadjustmentnetoftax": 18734000,
        "othercomprehensiveincomelossderivativesqualifyingashedgesnetoftax": -2021000,
        "othercomprehensiveincomelossreclassificationadjustmentfromaocionderivativesnetoftax": -6812000,
        "othercomprehensiveincomelossavailableforsalesecuritiesadjustmentnetoftax": -621000,
        "othercomprehensiveincomelossnetoftax": 22904000,
        "comprehensiveincomenetoftaxincludingportionattributabletononcontrollinginterest": 28743000,
        "comprehensiveincomenetoftaxattributabletononcontrollinginterest": 626000,
        "comprehensiveincomenetoftax": 28117000
    },
    {
        "date": "2016-02-28",
        "symbol": "JBL",
        "period": "Q2",
        "salesrevenuenet": 1746332000,
        "costofgoodsandservicessold": 4004161000,
        "grossprofit": 399433000,
        "sellinggeneralandadministrativeexpense": 224905000,
        "researchanddevelopmentexpense": 8465000,
        "amortizationofintangibleassets": 8599000,
        "restructuringcharges": 68000,
        "operatingincomeloss": 154929000,
        "othernonoperatingincomeexpense": -2167000,
        "investmentincomeinterest": 2287000,
        "interestexpense": 34262000,
        "incomelossfromcontinuingoperationsbeforeincometaxesextraordinaryitemsnoncontrollinginterest": 101639000,
        "incometaxexpensebenefit": 42354000,
        "incomelossfromcontinuingoperationsincludingportionattributabletononcontrollinginterest": 78433000,
        "profitloss": 78433000,
        "netincomelossattributabletononcontrollinginterest": -497000,
        "netincomeloss": 78930000,
        "incomelossfromcontinuingoperationsperbasicshare": 0.41,
        "earningspersharebasic": 0.41,
        "incomelossfromcontinuingoperationsperdilutedshare": 0.41,
        "earningspersharediluted": 0.41,
        "weightedaveragenumberofsharesoutstandingbasic": 190957000,
        "weightedaveragenumberofdilutedsharesoutstanding": 193294000,
        "commonstockdividendspersharedeclared": 0.08,
        "othercomprehensiveincomelossforeigncurrencytransactionandtranslationadjustmentnetoftax": -3625000,
        "othercomprehensiveincomelossderivativesqualifyingashedgesnetoftax": -12904000,
        "othercomprehensiveincomelossreclassificationadjustmentfromaocionderivativesnetoftax": -11886000,
        "othercomprehensiveincomelossavailableforsalesecuritiesadjustmentnetoftax": -4836000,
        "othercomprehensiveincomelossnetoftax": -9479000,
        "comprehensiveincomenetoftaxincludingportionattributabletononcontrollinginterest": 68954000,
        "comprehensiveincomenetoftaxattributabletononcontrollinginterest": -497000,
        "comprehensiveincomenetoftax": 69451000
    },
    {
        "date": "2015-11-29",
        "symbol": "JBL",
        "period": "Q1",
        "salesrevenuenet": 5207977000,
        "costofgoodsandservicessold": 4724442000,
        "grossprofit": 483535000,
        "sellinggeneralandadministrativeexpense": 251547000,
        "researchanddevelopmentexpense": 8292000,
        "amortizationofintangibleassets": 7840000,
        "restructuringcharges": -119000,
        "operatingincomeloss": 214503000,
        "othernonoperatingincomeexpense": -1765000,
        "investmentincomeinterest": 2064000,
        "interestexpense": 33035000,
        "incomelossfromcontinuingoperationsbeforeincometaxesextraordinaryitemsnoncontrollinginterest": 248488000,
        "incometaxexpensebenefit": 49852000,
        "incomelossfromcontinuingoperationsincludingportionattributabletononcontrollinginterest": 131915000,
        "profitloss": 131915000,
        "netincomelossattributabletononcontrollinginterest": 30000,
        "netincomeloss": 131885000,
        "incomelossfromcontinuingoperationsperbasicshare": 0.69,
        "earningspersharebasic": 0.69,
        "incomelossfromcontinuingoperationsperdilutedshare": 0.68,
        "earningspersharediluted": 0.68,
        "weightedaveragenumberofsharesoutstandingbasic": 190355000,
        "weightedaveragenumberofdilutedsharesoutstanding": 193243000,
        "commonstockdividendspersharedeclared": 0.08,
        "othercomprehensiveincomelossforeigncurrencytransactionandtranslationadjustmentnetoftax": -20542000,
        "othercomprehensiveincomelossderivativesqualifyingashedgesnetoftax": -909000,
        "othercomprehensiveincomelossreclassificationadjustmentfromaocionderivativesnetoftax": -11064000,
        "othercomprehensiveincomelossavailableforsalesecuritiesadjustmentnetoftax": 1709000,
        "othercomprehensiveincomelossnetoftax": -20542000,
        "comprehensiveincomenetoftaxincludingportionattributabletononcontrollinginterest": 131885000,
        "comprehensiveincomenetoftaxattributabletononcontrollinginterest": 30000,
        "comprehensiveincomenetoftax": 123207000
    },
    {
        "date": "2015-08-30",
        "symbol": "JBL",
        "period": "Q4",
        "incomelossfromcontinuingoperationsperbasicshare": 0.4600000000000001,
        "earningspersharebasic": 0.4600000000000001,
        "incomelossfromcontinuingoperationsperdilutedshare": 0.4600000000000001,
        "earningspersharediluted": 0.44999999999999984,
        "salesrevenuenet": -2947435000,
        "costofgoodsandservicessold": 4304239000,
        "grossprofit": 376575000,
        "sellinggeneralandadministrativeexpense": 209464000,
        "researchanddevelopmentexpense": 8143000,
        "amortizationofintangibleassets": 7352000,
        "restructuringcharges": 30289000,
        "operatingincomeloss": 150383000,
        "othernonoperatingincomeexpense": -389000,
        "investmentincomeinterest": 3501000,
        "interestexpense": 32207000,
        "incometaxexpensebenefit": 30275000,
        "incomelossfromcontinuingoperationsincludingportionattributabletononcontrollinginterest": 91013000,
        "discontinuedoperationincomelossfromdiscontinuedoperationduringphaseoutperiodnetoftax": -2474000,
        "discontinuedoperationgainlossondisposalofdiscontinuedoperationnetoftax": 0,
        "incomelossfromdiscontinuedoperationsnetoftax": -2474000,
        "profitloss": 88539000,
        "netincomelossattributabletononcontrollinginterest": 837000,
        "netincomeloss": 87702000,
        "weightedaveragenumberofsharesoutstandingbasic": 72000,
        "weightedaveragenumberofdilutedsharesoutstanding": 212000,
        "commonstockdividendspersharedeclared": 0.08000000000000003,
        "othercomprehensiveincomelossforeigncurrencytransactionandtranslationadjustmentnetoftax": -22052000,
        "othercomprehensiveincomelossderivativesqualifyingashedgesnetoftax": -21396000,
        "othercomprehensiveincomelossreclassificationadjustmentfromaocionderivativesnetoftax": -6882000,
        "othercomprehensiveincomelossavailableforsalesecuritiesadjustmentnetoftax": -14982000,
        "othercomprehensiveincomelossnetoftax": 96064000,
        "comprehensiveincomenetoftaxincludingportionattributabletononcontrollinginterest": 87702000,
        "comprehensiveincomenetoftaxattributabletononcontrollinginterest": 837000,
        "comprehensiveincomenetoftax": 46092000
    },
    {
        "date": "2015-05-30",
        "symbol": "JBL",
        "period": "Q3",
        "salesrevenuenet": 6315799000,
        "costofgoodsandservicessold": 8149771000,
        "grossprofit": 375837000,
        "sellinggeneralandadministrativeexpense": 442577000,
        "researchanddevelopmentexpense": 6996000,
        "amortizationofintangibleassets": 5724000,
        "restructuringcharges": -17820000,
        "operatingincomeloss": 135422000,
        "othernonoperatingincomeexpense": -1879000,
        "investmentincomeinterest": 2836000,
        "interestexpense": 62848000,
        "incometaxexpensebenefit": 32126000,
        "incomelossfromcontinuingoperationsincludingportionattributabletononcontrollinginterest": 72256000,
        "discontinuedoperationincomelossfromdiscontinuedoperationduringphaseoutperiodnetoftax": -1515000,
        "discontinuedoperationgainlossondisposalofdiscontinuedoperationnetoftax": 1683000,
        "incomelossfromdiscontinuedoperationsnetoftax": 168000,
        "profitloss": 72424000,
        "netincomelossattributabletononcontrollinginterest": 221000,
        "netincomeloss": 72203000,
        "incomelossfromcontinuingoperationsperbasicshare": 0.37,
        "earningspersharebasic": 0.37,
        "incomelossfromcontinuingoperationsperdilutedshare": 0.37,
        "earningspersharediluted": 0.36,
        "weightedaveragenumberofsharesoutstandingbasic": -193446000,
        "weightedaveragenumberofdilutedsharesoutstanding": -194994000,
        "commonstockdividendspersharedeclared": 0.07999999999999997,
        "othercomprehensiveincomelossforeigncurrencytransactionandtranslationadjustmentnetoftax": -13084000,
        "othercomprehensiveincomelossderivativesqualifyingashedgesnetoftax": 2647000,
        "othercomprehensiveincomelossreclassificationadjustmentfromaocionderivativesnetoftax": -1548000,
        "othercomprehensiveincomelossavailableforsalesecuritiesadjustmentnetoftax": 223000,
        "othercomprehensiveincomelossnetoftax": -11212000,
        "comprehensiveincomenetoftaxincludingportionattributabletononcontrollinginterest": 194118000,
        "comprehensiveincomenetoftaxattributabletononcontrollinginterest": 221000,
        "comprehensiveincomenetoftax": 63537000
    },
    {
        "date": "2015-02-27",
        "symbol": "JBL",
        "period": "Q2",
        "salesrevenuenet": 1683452000,
        "costofgoodsandservicessold": 3941504000,
        "grossprofit": 367819000,
        "sellinggeneralandadministrativeexpense": 210326000,
        "researchanddevelopmentexpense": 6501000,
        "amortizationofintangibleassets": 5783000,
        "restructuringcharges": 18597000,
        "operatingincomeloss": 124851000,
        "othernonoperatingincomeexpense": -1665000,
        "investmentincomeinterest": 1916000,
        "interestexpense": 32048000,
        "incomelossfromcontinuingoperationsbeforeincometaxesextraordinaryitemsnoncontrollinginterest": 93054000,
        "incometaxexpensebenefit": 35272000,
        "incomelossfromcontinuingoperationsincludingportionattributabletononcontrollinginterest": 57782000,
        "discontinuedoperationincomelossfromdiscontinuedoperationduringphaseoutperiodnetoftax": -4562000,
        "discontinuedoperationgainlossondisposalofdiscontinuedoperationnetoftax": -947000,
        "incomelossfromdiscontinuedoperationsnetoftax": -5509000,
        "profitloss": 52273000,
        "netincomelossattributabletononcontrollinginterest": 321000,
        "netincomeloss": 51952000,
        "incomelossfromcontinuingoperationsperbasicshare": 0.3,
        "incomelossfromdiscontinuedoperationsnetoftaxperbasicshare": -0.03,
        "earningspersharebasic": 0.27,
        "incomelossfromcontinuingoperationsperdilutedshare": 0.29,
        "incomelossfromdiscontinuedoperationsnetoftaxperdilutedshare": -0.03,
        "earningspersharediluted": 0.27,
        "weightedaveragenumberofsharesoutstandingbasic": 193561000,
        "weightedaveragenumberofdilutedsharesoutstanding": 195473000,
        "commonstockdividendspersharedeclared": 0.08,
        "othercomprehensiveincomelossforeigncurrencytransactionandtranslationadjustmentnetoftax": -46903000,
        "othercomprehensiveincomelossderivativesqualifyingashedgesnetoftax": -8406000,
        "othercomprehensiveincomelossreclassificationadjustmentfromaocionderivativesnetoftax": -4388000,
        "othercomprehensiveincomelossavailableforsalesecuritiesadjustmentnetoftax": 633000,
        "othercomprehensiveincomelossnetoftax": -50288000,
        "comprehensiveincomenetoftaxincludingportionattributabletononcontrollinginterest": 1985000,
        "comprehensiveincomenetoftaxattributabletononcontrollinginterest": 321000,
        "comprehensiveincomenetoftax": 1664000
    },
    {
        "date": "2014-11-29",
        "symbol": "JBL",
        "period": "Q1",
        "salesrevenuenet": 2048000,
        "costofgoodsandservicessold": 464000,
        "grossprofit": 382987000,
        "sellinggeneralandadministrativeexpense": 280000,
        "researchanddevelopmentexpense": 6005000,
        "amortizationofintangibleassets": 5590000,
        "restructuringcharges": 2000000,
        "operatingincomeloss": 144755000,
        "othernonoperatingincomeexpense": -1694000,
        "investmentincomeinterest": 1700000,
        "interestexpense": 988000,
        "incomelossfromcontinuingoperationsbeforeincometaxesminorityinterestandincomelossfromequitymethodinvestments": 112922000,
        "incometaxexpensebenefit": 39788000,
        "incomelossfromcontinuingoperationsincludingportionattributabletononcontrollinginterest": 73134000,
        "discontinuedoperationincomelossfromdiscontinuedoperationduringphaseoutperiodnetoftax": 853000,
        "discontinuedoperationgainlossondisposalofdiscontinuedoperationnetoftax": -1611000,
        "incomelossfromdiscontinuedoperationsnetoftax": -758000,
        "profitloss": 72376000,
        "netincomelossattributabletononcontrollinginterest": 214000,
        "netincomeloss": 72162000,
        "incomelossfromcontinuingoperationsperbasicshare": 0.38,
        "earningspersharebasic": 0.37,
        "incomelossfromcontinuingoperationsperdilutedshare": 0.37,
        "earningspersharediluted": 0.37,
        "weightedaveragenumberofsharesoutstandingbasic": 193502000,
        "weightedaveragenumberofdilutedsharesoutstanding": 195314000,
        "commonstockdividendspersharedeclared": 0.08,
        "othercomprehensiveincomelossforeigncurrencytransactionandtranslationadjustmentnetoftax": -34706000,
        "othercomprehensiveincomelossderivativesqualifyingashedgesnetoftax": -1952000,
        "othercomprehensiveincomelossreclassificationadjustmentfromaocionderivativesnetoftax": 316000,
        "othercomprehensiveincomelossavailableforsalesecuritiesadjustmentnetoftax": -278000,
        "othercomprehensiveincomelossnetoftax": -34706000,
        "comprehensiveincomenetoftaxincludingportionattributabletononcontrollinginterest": 214000,
        "comprehensiveincomenetoftaxattributabletononcontrollinginterest": 214000,
        "comprehensiveincomenetoftax": 34910000
    },
    {
        "date": "2014-08-30",
        "symbol": "JBL",
        "period": "Q4",
        "salesrevenuenet": 635000,
        "costofgoodsandservicessold": 228000,
        "grossprofit": 227733000,
        "sellinggeneralandadministrativeexpense": -17000,
        "researchanddevelopmentexpense": 7224000,
        "amortizationofintangibleassets": 4320000,
        "restructuringcharges": -41988000,
        "operatingincomeloss": 29378000,
        "othernonoperatingincomeexpense": -3012000,
        "investmentincomeinterest": 1593000,
        "interestexpense": 987000,
        "incomelossfromcontinuingoperationsbeforeincometaxesminorityinterestandincomelossfromequitymethodinvestments": -2817000,
        "incometaxexpensebenefit": 31683000,
        "profitloss": -25592000,
        "netincomelossattributabletononcontrollinginterest": 605000,
        "netincomeloss": -3486000,
        "earningspersharebasic": -0.13000000000000006,
        "earningspersharediluted": -0.12000000000000005,
        "weightedaveragenumberofsharesoutstandingbasic": -409524000,
        "weightedaveragenumberofdilutedsharesoutstanding": -411575000,
        "commonstockdividendspersharedeclared": 0.07999999999999997,
        "othercomprehensiveincomelossforeigncurrencytransactionandtranslationadjustmentnetoftax": -5892000,
        "othercomprehensiveincomelossderivativesqualifyingashedgesnetoftax": 5408000,
        "othercomprehensiveincomelossreclassificationadjustmentfromaocionderivativesnetoftax": -867000,
        "othercomprehensiveincomelossnetoftax": -2777000,
        "comprehensiveincomenetoftaxattributabletononcontrollinginterest": 605000,
        "comprehensiveincomenetoftax": -26976000
    },
    {
        "date": "2014-05-30",
        "symbol": "JBL",
        "period": "Q3",
        "salesrevenuenet": -939000,
        "costofgoodsandservicessold": 655000,
        "grossprofit": 215950000,
        "sellinggeneralandadministrativeexpense": 22000,
        "researchanddevelopmentexpense": 5729000,
        "amortizationofintangibleassets": 5679000,
        "restructuringcharges": -200000,
        "disposalgroupnotdiscontinuedoperationgainlossondisposal": -2905000,
        "operatingincomeloss": -1613000,
        "othernonoperatingincomeexpense": -1520000,
        "investmentincomeinterest": 1060000,
        "interestexpense": 1010000,
        "incomelossfromcontinuingoperationsbeforeincometaxesminorityinterestandincomelossfromequitymethodinvestments": -34180000,
        "incometaxexpensebenefit": 18708000,
        "incomelossfromcontinuingoperationsincludingportionattributabletononcontrollinginterest": -52888000,
        "discontinuedoperationincomelossfromdiscontinuedoperationduringphaseoutperiodnetoftax": -90000,
        "discontinuedoperationgainlossondisposalofdiscontinuedoperationnetoftax": 238500000,
        "incomelossfromdiscontinuedoperationsnetoftax": 241196000,
        "profitloss": 188308000,
        "netincomelossattributabletononcontrollinginterest": 53000,
        "netincomeloss": 8682000,
        "incomelossfromcontinuingoperationsperbasicshare": -0.26,
        "discontinuedoperationincomelossfromdiscontinuedoperationnetoftaxperbasicshare": 1.19,
        "earningspersharebasic": 0.93,
        "incomelossfromcontinuingoperationsperdilutedshare": -0.26,
        "discontinuedoperationincomelossfromdiscontinuedoperationnetoftaxperdilutedshare": 1.19,
        "earningspersharediluted": 0.93,
        "weightedaveragenumberofsharesoutstandingbasic": 202008000,
        "weightedaveragenumberofdilutedsharesoutstanding": 202008000,
        "commonstockdividendspersharedeclared": 0.08,
        "othercomprehensiveincomelossforeigncurrencytransactionandtranslationadjustmentnetoftax": -7538000,
        "othercomprehensiveincomelossderivativesqualifyingashedgesnetoftax": -1445000,
        "othercomprehensiveincomelossreclassificationadjustmentfromaocionderivativesnetoftax": -2716000,
        "othercomprehensiveincomedefinedbenefitplansnetunamortizedgainlossarisingduringperiodnetoftax": -563000,
        "othercomprehensiveincomelossnetoftax": -6830000,
        "comprehensiveincomenetoftaxincludingportionattributabletononcontrollinginterest": 181478000,
        "comprehensiveincomenetoftaxattributabletononcontrollinginterest": 53000,
        "comprehensiveincomenetoftax": 181425000
    },
    {
        "date": "2014-02-27",
        "symbol": "JBL",
        "period": "Q2",
        "salesrevenuenet": -737000,
        "costofgoodsandservicessold": -527000,
        "grossprofit": 213150000,
        "sellinggeneralandadministrativeexpense": 153000,
        "researchanddevelopmentexpense": 6604000,
        "amortizationofintangibleassets": 6180000,
        "restructuringcharges": 27900000,
        "operatingincomeloss": 3641000,
        "othernonoperatingincomeexpense": -1850000,
        "investmentincomeinterest": 341000,
        "interestexpense": 965000,
        "incomelossfromcontinuingoperationsbeforeincometaxesminorityinterestandincomelossfromequitymethodinvestments": -29726000,
        "incometaxexpensebenefit": 2539000,
        "incomelossfromcontinuingoperationsincludingportionattributabletononcontrollinginterest": -32265000,
        "discontinuedoperationincomelossfromdiscontinuedoperationduringphaseoutperiodnetoftax": -182000,
        "profitloss": -38516000,
        "netincomelossattributabletononcontrollinginterest": 151000,
        "netincomeloss": -1510000,
        "incomelossfromcontinuingoperationsperbasicshare": -0.16,
        "discontinuedoperationincomelossfromdiscontinuedoperationnetoftaxperbasicshare": -0.03,
        "earningspersharebasic": -0.19,
        "incomelossfromcontinuingoperationsperdilutedshare": -0.16,
        "discontinuedoperationincomelossfromdiscontinuedoperationnetoftaxperdilutedshare": -0.03,
        "earningspersharediluted": -0.19,
        "weightedaveragenumberofsharesoutstandingbasic": 205251000,
        "weightedaveragenumberofdilutedsharesoutstanding": 205251000,
        "commonstockdividendspersharedeclared": 0.08,
        "othercomprehensiveincomelossforeigncurrencytransactionandtranslationadjustmentnetoftax": 2063000,
        "othercomprehensiveincomelossderivativesqualifyingashedgesnetoftax": -2916000,
        "othercomprehensiveincomelossreclassificationadjustmentfromaocionderivativesnetoftax": -1510000,
        "othercomprehensiveincomelossnetoftax": 657000,
        "comprehensiveincomenetoftaxincludingportionattributabletononcontrollinginterest": -37859000,
        "comprehensiveincomenetoftaxattributabletononcontrollinginterest": 151000,
        "comprehensiveincomenetoftax": -38010000
    },
    {
        "date": "2013-11-29",
        "symbol": "JBL",
        "period": "Q1",
        "salesrevenuenet": -2434000,
        "costofgoodsandservicessold": -1462000,
        "grossprofit": 368770000,
        "sellinggeneralandadministrativeexpense": 100000,
        "researchanddevelopmentexpense": 9054000,
        "amortizationofintangibleassets": 7678000,
        "restructuringcharges": 14100000,
        "operatingincomeloss": 172668000,
        "othernonoperatingincomeexpense": -1255000,
        "investmentincomeinterest": 747000,
        "interestexpense": 988000,
        "incomelossfromcontinuingoperationsbeforeincometaxesminorityinterestandincomelossfromequitymethodinvestments": 138846000,
        "incometaxexpensebenefit": 20781000,
        "profitloss": 118065000,
        "netincomelossattributabletononcontrollinginterest": 143000,
        "netincomeloss": -2060000,
        "earningspersharebasic": 0.58,
        "earningspersharediluted": 0.57,
        "weightedaveragenumberofsharesoutstandingbasic": 204762000,
        "weightedaveragenumberofdilutedsharesoutstanding": 206813000,
        "commonstockdividendspersharedeclared": 0.08,
        "othercomprehensiveincomelossforeigncurrencytransactionandtranslationadjustmentnetoftax": 9184000,
        "othercomprehensiveincomelossderivativesqualifyingashedgesnetoftax": 1422000,
        "othercomprehensiveincomelossreclassificationadjustmentfromaocionderivativesnetoftax": -2060000,
        "othercomprehensiveincomelossnetoftax": 9184000,
        "comprehensiveincomenetoftaxincludingportionattributabletononcontrollinginterest": 12666000,
        "comprehensiveincomenetoftaxattributabletononcontrollinginterest": 143000,
        "comprehensiveincomenetoftax": 130588000
    },
    {
        "date": "2013-08-30",
        "symbol": "JBL",
        "period": "Q4",
        "salesrevenuenet": -2168655000,
        "costofgoodsandservicessold": 4462613000,
        "grossprofit": 352245000,
        "sellinggeneralandadministrativeexpense": 189979000,
        "researchanddevelopmentexpense": 7075000,
        "amortizationofintangibleassets": 5760000,
        "operatingincomeloss": 88370000,
        "othernonoperatingincomeexpense": -1550000,
        "investmentincomeinterest": 567000,
        "interestexpense": 31564000,
        "incomelossfromcontinuingoperationsbeforeincometaxesminorityinterestandincomelossfromequitymethodinvestments": 55823000,
        "incometaxexpensebenefit": -70967000,
        "profitloss": 126790000,
        "netincomelossattributabletononcontrollinginterest": -229000,
        "netincomeloss": 127019000,
        "earningspersharebasic": 0.6300000000000001,
        "earningspersharediluted": 0.6100000000000001,
        "weightedaveragenumberofsharesoutstandingbasic": -46000,
        "weightedaveragenumberofdilutedsharesoutstanding": 275000,
        "commonstockdividendspersharedeclared": 0.08000000000000003,
        "othercomprehensiveincomelossforeigncurrencytransactionandtranslationadjustmentnetoftax": -11242000,
        "othercomprehensiveincomelossderivativesqualifyingashedgesnetoftax": -4046000,
        "othercomprehensiveincomelossnetoftax": -17368000,
        "comprehensiveincomenetoftaxattributabletononcontrollinginterest": -229000,
        "comprehensiveincomenetoftax": 109651000
    },
    {
        "date": "2013-05-30",
        "symbol": "JBL",
        "period": "Q3",
        "salesrevenuenet": 1374026000,
        "costofgoodsandservicessold": 4135272000,
        "grossprofit": 332495000,
        "sellinggeneralandadministrativeexpense": 164813000,
        "researchanddevelopmentexpense": 6475000,
        "amortizationofintangibleassets": 3472000,
        "operatingincomeloss": 103746000,
        "othernonoperatingincomeexpense": -1540000,
        "investmentincomeinterest": 402000,
        "interestexpense": 30712000,
        "incomelossfromcontinuingoperationsbeforeincometaxesminorityinterestandincomelossfromequitymethodinvestments": 71896000,
        "incometaxexpensebenefit": 22268000,
        "profitloss": 49628000,
        "netincomelossattributabletononcontrollinginterest": -455000,
        "netincomeloss": 50083000,
        "earningspersharebasic": 0.24,
        "earningspersharediluted": 0.24,
        "weightedaveragenumberofsharesoutstandingbasic": -251000,
        "weightedaveragenumberofdilutedsharesoutstanding": 66000,
        "commonstockdividendspersharedeclared": 0.07999999999999997,
        "othercomprehensiveincomelossforeigncurrencytransactionandtranslationadjustmentnetoftax": -22758000,
        "othercomprehensiveincomelossderivativesqualifyingashedgesnetoftax": 3355000,
        "othercomprehensiveincomelossreclassificationadjustmentonderivativesincludedinnetincomenetoftax": -605000,
        "othercomprehensiveincomelossnetoftax": -20008000,
        "comprehensiveincomenetoftaxincludingportionattributabletononcontrollinginterest": 50083000,
        "comprehensiveincomenetoftaxattributabletononcontrollinginterest": -455000,
        "comprehensiveincomenetoftax": 30075000,
        "accumulatedothercomprehensiveincomelossforeigncurrencytranslationadjustmentnetoftax": -22800000
    },
    {
        "date": "2013-02-27",
        "symbol": "JBL",
        "period": "Q2",
        "salesrevenuenet": 1357596000,
        "costofgoodsandservicessold": 4092724000,
        "grossprofit": 324527000,
        "sellinggeneralandadministrativeexpense": 164360000,
        "researchanddevelopmentexpense": 7655000,
        "amortizationofintangibleassets": 3471000,
        "operatingincomeloss": 149041000,
        "othernonoperatingincomeexpense": -1554000,
        "investmentincomeinterest": 422000,
        "interestexpense": 29182000,
        "incomelossfromcontinuingoperationsbeforeincometaxesminorityinterestandincomelossfromequitymethodinvestments": 118727000,
        "incometaxexpensebenefit": 30638000,
        "profitloss": 88089000,
        "netincomelossattributabletononcontrollinginterest": -444000,
        "netincomeloss": 88533000,
        "earningspersharebasic": 0.43999999999999995,
        "earningspersharediluted": 0.42999999999999994,
        "weightedaveragenumberofsharesoutstandingbasic": -925000,
        "weightedaveragenumberofdilutedsharesoutstanding": -342000,
        "commonstockdividendspersharedeclared": 0.08,
        "othercomprehensiveincomelossforeigncurrencytransactionandtranslationadjustmentnetoftax": 5569000,
        "othercomprehensiveincomelossderivativesqualifyingashedgesnetoftax": -2238000,
        "othercomprehensiveincomelossreclassificationadjustmentonderivativesincludedinnetincomenetoftax": 1422000,
        "othercomprehensiveincomelossnetoftax": 5734000,
        "comprehensiveincomenetoftaxincludingportionattributabletononcontrollinginterest": 88533000,
        "comprehensiveincomenetoftaxattributabletononcontrollinginterest": -444000,
        "comprehensiveincomenetoftax": 94267000,
        "accumulatedothercomprehensiveincomelossforeigncurrencytranslationadjustmentnetoftax": 5600000
    },
    {
        "date": "2012-11-29",
        "symbol": "JBL",
        "period": "Q1",
        "salesrevenuenet": 1418516000,
        "costofgoodsandservicessold": 4286423000,
        "grossprofit": 350595000,
        "sellinggeneralandadministrativeexpense": 169600000,
        "researchanddevelopmentexpense": 7263000,
        "amortizationofintangibleassets": 3451000,
        "operatingincomeloss": 170281000,
        "othernonoperatingincomeexpense": -1569000,
        "investmentincomeinterest": 510000,
        "interestexpense": 29604000,
        "incomelossfromcontinuingoperationsbeforeincometaxesminorityinterestandincomelossfromequitymethodinvestments": 139618000,
        "incometaxexpensebenefit": 34034000,
        "profitloss": 105584000,
        "netincomelossattributabletononcontrollinginterest": -263000,
        "netincomeloss": 105847000,
        "earningspersharebasic": 0.52,
        "earningspersharediluted": 0.51,
        "weightedaveragenumberofsharesoutstandingbasic": 204318000,
        "weightedaveragenumberofdilutedsharesoutstanding": 207816000,
        "commonstockdividendspersharedeclared": 0.08,
        "othercomprehensiveincomelossforeigncurrencytransactionandtranslationadjustmentnetoftax": 4909000,
        "othercomprehensiveincomelossderivativesqualifyingashedgesnetoftax": 2747000,
        "othercomprehensiveincomelossreclassificationadjustmentonderivativesincludedinnetincomenetoftax": -1041000,
        "othercomprehensiveincomelossnetoftax": 6615000,
        "comprehensiveincomenetoftaxincludingportionattributabletononcontrollinginterest": 105847000,
        "comprehensiveincomenetoftaxattributabletononcontrollinginterest": -263000,
        "comprehensiveincomenetoftax": 112462000,
        "accumulatedothercomprehensiveincomelossforeigncurrencytranslationadjustmentnetoftax": 154000000
    },
    {
        "date": "2012-08-30",
        "symbol": "JBL",
        "period": "Q4",
        "salesrevenuenet": -1716990000,
        "costofgoodsandservicessold": 4020532000,
        "grossprofit": 317548000,
        "sellinggeneralandadministrativeexpense": 163070000,
        "researchanddevelopmentexpense": 6784000,
        "amortizationofintangibleassets": 3426000,
        "operatingincomeloss": 144268000,
        "othernonoperatingincomeexpense": -2440000,
        "investmentincomeinterest": 462000,
        "interestexpense": 104329000,
        "incomelossfromcontinuingoperationsbeforeincometaxesminorityinterestandincomelossfromequitymethodinvestments": 114464000,
        "incometaxexpensebenefit": 31999000,
        "profitloss": 82465000,
        "netincomelossattributabletononcontrollinginterest": -332000,
        "netincomeloss": 82797000,
        "earningspersharebasic": 0.3999999999999999,
        "earningspersharediluted": 0.40000000000000013,
        "weightedaveragenumberofsharesoutstandingbasic": -166000,
        "weightedaveragenumberofdilutedsharesoutstanding": -568000,
        "comprehensiveincomenetoftaxincludingportionattributabletononcontrollinginterest": 82797000,
        "comprehensiveincomenetoftaxattributabletononcontrollinginterest": -332000,
        "comprehensiveincomenetoftax": 79807000
    },
    {
        "date": "2012-05-30",
        "symbol": "JBL",
        "period": "Q3",
        "salesrevenuenet": 1283044000,
        "costofgoodsandservicessold": 3921595000,
        "grossprofit": 329323000,
        "sellinggeneralandadministrativeexpense": 162748000,
        "researchanddevelopmentexpense": 6518000,
        "amortizationofintangibleassets": 3454000,
        "operatingincomeloss": 156603000,
        "othernonoperatingincomeexpense": -1899000,
        "investmentincomeinterest": 733000,
        "interestexpense": -50041000,
        "incomelossfromcontinuingoperationsbeforeincometaxesminorityinterestandincomelossfromequitymethodinvestments": 128975000,
        "incometaxexpensebenefit": 27377000,
        "profitloss": 101598000,
        "netincomelossattributabletononcontrollinginterest": 278000,
        "netincomeloss": 101320000,
        "earningspersharebasic": 0.49,
        "earningspersharediluted": 0.47,
        "weightedaveragenumberofsharesoutstandingbasic": -11000,
        "weightedaveragenumberofdilutedsharesoutstanding": 339000,
        "comprehensiveincomenetoftaxincludingportionattributabletononcontrollinginterest": 101320000,
        "comprehensiveincomenetoftaxattributabletononcontrollinginterest": 278000,
        "comprehensiveincomenetoftax": 41576000,
        "accumulatedothercomprehensiveincomelossforeigncurrencytranslationadjustmentnetoftax": -57600000
    },
    {
        "date": "2012-02-28",
        "symbol": "JBL",
        "period": "Q2",
        "salesrevenuenet": 1156209000,
        "costofgoodsandservicessold": 3914010000,
        "grossprofit": 322164000,
        "sellinggeneralandadministrativeexpense": 160811000,
        "researchanddevelopmentexpense": 6264000,
        "amortizationofintangibleassets": 4871000,
        "operatingincomeloss": 150218000,
        "othernonoperatingincomeexpense": -1919000,
        "investmentincomeinterest": 288000,
        "interestexpense": 26322000,
        "incomelossfromcontinuingoperationsbeforeincometaxesminorityinterestandincomelossfromequitymethodinvestments": 122265000,
        "incometaxexpensebenefit": 24020000,
        "profitloss": 98245000,
        "netincomelossattributabletononcontrollinginterest": 547000,
        "netincomeloss": 97698000,
        "earningspersharebasic": 0.47,
        "earningspersharediluted": 0.45999999999999996,
        "weightedaveragenumberofsharesoutstandingbasic": 949000,
        "weightedaveragenumberofdilutedsharesoutstanding": 1473000,
        "commonstockdividendspersharedeclared": 0,
        "othercomprehensiveincomeforeigncurrencytransactionandtranslationadjustmentnetoftaxperiodincreasedecrease": 25736000,
        "othercomprehensiveincomederivativesqualifyingashedgesnetoftaxperiodincreasedecrease": 6257000,
        "othercomprehensiveincomereclassificationadjustmentonderivativesincludedinnetincomenetoftax": -1856000,
        "comprehensiveincomenetoftaxincludingportionattributabletononcontrollinginterest": 97698000,
        "comprehensiveincomenetoftaxattributabletononcontrollinginterest": 547000,
        "comprehensiveincomenetoftax": 127835000,
        "accumulatedothercomprehensiveincomelossforeigncurrencytranslationadjustmentnetoftax": 25700000
    },
    {
        "date": "2011-11-29",
        "symbol": "JBL",
        "period": "Q1",
        "salesrevenuenet": 1308229000,
        "costofgoodsandservicessold": 3986759000,
        "grossprofit": 340010000,
        "sellinggeneralandadministrativeexpense": 157823000,
        "researchanddevelopmentexpense": 6271000,
        "amortizationofintangibleassets": 5074000,
        "operatingincomeloss": 170842000,
        "othernonoperatingincomeexpense": -2685000,
        "investmentincomeinterest": 558000,
        "interestexpense": 25519000,
        "incomelossfromcontinuingoperationsbeforeincometaxesminorityinterestandincomelossfromequitymethodinvestments": 143196000,
        "incometaxexpensebenefit": 29415000,
        "profitloss": 113781000,
        "netincomelossattributabletononcontrollinginterest": 909000,
        "netincomeloss": 112872000,
        "earningspersharebasic": 0.55,
        "earningspersharediluted": 0.54,
        "weightedaveragenumberofsharesoutstandingbasic": 205388000,
        "weightedaveragenumberofdilutedsharesoutstanding": 209937000,
        "commonstockdividendspersharedeclared": 0.08,
        "othercomprehensiveincomeforeigncurrencytransactionandtranslationadjustmentnetoftaxperiodincreasedecrease": -55835000,
        "othercomprehensiveincomederivativesqualifyingashedgesnetoftaxperiodincreasedecrease": -3144000,
        "othercomprehensiveincomereclassificationadjustmentonderivativesincludedinnetincomenetoftax": 3145000,
        "comprehensiveincomenetoftaxincludingportionattributabletononcontrollinginterest": 112872000,
        "comprehensiveincomenetoftaxattributabletononcontrollinginterest": 909000,
        "comprehensiveincomenetoftax": 57038000,
        "accumulatedothercomprehensiveincomelossforeigncurrencytranslationadjustmentnetoftax": 172600000
    },
    {
        "date": "2011-05-30",
        "symbol": "JBL",
        "period": "Q3",
        "salesrevenuenet": 4227688000,
        "costofgoodsandservicessold": 3909312000,
        "grossprofit": 318376000,
        "sellinggeneralandadministrativeexpense": 154112000,
        "researchanddevelopmentexpense": 6544000,
        "amortizationofintangibleassets": 5187000,
        "restructuringsettlementandimpairmentprovisions": 0,
        "operatingincomeloss": 152533000,
        "othernonoperatingincomeexpense": -1771000,
        "investmentincomeinterest": 897000,
        "interestexpense": 25149000,
        "incomelossfromcontinuingoperationsbeforeincometaxesminorityinterestandincomelossfromequitymethodinvestments": 126510000,
        "incometaxexpensebenefit": 22222000,
        "profitloss": 104288000,
        "netincomelossattributabletononcontrollinginterest": -407000,
        "netincomeloss": 104695000,
        "earningspersharebasic": 0.49,
        "earningspersharediluted": 0.47,
        "weightedaveragenumberofsharesoutstandingbasic": 311000,
        "weightedaveragenumberofdilutedsharesoutstanding": 1304000,
        "commonstockdividendspersharedeclared": 0.06999999999999998,
        "othercomprehensiveincomeforeigncurrencytransactionandtranslationadjustmentnetoftaxperiodincreasedecrease": 25552000,
        "othercomprehensiveincomederivativesqualifyingashedgesnetoftaxperiodincreasedecrease": 4340000,
        "othercomprehensiveincomereclassificationadjustmentonderivativesincludedinnetincomenetoftax": 923000,
        "comprehensiveincomenetoftaxincludingportionattributabletononcontrollinginterest": 265726000,
        "comprehensiveincomenetoftaxattributabletononcontrollinginterest": -407000,
        "comprehensiveincomenetoftax": 133664000,
        "accumulatedothercomprehensiveincomelossforeigncurrencytranslationadjustmentnetoftax": 25600000
    },
    {
        "date": "2011-02-27",
        "symbol": "JBL",
        "period": "Q2",
        "salesrevenuenet": 3928663000,
        "costofgoodsandservicessold": 3632263000,
        "grossprofit": 296400000,
        "sellinggeneralandadministrativeexpense": 141807000,
        "researchanddevelopmentexpense": 6540000,
        "amortizationofintangibleassets": 5665000,
        "restructuringsettlementandimpairmentprovisions": 196000,
        "operatingincomeloss": 104641000,
        "othernonoperatingincomeexpense": -847000,
        "investmentincomeinterest": 739000,
        "interestexpense": 25777000,
        "incomelossfromcontinuingoperationsbeforeincometaxesminorityinterestandincomelossfromequitymethodinvestments": 78756000,
        "incometaxexpensebenefit": 23038000,
        "profitloss": 55718000,
        "netincomelossattributabletononcontrollinginterest": 315000,
        "netincomeloss": 55403000,
        "earningspersharebasic": 0.25,
        "earningspersharediluted": 0.25,
        "weightedaveragenumberofsharesoutstandingbasic": 386000,
        "weightedaveragenumberofdilutedsharesoutstanding": 2064000,
        "commonstockdividendspersharedeclared": 0.07,
        "othercomprehensiveincomeforeigncurrencytransactionandtranslationadjustmentnetoftaxperiodincreasedecrease": 25265000,
        "othercomprehensiveincomederivativesqualifyingashedgesnetoftaxperiodincreasedecrease": 1680000,
        "othercomprehensiveincomereclassificationadjustmentonderivativesincludedinnetincomenetoftax": 147000,
        "comprehensiveincomenetoftaxincludingportionattributabletononcontrollinginterest": 315000,
        "comprehensiveincomenetoftaxattributabletononcontrollinginterest": 315000,
        "comprehensiveincomenetoftax": 82201000,
        "accumulatedothercomprehensiveincomelossforeigncurrencytranslationadjustmentnetoftax": 25300000
    },
    {
        "date": "2010-11-29",
        "symbol": "JBL",
        "period": "Q1",
        "salesrevenuenet": 4082181000,
        "costofgoodsandservicessold": 3771590000,
        "grossprofit": 310591000,
        "sellinggeneralandadministrativeexpense": 142449000,
        "researchanddevelopmentexpense": 5741000,
        "amortizationofintangibleassets": 5969000,
        "restructuringsettlementandimpairmentprovisions": 432000,
        "operatingincomeloss": 156000000,
        "othernonoperatingincomeexpense": 200000,
        "investmentincomeinterest": 850000,
        "interestexpense": 22162000,
        "incomelossfromcontinuingoperationsbeforeincometaxesminorityinterestandincomelossfromequitymethodinvestments": 134888000,
        "incometaxexpensebenefit": 27477000,
        "profitloss": 107411000,
        "netincomelossattributabletononcontrollinginterest": 734000,
        "netincomeloss": 106677000,
        "earningspersharebasic": 0.5,
        "earningspersharediluted": 0.49,
        "weightedaveragenumberofsharesoutstandingbasic": 214395000,
        "weightedaveragenumberofdilutedsharesoutstanding": 217405000,
        "commonstockdividendspersharedeclared": 0.07,
        "othercomprehensiveincomeforeigncurrencytransactionandtranslationadjustmentnetoftaxperiodincreasedecrease": 10731000,
        "othercomprehensiveincomederivativesqualifyingashedgesnetoftaxperiodincreasedecrease": 849000,
        "othercomprehensiveincomereclassificationadjustmentonderivativesincludedinnetincomenetoftax": -779000,
        "comprehensiveincomenetoftaxincludingportionattributabletononcontrollinginterest": 734000,
        "comprehensiveincomenetoftaxattributabletononcontrollinginterest": 734000,
        "comprehensiveincomenetoftax": 119036000,
        "accumulatedothercomprehensiveincomelossforeigncurrencytranslationadjustmentnetoftax": 179100000
    }
]