[
    {
        "date": "2024-09-29",
        "symbol": "T",
        "period": "Q3",
        "revenues": 40190000000,
        "costofgoodsandservicessold": 4933000000,
        "othercostofoperatingrevenue": 6697000000,
        "sellinggeneralandadministrativeexpense": 6958000000,
        "goodwillimpairmentlossandassetsdisposedofbymethodotherthansaleinperiodofdispositionlossondisposition": 4422000000,
        "depreciationdepletionandamortization": 5087000000,
        "costsandexpenses": 28097000000,
        "operatingincomeloss": 2116000000,
        "incomelossfromequitymethodinvestments": 312000000,
        "othernonoperatingincomeexpense": 717000000,
        "nonoperatingincomeexpense": -686000000,
        "incomelossfromcontinuingoperationsbeforeincometaxesextraordinaryitemsnoncontrollinginterest": 1430000000,
        "incometaxexpensebenefit": 1285000000,
        "profitloss": 145000000,
        "netincomelossattributabletononcontrollinginterest": 212000000,
        "netincomeloss": -174000000,
        "preferredstockdividendsincomestatementimpact": 52000000,
        "netincomelossavailabletocommonstockholdersbasic": -226000000,
        "earningspersharebasic": -0.029999999999999916,
        "earningspersharediluted": -0.029999999999999916,
        "weightedaveragenumberofsharesoutstandingbasic": 7197000000,
        "weightedaveragenumberofdilutedsharesoutstanding": 7200000000,
        "othercomprehensiveincomeforeigncurrencytransactionandtranslationgainlossarisingduringperiodnetoftax": -137000000,
        "othercomprehensiveincomeunrealizedholdinggainlossonsecuritiesarisingduringperiodnetoftax": 30000000,
        "othercomprehensiveincomelossreclassificationadjustmentfromaociforsaleofsecuritiesnetoftax": 0,
        "othercomprehensiveincomelosscashflowhedgegainlossbeforereclassificationaftertax": -315000000,
        "othercomprehensiveincomelosscashflowhedgegainlossreclassificationaftertax": -11000000,
        "othercomprehensiveincomelossamortizationadjustmentfromaocipensionandotherpostretirementbenefitplansfornetpriorservicecostcreditnetoftax": -381000000,
        "othercomprehensiveincomelossnetoftax": -792000000,
        "comprehensiveincomenetoftaxincludingportionattributabletononcontrollinginterest": -647000000,
        "comprehensiveincomenetoftaxattributabletononcontrollinginterest": 319000000,
        "comprehensiveincomenetoftax": -966000000,
        "othercomprehensiveincomeforeigncurrencytranslationgainlossarisingduringperiodtax": -107000000,
        "othercomprehensiveincomeunrealizedholdinggainlossonsecuritiesarisingduringperiodtax": 6000000,
        "othercomprehensiveincomelossreclassificationadjustmentfromaociforsaleofsecuritiestax": 4000000,
        "othercomprehensiveincomelosscashflowhedgegainlossbeforereclassificationtax": -102000000,
        "othercomprehensiveincomelosscashflowhedgegainlossreclassificationtax": -12000000,
        "othercomprehensiveincomelossamortizationadjustmentfromaocipensionandotherpostretirementbenefitplansfornetpriorservicecostcredittax": -123000000
    },
    {
        "date": "2024-06-29",
        "symbol": "T",
        "period": "Q2",
        "revenues": 25006000000,
        "costofgoodsandservicessold": 4815000000,
        "othercostofoperatingrevenue": 6627000000,
        "sellinggeneralandadministrativeexpense": 7043000000,
        "goodwillimpairmentlossandassetsdisposedofbymethodotherthansaleinperiodofdispositionlossondisposition": 480000000,
        "depreciationdepletionandamortization": 5072000000,
        "costsandexpenses": 24037000000,
        "operatingincomeloss": 5760000000,
        "interestexpense": 1699000000,
        "incomelossfromequitymethodinvestments": 348000000,
        "othernonoperatingincomeexpense": 682000000,
        "nonoperatingincomeexpense": -669000000,
        "incomelossfromcontinuingoperationsbeforeincometaxesextraordinaryitemsnoncontrollinginterest": 5091000000,
        "incometaxexpensebenefit": 1142000000,
        "profitloss": 3949000000,
        "netincomelossattributabletononcontrollinginterest": 352000000,
        "netincomeloss": 3597000000,
        "preferredstockdividendsincomestatementimpact": 51000000,
        "netincomelossavailabletocommonstockholdersbasic": 3546000000,
        "earningspersharebasic": 0.49,
        "earningspersharediluted": 0.49,
        "weightedaveragenumberofsharesoutstandingbasic": 7196000000,
        "weightedaveragenumberofdilutedsharesoutstanding": 7198000000,
        "othercomprehensiveincomeforeigncurrencytransactionandtranslationgainlossarisingduringperiodnetoftax": -221000000,
        "othercomprehensiveincomelossforeigncurrencytransactionandtranslationreclassificationadjustmentfromaocirealizeduponsaleorliquidationnetoftax": -127000000,
        "othercomprehensiveincomeunrealizedholdinggainlossonsecuritiesarisingduringperiodnetoftax": -7000000,
        "othercomprehensiveincomelossreclassificationadjustmentfromaociforsaleofsecuritiesnetoftax": -4000000,
        "othercomprehensiveincomelosscashflowhedgegainlossbeforereclassificationaftertax": -260000000,
        "othercomprehensiveincomelosscashflowhedgegainlossreclassificationaftertax": -10000000,
        "othercomprehensiveincomelossamortizationadjustmentfromaocipensionandotherpostretirementbenefitplansfornetpriorservicecostcreditnetoftax": -380000000,
        "othercomprehensiveincomelossnetoftax": -727000000,
        "comprehensiveincomenetoftaxincludingportionattributabletononcontrollinginterest": 3222000000,
        "comprehensiveincomenetoftaxattributabletononcontrollinginterest": 352000000,
        "comprehensiveincomenetoftax": 2870000000,
        "othercomprehensiveincomeforeigncurrencytranslationgainlossarisingduringperiodtax": -69000000,
        "othercomprehensiveincomelossforeigncurrencytransactionandtranslationreclassificationadjustmentfromaocirealizeduponsaleorliquidationtax": -14000000,
        "othercomprehensiveincomeunrealizedholdinggainlossonsecuritiesarisingduringperiodtax": 1000000,
        "othercomprehensiveincomelossreclassificationadjustmentfromaociforsaleofsecuritiestax": 1000000,
        "othercomprehensiveincomelosscashflowhedgegainlossbeforereclassificationtax": -65000000,
        "othercomprehensiveincomelosscashflowhedgegainlossreclassificationtax": 4000000,
        "othercomprehensiveincomelossamortizationadjustmentfromaocipensionandotherpostretirementbenefitplansfornetpriorservicecostcredittax": -123000000
    },
    {
        "date": "2024-03-30",
        "symbol": "T",
        "period": "Q1",
        "revenues": 24842000000,
        "costofgoodsandservicessold": 5143000000,
        "othercostofoperatingrevenue": 6811000000,
        "sellinggeneralandadministrativeexpense": 7021000000,
        "goodwillimpairmentlossandassetsdisposedofbymethodotherthansaleinperiodofdispositionlossondisposition": 159000000,
        "depreciationdepletionandamortization": 5047000000,
        "costsandexpenses": 24181000000,
        "operatingincomeloss": 5847000000,
        "interestexpense": 1724000000,
        "incomelossfromequitymethodinvestments": 295000000,
        "othernonoperatingincomeexpense": 451000000,
        "nonoperatingincomeexpense": -978000000,
        "incomelossfromcontinuingoperationsbeforeincometaxesextraordinaryitemsnoncontrollinginterest": 4869000000,
        "incometaxexpensebenefit": 1118000000,
        "profitloss": 3751000000,
        "netincomelossattributabletononcontrollinginterest": 306000000,
        "netincomeloss": 3445000000,
        "preferredstockdividendsincomestatementimpact": 50000000,
        "netincomelossavailabletocommonstockholdersbasic": 3395000000,
        "earningspersharebasic": 0.47,
        "earningspersharediluted": 0.47,
        "weightedaveragenumberofsharesoutstandingbasic": 7192000000,
        "weightedaveragenumberofdilutedsharesoutstanding": 7193000000,
        "othercomprehensiveincomeforeigncurrencytransactionandtranslationgainlossarisingduringperiodnetoftax": 29000000,
        "othercomprehensiveincomeunrealizedholdinggainlossonsecuritiesarisingduringperiodnetoftax": -10000000,
        "othercomprehensiveincomelossreclassificationadjustmentfromaociforsaleofsecuritiesnetoftax": -6000000,
        "othercomprehensiveincomelosscashflowhedgegainlossbeforereclassificationaftertax": 211000000,
        "othercomprehensiveincomelosscashflowhedgegainlossreclassificationaftertax": -12000000,
        "othercomprehensiveincomelossamortizationadjustmentfromaocipensionandotherpostretirementbenefitplansfornetpriorservicecostcreditnetoftax": -381000000,
        "othercomprehensiveincomelossnetoftax": -133000000,
        "comprehensiveincomenetoftaxincludingportionattributabletononcontrollinginterest": 3618000000,
        "comprehensiveincomenetoftaxattributabletononcontrollinginterest": 306000000,
        "comprehensiveincomenetoftax": 3312000000,
        "othercomprehensiveincomeforeigncurrencytranslationgainlossarisingduringperiodtax": 8000000,
        "othercomprehensiveincomeunrealizedholdinggainlossonsecuritiesarisingduringperiodtax": -2000000,
        "othercomprehensiveincomelossreclassificationadjustmentfromaociforsaleofsecuritiestax": -2000000,
        "othercomprehensiveincomelosscashflowhedgegainlossbeforereclassificationtax": 49000000,
        "othercomprehensiveincomelosscashflowhedgegainlossreclassificationtax": -3000000,
        "othercomprehensiveincomelossamortizationadjustmentfromaocipensionandotherpostretirementbenefitplansfornetpriorservicecostcredittax": -123000000
    },
    {
        "date": "2023-12-30",
        "symbol": "T",
        "period": "Q4",
        "revenues": 25070000000,
        "costofgoodsandservicessold": 7203000000,
        "othercostofoperatingrevenue": 6708000000,
        "sellinggeneralandadministrativeexpense": 7485000000,
        "depreciationdepletionandamortization": 4766000000,
        "costsandexpenses": 26751000000,
        "operatingincomeloss": 5271000000,
        "interestexpense": 1726000000,
        "incomelossfromequitymethodinvestments": 337000000,
        "othernonoperatingincomeexpense": -946000000,
        "nonoperatingincomeexpense": -2335000000,
        "incomelossfromcontinuingoperationsbeforeincometaxesextraordinaryitemsnoncontrollinginterest": 2936000000,
        "incometaxexpensebenefit": 354000000,
        "incomelossfromcontinuingoperationsincludingportionattributabletononcontrollinginterest": 2582000000,
        "profitloss": 2582000000,
        "netincomelossattributabletononcontrollinginterest": 394000000,
        "netincomeloss": 2188000000,
        "preferredstockdividendsincomestatementimpact": 53000000,
        "netincomelossavailabletocommonstockholdersbasic": 2135000000,
        "incomelossfromcontinuingoperationsperbasicshare": 0.30000000000000004,
        "earningspersharebasic": 0.30000000000000004,
        "incomelossfromcontinuingoperationsperdilutedshare": 0.31000000000000005,
        "earningspersharediluted": 0.31000000000000005,
        "othercomprehensiveincomeforeigncurrencytransactionandtranslationgainlossarisingduringperiodnetoftax": 96000000,
        "othercomprehensiveincomeunrealizedholdinggainlossonsecuritiesarisingduringperiodnetoftax": 47000000,
        "othercomprehensiveincomelossreclassificationadjustmentfromaociforsaleofsecuritiesnetoftax": -4000000,
        "othercomprehensiveincomelosscashflowhedgegainlossbeforereclassificationaftertax": 55000000,
        "othercomprehensiveincomelosscashflowhedgegainlossreclassificationaftertax": -12000000,
        "othercomprehensiveincomelossamortizationadjustmentfromaocipensionandotherpostretirementbenefitplansfornetpriorservicecostcreditnetoftax": -491000000,
        "othercomprehensiveincomelossnetoftax": -245000000,
        "comprehensiveincomenetoftaxincludingportionattributabletononcontrollinginterest": 2337000000,
        "comprehensiveincomenetoftaxattributabletononcontrollinginterest": 394000000,
        "comprehensiveincomenetoftax": 1943000000,
        "othercomprehensiveincomeforeigncurrencytranslationgainlossarisingduringperiodtax": 32000000,
        "othercomprehensiveincomeunrealizedholdinggainlossonsecuritiesarisingduringperiodtax": 16000000,
        "othercomprehensiveincomelossreclassificationadjustmentfromaociforsaleofsecuritiestax": -1000000,
        "othercomprehensiveincomelosscashflowhedgegainlossbeforereclassificationtax": 15000000,
        "othercomprehensiveincomelosscashflowhedgegainlossreclassificationtax": -3000000,
        "othercomprehensiveincomelossamortizationadjustmentfromaocipensionandotherpostretirementbenefitplansfornetpriorservicecostcredittax": -161000000
    },
    {
        "date": "2023-09-29",
        "symbol": "T",
        "period": "Q3",
        "revenues": 25112000000,
        "costofgoodsandservicessold": 5219000000,
        "othercostofoperatingrevenue": 6835000000,
        "sellinggeneralandadministrativeexpense": 7205000000,
        "goodwillimpairmentlossandassetsdisposedofbymethodotherthansaleinperiodofdispositionlossondisposition": 604000000,
        "depreciationdepletionandamortization": 4705000000,
        "costsandexpenses": 24568000000,
        "operatingincomeloss": 5782000000,
        "interestexpense": 1662000000,
        "incomelossfromequitymethodinvestments": 420000000,
        "othernonoperatingincomeexpense": 440000000,
        "nonoperatingincomeexpense": -802000000,
        "incomelossfromcontinuingoperationsbeforeincometaxesextraordinaryitemsnoncontrollinginterest": 4980000000,
        "incometaxexpensebenefit": 1154000000,
        "incomelossfromcontinuingoperationsincludingportionattributabletononcontrollinginterest": 3826000000,
        "profitloss": 3826000000,
        "netincomelossattributabletononcontrollinginterest": 331000000,
        "netincomeloss": 3495000000,
        "preferredstockdividendsincomestatementimpact": 51000000,
        "netincomelossavailabletocommonstockholdersbasic": 3444000000,
        "incomelossfromcontinuingoperationsperbasicshare": 0.48,
        "earningspersharebasic": 0.48,
        "incomelossfromcontinuingoperationsperdilutedshare": 0.48,
        "earningspersharediluted": 0.48,
        "weightedaveragenumberofsharesoutstandingbasic": 7185000000,
        "weightedaveragenumberofdilutedsharesoutstanding": 7185000000,
        "othercomprehensiveincomeforeigncurrencytransactionandtranslationgainlossarisingduringperiodnetoftax": -90000000,
        "othercomprehensiveincomeunrealizedholdinggainlossonsecuritiesarisingduringperiodnetoftax": -37000000,
        "othercomprehensiveincomelossreclassificationadjustmentfromaociforsaleofsecuritiesnetoftax": -2000000,
        "othercomprehensiveincomelosscashflowhedgegainlossbeforereclassificationaftertax": 843000000,
        "othercomprehensiveincomelosscashflowhedgegainlossreclassificationaftertax": -12000000,
        "othercomprehensiveincomelossamortizationadjustmentfromaocipensionandotherpostretirementbenefitplansfornetpriorservicecostcreditnetoftax": -490000000,
        "othercomprehensiveincomelossnetoftax": 240000000,
        "comprehensiveincomenetoftaxincludingportionattributabletononcontrollinginterest": 4066000000,
        "comprehensiveincomenetoftaxattributabletononcontrollinginterest": 331000000,
        "comprehensiveincomenetoftax": 3735000000,
        "othercomprehensiveincomeforeigncurrencytranslationgainlossarisingduringperiodtax": -29000000,
        "othercomprehensiveincomeunrealizedholdinggainlossonsecuritiesarisingduringperiodtax": -12000000,
        "othercomprehensiveincomelossreclassificationadjustmentfromaociforsaleofsecuritiestax": -1000000,
        "othercomprehensiveincomelosscashflowhedgegainlossbeforereclassificationtax": 211000000,
        "othercomprehensiveincomelosscashflowhedgegainlossreclassificationtax": -3000000,
        "othercomprehensiveincomelossamortizationadjustmentfromaocipensionandotherpostretirementbenefitplansfornetpriorservicecostcredittax": -160000000
    },
    {
        "date": "2023-06-29",
        "symbol": "T",
        "period": "Q2",
        "revenues": 24850000000,
        "costofgoodsandservicessold": 5056000000,
        "othercostofoperatingrevenue": 6771000000,
        "sellinggeneralandadministrativeexpense": 7009000000,
        "depreciationdepletionandamortization": 4675000000,
        "costsandexpenses": 23511000000,
        "operatingincomeloss": 6406000000,
        "interestexpense": 1608000000,
        "incomelossfromequitymethodinvestments": 380000000,
        "othernonoperatingincomeexpense": 987000000,
        "nonoperatingincomeexpense": -241000000,
        "incomelossfromcontinuingoperationsbeforeincometaxesextraordinaryitemsnoncontrollinginterest": 6165000000,
        "incometaxexpensebenefit": 1403000000,
        "incomelossfromcontinuingoperationsincludingportionattributabletononcontrollinginterest": 4762000000,
        "profitloss": 4762000000,
        "netincomelossattributabletononcontrollinginterest": 273000000,
        "netincomeloss": 4489000000,
        "preferredstockdividendsincomestatementimpact": 52000000,
        "netincomelossavailabletocommonstockholdersbasic": 4437000000,
        "incomelossfromcontinuingoperationsperbasicshare": 0.61,
        "earningspersharebasic": 0.61,
        "incomelossfromcontinuingoperationsperdilutedshare": 0.61,
        "earningspersharediluted": 0.61,
        "weightedaveragenumberofsharesoutstandingbasic": 7180000000,
        "weightedaveragenumberofdilutedsharesoutstanding": 7180000000,
        "othercomprehensiveincomeforeigncurrencytransactionandtranslationgainlossarisingduringperiodnetoftax": 264000000,
        "othercomprehensiveincomeunrealizedholdinggainlossonsecuritiesarisingduringperiodnetoftax": -11000000,
        "othercomprehensiveincomelossreclassificationadjustmentfromaociforsaleofsecuritiesnetoftax": -2000000,
        "othercomprehensiveincomelosscashflowhedgegainlossbeforereclassificationaftertax": 176000000,
        "othercomprehensiveincomelosscashflowhedgegainlossreclassificationaftertax": -11000000,
        "othercomprehensiveincomelossamortizationadjustmentfromaocipensionandotherpostretirementbenefitplansfornetpriorservicecostcreditnetoftax": -491000000,
        "othercomprehensiveincomelossnetoftax": -49000000,
        "comprehensiveincomenetoftaxincludingportionattributabletononcontrollinginterest": 4713000000,
        "comprehensiveincomenetoftaxattributabletononcontrollinginterest": 273000000,
        "comprehensiveincomenetoftax": 4440000000,
        "othercomprehensiveincomeforeigncurrencytranslationgainlossarisingduringperiodtax": 88000000,
        "othercomprehensiveincomeunrealizedholdinggainlossonsecuritiesarisingduringperiodtax": -4000000,
        "othercomprehensiveincomelossreclassificationadjustmentfromaociforsaleofsecuritiestax": -1000000,
        "othercomprehensiveincomelosscashflowhedgegainlossbeforereclassificationtax": 45000000,
        "othercomprehensiveincomelosscashflowhedgegainlossreclassificationtax": -3000000,
        "othercomprehensiveincomelossamortizationadjustmentfromaocipensionandotherpostretirementbenefitplansfornetpriorservicecostcredittax": -161000000
    },
    {
        "date": "2023-03-30",
        "symbol": "T",
        "period": "Q1",
        "revenues": 24617000000,
        "costofgoodsandservicessold": 5658000000,
        "othercostofoperatingrevenue": 6673000000,
        "sellinggeneralandadministrativeexpense": 7175000000,
        "depreciationdepletionandamortization": 4631000000,
        "costsandexpenses": 24137000000,
        "operatingincomeloss": 6002000000,
        "interestexpense": 1708000000,
        "incomelossfromequitymethodinvestments": 538000000,
        "othernonoperatingincomeexpense": 935000000,
        "nonoperatingincomeexpense": -235000000,
        "incomelossfromcontinuingoperationsbeforeincometaxesextraordinaryitemsnoncontrollinginterest": 5767000000,
        "incometaxexpensebenefit": 1314000000,
        "incomelossfromcontinuingoperationsincludingportionattributabletononcontrollinginterest": 4453000000,
        "profitloss": 4453000000,
        "netincomelossattributabletononcontrollinginterest": 225000000,
        "netincomeloss": 4228000000,
        "preferredstockdividendsincomestatementimpact": 52000000,
        "netincomelossavailabletocommonstockholdersbasic": 4176000000,
        "incomelossfromcontinuingoperationsperbasicshare": 0.58,
        "earningspersharebasic": 0.58,
        "incomelossfromcontinuingoperationsperdilutedshare": 0.57,
        "earningspersharediluted": 0.57,
        "weightedaveragenumberofsharesoutstandingbasic": 7168000000,
        "weightedaveragenumberofdilutedsharesoutstanding": 7474000000,
        "othercomprehensiveincomeforeigncurrencytransactionandtranslationgainlossarisingduringperiodnetoftax": 193000000,
        "othercomprehensiveincomeunrealizedholdinggainlossonsecuritiesarisingduringperiodnetoftax": 23000000,
        "othercomprehensiveincomelossreclassificationadjustmentfromaociforsaleofsecuritiesnetoftax": -3000000,
        "othercomprehensiveincomelosscashflowhedgegainlossbeforereclassificationaftertax": -152000000,
        "othercomprehensiveincomelosscashflowhedgegainlossreclassificationaftertax": -12000000,
        "othercomprehensiveincomelossamortizationadjustmentfromaocipensionandotherpostretirementbenefitplansfornetpriorservicecostcreditnetoftax": -491000000,
        "othercomprehensiveincomelossnetoftax": -412000000,
        "comprehensiveincomenetoftaxincludingportionattributabletononcontrollinginterest": 4041000000,
        "comprehensiveincomenetoftaxattributabletononcontrollinginterest": 225000000,
        "comprehensiveincomenetoftax": 3816000000,
        "othercomprehensiveincomeforeigncurrencytranslationgainlossarisingduringperiodtax": 52000000,
        "othercomprehensiveincomeunrealizedholdinggainlossonsecuritiesarisingduringperiodtax": 8000000,
        "othercomprehensiveincomelossreclassificationadjustmentfromaociforsaleofsecuritiestax": -1000000,
        "othercomprehensiveincomelosscashflowhedgegainlossbeforereclassificationtax": -43000000,
        "othercomprehensiveincomelosscashflowhedgegainlossreclassificationtax": -3000000,
        "othercomprehensiveincomelossamortizationadjustmentfromaocipensionandotherpostretirementbenefitplansfornetpriorservicecostcredittax": -160000000
    },
    {
        "date": "2022-12-30",
        "symbol": "T",
        "period": "Q4",
        "revenues": 24833000000,
        "costofgoodsandservicessold": 6999000000,
        "othercostofoperatingrevenue": 6572000000,
        "sellinggeneralandadministrativeexpense": 7516000000,
        "depreciationdepletionandamortization": 4595000000,
        "costsandexpenses": 52435000000,
        "operatingincomeloss": -21092000000,
        "interestexpense": 1560000000,
        "incomelossfromequitymethodinvestments": 374000000,
        "othernonoperatingincomeexpense": -919000000,
        "nonoperatingincomeexpense": -2105000000,
        "incomelossfromcontinuingoperationsbeforeincometaxesextraordinaryitemsnoncontrollinginterest": -23197000000,
        "incometaxexpensebenefit": -77000000,
        "profitloss": -23155000000,
        "netincomelossattributabletononcontrollinginterest": 362000000,
        "netincomeloss": -23517000000,
        "preferredstockdividendsincomestatementimpact": 54000000,
        "netincomelossavailabletocommonstockholdersbasic": -23571000000,
        "earningspersharebasic": -3.19,
        "earningspersharediluted": -3.1399999999999997,
        "othercomprehensiveincomeforeigncurrencytransactionandtranslationgainlossarisingduringperiodnetoftax": 186000000,
        "othercomprehensiveincomeunrealizedholdinggainlossonsecuritiesarisingduringperiodnetoftax": 9000000,
        "othercomprehensiveincomelossreclassificationadjustmentfromaociforsaleofsecuritiesnetoftax": -1000000,
        "othercomprehensiveincomelosscashflowhedgegainlossbeforereclassificationaftertax": 237000000,
        "othercomprehensiveincomelosscashflowhedgegainlossreclassificationaftertax": -11000000,
        "othercomprehensiveincomelossamortizationadjustmentfromaocipensionandotherpostretirementbenefitplansfornetpriorservicecostcreditnetoftax": -551000000,
        "othercomprehensiveincomelossnetoftax": -107000000,
        "comprehensiveincomenetoftaxincludingportionattributabletononcontrollinginterest": -23262000000,
        "comprehensiveincomenetoftaxattributabletononcontrollinginterest": 362000000,
        "comprehensiveincomenetoftax": -23624000000,
        "othercomprehensiveincomeforeigncurrencytranslationgainlossarisingduringperiodtax": 65000000,
        "othercomprehensiveincomeunrealizedholdinggainlossonsecuritiesarisingduringperiodtax": 3000000,
        "othercomprehensiveincomelossreclassificationadjustmentfromaociforsaleofsecuritiestax": 0,
        "othercomprehensiveincomelosscashflowhedgegainlossbeforereclassificationtax": 63000000,
        "othercomprehensiveincomelosscashflowhedgegainlossreclassificationtax": -3000000,
        "othercomprehensiveincomelossamortizationadjustmentfromaocipensionandotherpostretirementbenefitplansfornetpriorservicecostcredittax": -179000000
    },
    {
        "date": "2022-09-29",
        "symbol": "T",
        "period": "Q3",
        "revenues": 16338000000,
        "costofgoodsandservicessold": 5438000000,
        "othercostofoperatingrevenue": 6254000000,
        "sellinggeneralandadministrativeexpense": 4812000000,
        "depreciationdepletionandamortization": 3437000000,
        "costsandexpenses": 15742000000,
        "operatingincomeloss": 5908000000,
        "interestexpense": 1324000000,
        "incomelossfromequitymethodinvestments": 412000000,
        "othernonoperatingincomeexpense": 2240000000,
        "nonoperatingincomeexpense": 1328000000,
        "incomelossfromcontinuingoperationsbeforeincometaxesextraordinaryitemsnoncontrollinginterest": 7236000000,
        "incometaxexpensebenefit": 905000000,
        "profitloss": 6399000000,
        "netincomelossattributabletononcontrollinginterest": 373000000,
        "netincomeloss": 6026000000,
        "preferredstockdividendsincomestatementimpact": 49000000,
        "netincomelossavailabletocommonstockholdersbasic": 5977000000,
        "earningspersharebasic": 0.8300000000000002,
        "earningspersharediluted": 0.7999999999999997,
        "weightedaveragenumberofsharesoutstandingbasic": 7169000000,
        "weightedaveragenumberofdilutedsharesoutstanding": 7605000000,
        "othercomprehensiveincomeforeigncurrencytransactionandtranslationgainlossarisingduringperiodnetoftax": -88000000,
        "othercomprehensiveincomeunrealizedholdinggainlossonsecuritiesarisingduringperiodnetoftax": -43000000,
        "othercomprehensiveincomelossreclassificationadjustmentfromaociforsaleofsecuritiesnetoftax": -1000000,
        "othercomprehensiveincomelosscashflowhedgegainlossbeforereclassificationaftertax": -540000000,
        "othercomprehensiveincomelosscashflowhedgegainlossreclassificationaftertax": -12000000,
        "othercomprehensiveincomelossamortizationadjustmentfromaocipensionandotherpostretirementbenefitplansfornetpriorservicecostcreditnetoftax": -551000000,
        "othercomprehensiveincomelossnetoftax": 566000000,
        "comprehensiveincomenetoftaxincludingportionattributabletononcontrollinginterest": 6965000000,
        "comprehensiveincomenetoftaxattributabletononcontrollinginterest": 373000000,
        "comprehensiveincomenetoftax": 6592000000,
        "othercomprehensiveincomeforeigncurrencytranslationgainlossarisingduringperiodtax": -38000000,
        "othercomprehensiveincomeunrealizedholdinggainlossonsecuritiesarisingduringperiodtax": -15000000,
        "othercomprehensiveincomelossreclassificationadjustmentfromaociforsaleofsecuritiestax": -1000000,
        "othercomprehensiveincomelosscashflowhedgegainlossbeforereclassificationtax": -143000000,
        "othercomprehensiveincomelosscashflowhedgegainlossreclassificationtax": -3000000,
        "othercomprehensiveincomelossamortizationadjustmentfromaocipensionandotherpostretirementbenefitplansfornetpriorservicecostcredittax": -180000000
    },
    {
        "date": "2022-06-29",
        "symbol": "T",
        "period": "Q2",
        "revenues": 24268000000,
        "costofgoodsandservicessold": 5534000000,
        "othercostofoperatingrevenue": 6807000000,
        "sellinggeneralandadministrativeexpense": 7265000000,
        "goodwillimpairmentlossandassetsdisposedofbymethodotherthansaleinperiodofdispositionlossondisposition": 631000000,
        "depreciationdepletionandamortization": 4450000000,
        "costsandexpenses": 24687000000,
        "operatingincomeloss": 4956000000,
        "interestexpense": 1502000000,
        "incomelossfromequitymethodinvestments": 504000000,
        "othernonoperatingincomeexpense": 2302000000,
        "nonoperatingincomeexpense": 1304000000,
        "incomelossfromcontinuingoperationsbeforeincometaxesextraordinaryitemsnoncontrollinginterest": 6260000000,
        "incometaxexpensebenefit": 1509000000,
        "incomelossfromcontinuingoperationsincludingportionattributabletononcontrollinginterest": 4751000000,
        "incomelossfromdiscontinuedoperationsnetoftax": -214000000,
        "profitloss": 4537000000,
        "netincomelossattributabletononcontrollinginterest": 380000000,
        "netincomeloss": 4157000000,
        "preferredstockdividendsincomestatementimpact": 52000000,
        "netincomelossavailabletocommonstockholdersbasic": 4105000000,
        "incomelossfromcontinuingoperationsperbasicshare": 0.6,
        "incomelossfromdiscontinuedoperationsnetoftaxperbasicshare": -0.03,
        "earningspersharebasic": 0.57,
        "incomelossfromcontinuingoperationsperdilutedshare": 0.59,
        "incomelossfromdiscontinuedoperationsnetoftaxperdilutedshare": -0.03,
        "earningspersharediluted": 0.56,
        "weightedaveragenumberofsharesoutstandingbasic": 7169000000,
        "weightedaveragenumberofdilutedsharesoutstanding": 7611000000,
        "othercomprehensiveincomeforeigncurrencytransactionandtranslationgainlossarisingduringperiodnetoftax": 229000000,
        "othercomprehensiveincomelossforeigncurrencytransactionandtranslationreclassificationadjustmentfromaocirealizeduponsaleorliquidationnetoftax": 170000000,
        "othercomprehensiveincomeunrealizedholdinggainlossonsecuritiesarisingduringperiodnetoftax": -40000000,
        "othercomprehensiveincomelossreclassificationadjustmentfromaociforsaleofsecuritiesnetoftax": -3000000,
        "othercomprehensiveincomelosscashflowhedgegainlossbeforereclassificationaftertax": -603000000,
        "othercomprehensiveincomelosscashflowhedgegainlossreclassificationaftertax": -58000000,
        "othercomprehensiveincomelossderivativeexcludedcomponentincreasedecreaseafteradjustmentsandtax": -24000000,
        "othercomprehensiveincomelossamortizationadjustmentfromaocipensionandotherpostretirementbenefitplansfornetpriorservicecostcreditnetoftax": -461000000,
        "othercomprehensiveincomelossreclassificationadjustmentfromaocipensionandotherpostretirementbenefitplansfornetgainlossnetoftax": -25000000,
        "othercomprehensiveincomelossnetoftax": -983000000,
        "comprehensiveincomenetoftaxincludingportionattributabletononcontrollinginterest": 3554000000,
        "comprehensiveincomenetoftaxattributabletononcontrollinginterest": 380000000,
        "comprehensiveincomenetoftax": 3174000000,
        "othercomprehensiveincomeforeigncurrencytranslationgainlossarisingduringperiodtax": 58000000,
        "othercomprehensiveincomelossforeigncurrencytransactionandtranslationreclassificationadjustmentfromaocirealizeduponsaleorliquidationtax": 38000000,
        "othercomprehensiveincomeunrealizedholdinggainlossonsecuritiesarisingduringperiodtax": -14000000,
        "othercomprehensiveincomelossreclassificationadjustmentfromaociforsaleofsecuritiestax": -1000000,
        "othercomprehensiveincomelosscashflowhedgegainlossbeforereclassificationtax": -172000000,
        "othercomprehensiveincomelosscashflowhedgegainlossreclassificationtax": -15000000,
        "othercomprehensiveincomelossderivativeexcludedcomponentincreasedecreaseafteradjustmentstax": -12000000,
        "othercomprehensiveincomelossamortizationadjustmentfromaocipensionandotherpostretirementbenefitplansfornetpriorservicecostcredittax": -152000000,
        "othercomprehensiveincomelossreclassificationadjustmentfromaocipensionandotherpostretirementbenefitplansfornetgainlosstax": 5000000
    },
    {
        "date": "2022-03-30",
        "symbol": "T",
        "period": "Q1",
        "revenues": 32392000000,
        "costofgoodsandservicessold": 6038000000,
        "othercostofoperatingrevenue": 7206000000,
        "sellinggeneralandadministrativeexpense": 9368000000,
        "depreciationdepletionandamortization": 5539000000,
        "costsandexpenses": 32464000000,
        "operatingincomeloss": 5641000000,
        "interestexpense": 1722000000,
        "incomelossfromequitymethodinvestments": 501000000,
        "othernonoperatingincomeexpense": 2187000000,
        "nonoperatingincomeexpense": 966000000,
        "incomelossfromcontinuingoperationsbeforeincometaxesextraordinaryitemsnoncontrollinginterest": 6607000000,
        "incometaxexpensebenefit": 1443000000,
        "profitloss": 5164000000,
        "netincomelossattributabletononcontrollinginterest": 354000000,
        "netincomeloss": 4810000000,
        "preferredstockdividendsincomestatementimpact": 48000000,
        "netincomelossavailabletocommonstockholdersbasic": 4762000000,
        "earningspersharebasic": 0.66,
        "earningspersharediluted": 0.65,
        "weightedaveragenumberofsharesoutstandingbasic": 7184000000,
        "weightedaveragenumberofdilutedsharesoutstanding": 7556000000,
        "othercomprehensiveincomeforeigncurrencytransactionandtranslationgainlossarisingduringperiodnetoftax": 19000000,
        "othercomprehensiveincomeunrealizedholdinggainlossonsecuritiesarisingduringperiodnetoftax": -69000000,
        "othercomprehensiveincomelossreclassificationadjustmentfromaociforsaleofsecuritiesnetoftax": -3000000,
        "othercomprehensiveincomelosscashflowhedgegainlossbeforereclassificationaftertax": 258000000,
        "othercomprehensiveincomelosscashflowhedgegainlossreclassificationaftertax": -15000000,
        "othercomprehensiveincomelossamortizationadjustmentfromaocipensionandotherpostretirementbenefitplansfornetpriorservicecostcreditnetoftax": -465000000,
        "othercomprehensiveincomelossnetoftax": -239000000,
        "comprehensiveincomenetoftaxincludingportionattributabletononcontrollinginterest": 4925000000,
        "comprehensiveincomenetoftaxattributabletononcontrollinginterest": 354000000,
        "comprehensiveincomenetoftax": 4571000000,
        "othercomprehensiveincomeforeigncurrencytranslationgainlossarisingduringperiodtax": 5000000,
        "othercomprehensiveincomeunrealizedholdinggainlossonsecuritiesarisingduringperiodtax": -23000000,
        "othercomprehensiveincomelossreclassificationadjustmentfromaociforsaleofsecuritiestax": -1000000,
        "othercomprehensiveincomelosscashflowhedgegainlossbeforereclassificationtax": 69000000,
        "othercomprehensiveincomelosscashflowhedgegainlossreclassificationtax": -4000000,
        "othercomprehensiveincomelossamortizationadjustmentfromaocipensionandotherpostretirementbenefitplansfornetpriorservicecostcredittax": -152000000
    },
    {
        "date": "2021-12-30",
        "symbol": "T",
        "period": "Q4",
        "revenues": 34088000000,
        "costofgoodsandservicessold": 7454000000,
        "othercostofoperatingrevenue": 7435000000,
        "sellinggeneralandadministrativeexpense": 9994000000,
        "depreciationdepletionandamortization": 5673000000,
        "costsandexpenses": 35650000000,
        "operatingincomeloss": 5308000000,
        "interestexpense": 1663000000,
        "incomelossfromequitymethodinvestments": 447000000,
        "othernonoperatingincomeexpense": 2354000000,
        "nonoperatingincomeexpense": 1138000000,
        "incomelossfromcontinuingoperationsbeforeincometaxesextraordinaryitemsnoncontrollinginterest": 6446000000,
        "incometaxexpensebenefit": 1056000000,
        "profitloss": 5390000000,
        "netincomelossattributabletononcontrollinginterest": 347000000,
        "netincomeloss": 5043000000,
        "preferredstockdividendsincomestatementimpact": 51000000,
        "netincomelossavailabletocommonstockholdersbasic": 4992000000,
        "earningspersharebasic": 0.7000000000000002,
        "earningspersharediluted": 0.69,
        "othercomprehensiveincomeforeigncurrencytransactionandtranslationgainlossarisingduringperiodnetoftax": -233000000,
        "othercomprehensiveincomeunrealizedholdinggainlossonsecuritiesarisingduringperiodnetoftax": -24000000,
        "othercomprehensiveincomelossreclassificationadjustmentfromaociforsaleofsecuritiesnetoftax": -1000000,
        "othercomprehensiveincomelosscashflowhedgegainlossbeforereclassificationaftertax": -122000000,
        "othercomprehensiveincomelosscashflowhedgegainlossreclassificationaftertax": -15000000,
        "othercomprehensiveincomelossamortizationadjustmentfromaocipensionandotherpostretirementbenefitplansfornetpriorservicecostcreditnetoftax": -504000000,
        "othercomprehensiveincomelossnetoftax": 1186000000,
        "comprehensiveincomenetoftaxincludingportionattributabletononcontrollinginterest": 6576000000,
        "comprehensiveincomenetoftaxattributabletononcontrollinginterest": 347000000,
        "comprehensiveincomenetoftax": 6229000000,
        "othercomprehensiveincomeforeigncurrencytransactionandtranslationadjustmentnetoftaxportionattributabletononcontrollinginterest": 0,
        "othercomprehensiveincomeforeigncurrencytranslationgainlossarisingduringperiodtax": -31000000,
        "othercomprehensiveincomeunrealizedholdinggainlossonsecuritiesarisingduringperiodtax": -8000000,
        "othercomprehensiveincomelosscashflowhedgegainlossbeforereclassificationtax": -32000000,
        "othercomprehensiveincomelosscashflowhedgegainlossreclassificationtax": -3000000,
        "othercomprehensiveincomelossamortizationadjustmentfromaocipensionandotherpostretirementbenefitplansfornetpriorservicecostcredittax": -165000000
    },
    {
        "date": "2021-09-29",
        "symbol": "T",
        "period": "Q3",
        "revenues": 34843000000,
        "costofgoodsandservicessold": 5427000000,
        "othercostofoperatingrevenue": 7649000000,
        "sellinggeneralandadministrativeexpense": 9207000000,
        "depreciationdepletionandamortization": 5619000000,
        "costsandexpenses": 32813000000,
        "operatingincomeloss": 7109000000,
        "interestexpense": 1667000000,
        "incomelossfromequitymethodinvestments": 91000000,
        "othernonoperatingincomeexpense": 2279000000,
        "nonoperatingincomeexpense": 703000000,
        "incomelossfromcontinuingoperationsbeforeincometaxesextraordinaryitemsnoncontrollinginterest": 7812000000,
        "incometaxexpensebenefit": 1539000000,
        "profitloss": 6273000000,
        "netincomelossattributabletononcontrollinginterest": 355000000,
        "netincomeloss": 5918000000,
        "preferredstockdividendsincomestatementimpact": 50000000,
        "netincomelossavailabletocommonstockholdersbasic": 5868000000,
        "earningspersharebasic": 0.8199999999999998,
        "earningspersharediluted": 0.8199999999999998,
        "weightedaveragenumberofsharesoutstandingbasic": 2000000,
        "weightedaveragenumberofdilutedsharesoutstanding": 3000000,
        "othercomprehensiveincomeforeigncurrencytransactionandtranslationgainlossarisingduringperiodnetoftax": -86000000,
        "othercomprehensiveincomeunrealizedholdinggainlossonsecuritiesarisingduringperiodnetoftax": -4000000,
        "othercomprehensiveincomelossreclassificationadjustmentfromaociforsaleofsecuritiesnetoftax": 1000000,
        "othercomprehensiveincomelosscashflowhedgegainlossbeforereclassificationaftertax": -195000000,
        "othercomprehensiveincomelosscashflowhedgegainlossreclassificationaftertax": -11000000,
        "othercomprehensiveincomelossamortizationadjustmentfromaocipensionandotherpostretirementbenefitplansfornetpriorservicecostcreditnetoftax": -505000000,
        "othercomprehensiveincomelossnetoftax": -780000000,
        "comprehensiveincomenetoftaxincludingportionattributabletononcontrollinginterest": 5493000000,
        "comprehensiveincomenetoftaxattributabletononcontrollinginterest": 351000000,
        "comprehensiveincomenetoftax": 5142000000,
        "othercomprehensiveincomeforeigncurrencytransactionandtranslationadjustmentnetoftaxportionattributabletononcontrollinginterest": -4000000,
        "othercomprehensiveincomeforeigncurrencytranslationgainlossarisingduringperiodtax": -17000000,
        "othercomprehensiveincomeunrealizedholdinggainlossonsecuritiesarisingduringperiodtax": -1000000,
        "othercomprehensiveincomelosscashflowhedgegainlossbeforereclassificationtax": -54000000,
        "othercomprehensiveincomelosscashflowhedgegainlossreclassificationtax": -4000000,
        "othercomprehensiveincomelossamortizationadjustmentfromaocipensionandotherpostretirementbenefitplansfornetpriorservicecostcredittax": -165000000
    },
    {
        "date": "2021-06-29",
        "symbol": "T",
        "period": "Q2",
        "revenues": 38956000000,
        "costofgoodsandservicessold": 5341000000,
        "othercostofoperatingrevenue": 8155000000,
        "sellinggeneralandadministrativeexpense": 9361000000,
        "depreciationdepletionandamortization": 5761000000,
        "costsandexpenses": 40776000000,
        "operatingincomeloss": 3269000000,
        "interestexpense": 1684000000,
        "incomelossfromequitymethodinvestments": 41000000,
        "othernonoperatingincomeexpense": 999000000,
        "nonoperatingincomeexpense": -644000000,
        "incomelossfromcontinuingoperationsbeforeincometaxesextraordinaryitemsnoncontrollinginterest": 2625000000,
        "incometaxexpensebenefit": 751000000,
        "profitloss": 1874000000,
        "netincomelossattributabletononcontrollinginterest": 304000000,
        "netincomeloss": 1570000000,
        "preferredstockdividendsincomestatementimpact": 56000000,
        "netincomelossavailabletocommonstockholdersbasic": 1514000000,
        "earningspersharebasic": 0.20999999999999996,
        "earningspersharediluted": 0.20999999999999996,
        "weightedaveragenumberofsharesoutstandingbasic": 4000000,
        "weightedaveragenumberofdilutedsharesoutstanding": 6000000,
        "othercomprehensiveincomeforeigncurrencytransactionandtranslationgainlossarisingduringperiodnetoftax": 301000000,
        "othercomprehensiveincomeunrealizedholdinggainlossonsecuritiesarisingduringperiodnetoftax": 20000000,
        "othercomprehensiveincomelossreclassificationadjustmentfromaociforsaleofsecuritiesnetoftax": 1000000,
        "othercomprehensiveincomelosscashflowhedgegainlossbeforereclassificationaftertax": -909000000,
        "othercomprehensiveincomelosscashflowhedgegainlossreclassificationaftertax": -22000000,
        "othercomprehensiveincomelossamortizationadjustmentfromaocipensionandotherpostretirementbenefitplansfornetpriorservicecostcreditnetoftax": -507000000,
        "othercomprehensiveincomelossnetoftax": -1074000000,
        "comprehensiveincomenetoftaxincludingportionattributabletononcontrollinginterest": 800000000,
        "comprehensiveincomenetoftaxattributabletononcontrollinginterest": 310000000,
        "comprehensiveincomenetoftax": 490000000,
        "othercomprehensiveincomeforeigncurrencytransactionandtranslationadjustmentnetoftaxportionattributabletononcontrollinginterest": 6000000,
        "othercomprehensiveincomeforeigncurrencytranslationgainlossarisingduringperiodtax": 41000000,
        "othercomprehensiveincomeunrealizedholdinggainlossonsecuritiesarisingduringperiodtax": 6000000,
        "othercomprehensiveincomelossreclassificationadjustmentfromaociforsaleofsecuritiestax": 0,
        "othercomprehensiveincomelosscashflowhedgegainlossbeforereclassificationtax": -242000000,
        "othercomprehensiveincomelosscashflowhedgegainlossreclassificationtax": -6000000,
        "othercomprehensiveincomelossamortizationadjustmentfromaocipensionandotherpostretirementbenefitplansfornetpriorservicecostcredittax": -165000000
    },
    {
        "date": "2021-03-30",
        "symbol": "T",
        "period": "Q1",
        "revenues": 38504000000,
        "costofgoodsandservicessold": 5556000000,
        "othercostofoperatingrevenue": 7993000000,
        "sellinggeneralandadministrativeexpense": 9382000000,
        "depreciationdepletionandamortization": 5809000000,
        "costsandexpenses": 36278000000,
        "operatingincomeloss": 7661000000,
        "interestexpense": 1870000000,
        "incomelossfromequitymethodinvestments": 52000000,
        "othernonoperatingincomeexpense": 4221000000,
        "nonoperatingincomeexpense": 2403000000,
        "incomelossfromcontinuingoperationsbeforeincometaxesextraordinaryitemsnoncontrollinginterest": 10064000000,
        "incometaxexpensebenefit": 2122000000,
        "profitloss": 7942000000,
        "netincomelossattributabletononcontrollinginterest": 392000000,
        "netincomeloss": 7550000000,
        "preferredstockdividendsincomestatementimpact": 50000000,
        "netincomelossavailabletocommonstockholdersbasic": 7500000000,
        "earningspersharebasic": 1.04,
        "earningspersharediluted": 1.04,
        "weightedaveragenumberofsharesoutstandingbasic": 7161000000,
        "weightedaveragenumberofdilutedsharesoutstanding": 7188000000,
        "othercomprehensiveincomeforeigncurrencytransactionandtranslationgainlossarisingduringperiodnetoftax": -109000000,
        "othercomprehensiveincomeunrealizedholdinggainlossonsecuritiesarisingduringperiodnetoftax": -55000000,
        "othercomprehensiveincomelossreclassificationadjustmentfromaociforsaleofsecuritiesnetoftax": 2000000,
        "othercomprehensiveincomelosscashflowhedgegainlossbeforereclassificationaftertax": 511000000,
        "othercomprehensiveincomelosscashflowhedgegainlossreclassificationaftertax": -24000000,
        "othercomprehensiveincomelossamortizationadjustmentfromaocipensionandotherpostretirementbenefitplansfornetpriorservicecostcreditnetoftax": -504000000,
        "othercomprehensiveincomelossnetoftax": -135000000,
        "comprehensiveincomenetoftaxincludingportionattributabletononcontrollinginterest": 7807000000,
        "comprehensiveincomenetoftaxattributabletononcontrollinginterest": 388000000,
        "comprehensiveincomenetoftax": 7419000000,
        "othercomprehensiveincomeforeigncurrencytransactionandtranslationadjustmentnetoftaxportionattributabletononcontrollinginterest": -4000000,
        "othercomprehensiveincomeforeigncurrencytranslationgainlossarisingduringperiodtax": -37000000,
        "othercomprehensiveincomeunrealizedholdinggainlossonsecuritiesarisingduringperiodtax": -18000000,
        "othercomprehensiveincomelossreclassificationadjustmentfromaociforsaleofsecuritiestax": 1000000,
        "othercomprehensiveincomelosscashflowhedgegainlossbeforereclassificationtax": 136000000,
        "othercomprehensiveincomelosscashflowhedgegainlossreclassificationtax": -6000000,
        "othercomprehensiveincomelossamortizationadjustmentfromaocipensionandotherpostretirementbenefitplansfornetpriorservicecostcredittax": -165000000
    },
    {
        "date": "2020-09-29",
        "symbol": "T",
        "period": "Q3",
        "revenues": 37782000000,
        "costofgoodsandservicessold": 4552000000,
        "othercostofoperatingrevenue": 8375000000,
        "sellinggeneralandadministrativeexpense": 9266000000,
        "goodwillimpairmentloss": 73000000,
        "depreciationdepletionandamortization": 7030000000,
        "costsandexpenses": 36208000000,
        "operatingincomeloss": 6132000000,
        "interestexpense": 1972000000,
        "incomelossfromequitymethodinvestments": 5000000,
        "othernonoperatingincomeexpense": -231000000,
        "nonoperatingincomeexpense": -2198000000,
        "incomelossfromcontinuingoperationsbeforeincometaxesextraordinaryitemsnoncontrollinginterest": 3934000000,
        "incometaxexpensebenefit": 766000000,
        "profitloss": 3168000000,
        "netincomelossattributabletononcontrollinginterest": 352000000,
        "netincomeloss": 2816000000,
        "preferredstockdividendsincomestatementimpact": 54000000,
        "netincomelossavailabletocommonstockholdersbasic": 2762000000,
        "earningspersharebasic": 0.39,
        "earningspersharediluted": 0.39,
        "weightedaveragenumberofsharesoutstandingbasic": 7147000000,
        "weightedaveragenumberofdilutedsharesoutstanding": 7173000000,
        "othercomprehensiveincomeforeigncurrencytransactionandtranslationgainlossarisingduringperiodnetoftax": 90000000,
        "othercomprehensiveincomeunrealizedholdinggainlossonsecuritiesarisingduringperiodnetoftax": 1000000,
        "othercomprehensiveincomelosscashflowhedgegainlossbeforereclassificationaftertax": 860000000,
        "othercomprehensiveincomelosscashflowhedgegainlossreclassificationaftertax": -27000000,
        "othercomprehensiveincomelossamortizationadjustmentfromaocipensionandotherpostretirementbenefitplansfornetpriorservicecostcreditnetoftax": -460000000,
        "othercomprehensiveincomelossnetoftax": 518000000,
        "comprehensiveincomenetoftaxincludingportionattributabletononcontrollinginterest": 3686000000,
        "comprehensiveincomenetoftaxattributabletononcontrollinginterest": 350000000,
        "comprehensiveincomenetoftax": 3336000000,
        "othercomprehensiveincomeforeigncurrencytransactionandtranslationadjustmentnetoftaxportionattributabletononcontrollinginterest": -2000000,
        "othercomprehensiveincomeforeigncurrencytranslationgainlossarisingduringperiodtax": 47000000,
        "othercomprehensiveincomeunrealizedholdinggainlossonsecuritiesarisingduringperiodtax": 1000000,
        "othercomprehensiveincomelosscashflowhedgegainlossbeforereclassificationtax": 229000000,
        "othercomprehensiveincomelosscashflowhedgegainlossreclassificationtax": -7000000,
        "othercomprehensiveincomelossamortizationadjustmentfromaocipensionandotherpostretirementbenefitplansfornetpriorservicecostcredittax": -150000000
    },
    {
        "date": "2019-09-29",
        "symbol": "T",
        "period": "Q3",
        "service": 40317000000,
        "equipment": 4271000000,
        "revenues": 44588000000,
        "costofgoodsandservicessold": 4484000000,
        "othercostofoperatingrevenue": 8604000000,
        "sellinggeneralandadministrativeexpense": 9584000000,
        "depreciationdepletionandamortization": 6949000000,
        "costsandexpenses": 36687000000,
        "operatingincomeloss": 7901000000,
        "interestexpense": 2083000000,
        "incomelossfromequitymethodinvestments": 3000000,
        "othernonoperatingincomeexpense": -935000000,
        "nonoperatingincomeexpense": -3015000000,
        "incomelossfromcontinuingoperationsbeforeincometaxesextraordinaryitemsnoncontrollinginterest": 4886000000,
        "incometaxexpensebenefit": 937000000,
        "profitloss": 3949000000,
        "netincomelossattributabletononcontrollinginterest": 249000000,
        "netincomeloss": 3700000000,
        "earningspersharebasic": 0.5,
        "earningspersharediluted": 0.5,
        "weightedaveragenumberofsharesoutstandingbasic": 7327000000,
        "weightedaveragenumberofdilutedsharesoutstanding": 7356000000,
        "othercomprehensiveincomeforeigncurrencytransactionandtranslationgainlossarisingduringperiodnetoftax": -342000000,
        "othercomprehensiveincomeunrealizedholdinggainlossonsecuritiesarisingduringperiodnetoftax": 25000000,
        "othercomprehensiveincomeunrealizedgainlossonderivativesarisingduringperiodnetoftax": -516000000,
        "othercomprehensiveincomelossreclassificationadjustmentfromaocionderivativesnetoftax": -7000000,
        "othercomprehensiveincomelossamortizationadjustmentfromaocipensionandotherpostretirementbenefitplansfornetpriorservicecostcreditnetoftax": -343000000,
        "othercomprehensiveincomelossnetoftax": -1169000000,
        "comprehensiveincomenetoftaxincludingportionattributabletononcontrollinginterest": 2780000000,
        "comprehensiveincomenetoftaxattributabletononcontrollinginterest": 232000000,
        "comprehensiveincomenetoftax": 2548000000,
        "othercomprehensiveincomeforeigncurrencytransactionandtranslationadjustmentnetoftaxportionattributabletononcontrollinginterest": -17000000,
        "othercomprehensiveincomeforeigncurrencytranslationgainlossarisingduringperiodtax": -69000000,
        "othercomprehensiveincomeunrealizedholdinggainlossonsecuritiesarisingduringperiodtax": 7000000,
        "othercomprehensiveincomeunrealizedgainlossonderivativesarisingduringperiodtax": -168000000,
        "othercomprehensiveincomelossreclassificationadjustmentfromaocionderivativestax": -2000000,
        "othercomprehensiveincomelossamortizationadjustmentfromaocipensionandotherpostretirementbenefitplansfornetpriorservicecostcredittax": -112000000
    },
    {
        "date": "2016-09-29",
        "symbol": "T",
        "period": "Q3",
        "service": 37272000000,
        "equipment": 3618000000,
        "revenues": 40890000000,
        "costofgoodssoldexcludingdepreciationdepletionandamortization": 4455000000,
        "broadcastprogrammingandother": 4909000000,
        "othercostofservices": 9526000000,
        "sellinggeneralandadministrativeexpense": 9013000000,
        "depreciationdepletionandamortization": 6579000000,
        "costsandexpenses": 34482000000,
        "operatingincomeloss": -1000000,
        "interestexpense": 1224000000,
        "incomelossfromequitymethodinvestments": 16000000,
        "othernonoperatingincomeexpense": -7000000,
        "nonoperatingincomeexpense": -1215000000,
        "incomelossfromcontinuingoperationsbeforeincometaxesextraordinaryitemsnoncontrollinginterest": 5193000000,
        "incometaxexpensebenefit": 1775000000,
        "profitloss": 3418000000,
        "netincomelossattributabletononcontrollinginterest": 90000000,
        "netincomeloss": 3328000000,
        "earningspersharebasic": 0.54,
        "earningspersharediluted": 0.54,
        "weightedaveragenumberofsharesoutstandingbasic": 6168000000,
        "weightedaveragenumberofdilutedsharesoutstanding": 6189000000,
        "commonstockdividendspersharedeclared": 0.48,
        "othercomprehensiveincomeforeigncurrencytransactionandtranslationgainlossarisingduringperiodnetoftax": -225000000,
        "othercomprehensiveincomeunrealizedholdinggainlossonsecuritiesarisingduringperiodnetoftax": 46000000,
        "othercomprehensiveincomelossreclassificationadjustmentfromaociforsaleofsecuritiesnetoftax": 5000000,
        "othercomprehensiveincomeunrealizedgainlossonderivativesarisingduringperiodnetoftax": 446000000,
        "othercomprehensiveincomelossreclassificationadjustmentfromaocionderivativesnetoftax": -10000000,
        "othercomprehensiveincomelossamortizationadjustmentfromaocipensionandotherpostretirementbenefitplansfornetpriorservicecostcreditnetoftax": -215000000,
        "othercomprehensiveincomelossnetoftax": 57000000,
        "comprehensiveincomenetoftaxincludingportionattributabletononcontrollinginterest": 3475000000,
        "comprehensiveincomenetoftaxattributabletononcontrollinginterest": 111000000,
        "comprehensiveincomenetoftax": 3364000000,
        "othercomprehensiveincomeforeigncurrencytransactionandtranslationadjustmentnetoftaxportionattributabletononcontrollinginterest": 21000000,
        "othercomprehensiveincomeforeigncurrencytranslationgainlossarisingduringperiodtax": -91000000,
        "othercomprehensiveincomeunrealizedholdinggainlossonsecuritiesarisingduringperiodtax": 28000000,
        "othercomprehensiveincomelossreclassificationadjustmentfromaociforsaleofsecuritiestax": 3000000,
        "othercomprehensiveincomeunrealizedgainlossonderivativesarisingduringperiodtax": 240000000,
        "othercomprehensiveincomelossreclassificationadjustmentfromaocionderivativestax": -5000000,
        "othercomprehensiveincomelossamortizationadjustmentfromaocipensionandotherpostretirementbenefitplansfornetpriorservicecostcredittax": -131000000
    },
    {
        "date": "2014-06-29",
        "symbol": "T",
        "period": "Q2",
        "revenues": 8000000,
        "costofrevenue": 14212000000,
        "sellinggeneralandadministrativeexpense": 8197000000,
        "depreciationdepletionandamortization": 1000000,
        "operatingexpenses": 142000000,
        "operatingincomeloss": -134000000,
        "interestexpense": 881000000,
        "incomelossfromequitymethodinvestments": 131000000,
        "othernonoperatingincomeexpense": 1269000000,
        "nonoperatingincomeexpense": 490000000,
        "incomelossfromcontinuingoperationsbeforeincometaxesextraordinaryitemsnoncontrollinginterest": 385000000,
        "incometaxexpensebenefit": 2485000000,
        "profitloss": 3621000000,
        "netincomelossattributabletononcontrollinginterest": 74000000,
        "netincomeloss": 3547000000,
        "earningspersharebasic": 0.68,
        "earningspersharediluted": 0.68,
        "weightedaveragenumberofsharesoutstandingbasic": 5204000000,
        "weightedaveragenumberofdilutedsharesoutstanding": 5220000000,
        "commonstockdividendspersharedeclared": 0.46,
        "othercomprehensiveincomeforeigncurrencytransactionandtranslationgainlossarisingduringperiodnetoftax": 26000000,
        "othercomprehensiveincomelossforeigncurrencytransactionandtranslationreclassificationadjustmentfromaocirealizeduponsaleorliquidationnetoftax": -391000000,
        "othercomprehensiveincomeunrealizedholdinggainlossonsecuritiesarisingduringperiodnetoftax": 43000000,
        "othercomprehensiveincomelossreclassificationadjustmentfromaociforsaleofsecuritiesnetoftax": 3000000,
        "othercomprehensiveincomeunrealizedgainlossonderivativesarisingduringperiodnetoftax": -104000000,
        "othercomprehensiveincomelossreclassificationadjustmentfromaocionderivativesnetoftax": -14000000,
        "definedbenefitplanactuarialnetgainslossesreclassificationfromequitymethodinvestees": -58000000,
        "othercomprehensiveincomelossamortizationadjustmentfromaocipensionandotherpostretirementbenefitplansfornetpriorservicecostcreditnetoftax": -239000000,
        "othercomprehensiveincomelossnetoftax": 186000000,
        "comprehensiveincomenetoftaxincludingportionattributabletononcontrollinginterest": 3807000000,
        "comprehensiveincomenetoftaxattributabletononcontrollinginterest": 75000000,
        "comprehensiveincomenetoftax": 3732000000,
        "othercomprehensiveincomeforeigncurrencytransactionandtranslationadjustmentnetoftaxportionattributabletononcontrollinginterest": 1000000,
        "othercomprehensiveincomeforeigncurrencytranslationgainlossarisingduringperiodtax": 15000000,
        "othercomprehensiveincomelossforeigncurrencytransactionandtranslationreclassificationadjustmentfromaocirealizeduponsaleorliquidationtax": -210000000,
        "othercomprehensiveincomeunrealizedholdinggainlossonsecuritiesarisingduringperiodtax": 24000000,
        "othercomprehensiveincomelossreclassificationadjustmentfromaociforsaleofsecuritiestax": 1000000,
        "othercomprehensiveincomeunrealizedgainlossonderivativesarisingduringperiodtax": -56000000,
        "othercomprehensiveincomelossreclassificationadjustmentfromaocionderivativestax": -7000000,
        "definedbenefitplanactuarialnetgainslossesfromequitymethodinvesteereclassificationtaxeffect": -31000000,
        "othercomprehensiveincomelossamortizationadjustmentfromaocipensionandotherpostretirementbenefitplansfornetpriorservicecostcredittax": -142000000
    },
    {
        "date": "2011-09-29",
        "symbol": "T",
        "period": "Q3",
        "wirelessservice": 14261000000,
        "data": 7472000000,
        "voice": 6243000000,
        "directory": 803000000,
        "othersalesrevenuenet": 2699000000,
        "revenues": 108000000,
        "costofrevenue": 13165000000,
        "sellinggeneralandadministrativeexpense": 7460000000,
        "depreciationdepletionandamortization": 13000000,
        "operatingexpenses": 459000000,
        "operatingincomeloss": -351000000,
        "interestexpense": 889000000,
        "incomelossfromequitymethodinvestments": 200000000,
        "othernonoperatingincomeexpense": 46000000,
        "nonoperatingincomeexpense": -650000000,
        "incomefromcontinuingoperationsbeforeincometaxes": -843000000,
        "incometaxexpensebenefit": 1899000000,
        "incomelossfromcontinuingoperationsincludingportionattributabletononcontrollinginterest": 3686000000,
        "profitloss": 3686000000,
        "netincomelossattributabletononcontrollinginterest": 63000000,
        "netincomeloss": 3623000000,
        "incomelossfromcontinuingoperationsperbasicshare": 0.61,
        "earningspersharebasic": 0.61,
        "incomelossfromcontinuingoperationsperdilutedshare": 0.61,
        "earningspersharediluted": 0.61,
        "weightedaveragenumberofsharesoutstandingbasic": 5936000000,
        "weightedaveragenumberofdilutedsharesoutstanding": 5954000000,
        "commonstockdividendspersharedeclared": 0.43
    },
    {
        "date": "2010-09-29",
        "symbol": "T",
        "period": "Q3",
        "wirelessservice": 13675000000,
        "voice": 6973000000,
        "data": 6928000000,
        "directory": 961000000,
        "othersalesrevenuenet": 3044000000,
        "revenues": 165000000,
        "costofrevenue": 13519000000,
        "sellinggeneralandadministrativeexpense": 7707000000,
        "depreciationdepletionandamortization": 10000000,
        "operatingexpenses": 238000000,
        "operatingincomeloss": -73000000,
        "interestexpense": 729000000,
        "incomelossfromequitymethodinvestments": 221000000,
        "othernonoperatingincomeexpense": 125000000,
        "nonoperatingincomeexpense": -387000000,
        "incomefromcontinuingoperationsbeforeincometaxes": 5077000000,
        "incometaxexpensebenefit": -6560000000,
        "incomelossfromcontinuingoperationsincludingportionattributabletononcontrollinginterest": 11637000000,
        "incomelossfromdiscontinuedoperationsnetoftax": 780000000,
        "profitloss": 12417000000,
        "netincomelossattributabletononcontrollinginterest": -78000000,
        "netincomeloss": 12339000000,
        "incomelossfromcontinuingoperationsperbasicshare": 1.96,
        "incomelossfromdiscontinuedoperationsnetoftaxperbasicshare": 0.13,
        "earningspersharebasic": 2.09,
        "incomelossfromcontinuingoperationsperdilutedshare": 1.95,
        "incomelossfromdiscontinuedoperationsnetoftaxperdilutedshare": 0.13,
        "earningspersharediluted": 2.08,
        "weightedaveragenumberofsharesissuedbasic": 5909,
        "weightedaveragenumberofdilutedsharesoutstanding": 5938,
        "commonstockdividendspersharedeclared": 0.42
    }
]