[
    {
        "date": "2024-09-29",
        "symbol": "REGN",
        "period": "Q3",
        "revenuefromcontractwithcustomerexcludingassessedtax": 500000,
        "researchanddevelopmentexpense": 1271500000,
        "acquiredinprocessresearchanddevelopment": 45000000,
        "sellinggeneralandadministrativeexpense": 714400000,
        "costofgoodsandservicessold": 228800000,
        "otheroperatingincomeexpensenet": -8000000,
        "costsandexpenses": 2541200000,
        "operatingincomeloss": 1179500000,
        "othernonoperatingincomeexpense": 327300000,
        "interestexpensenonoperating": 13800000,
        "nonoperatingincomeexpense": 313500000,
        "incomelossfromcontinuingoperationsbeforeincometaxesextraordinaryitemsnoncontrollinginterest": 1493000000,
        "incometaxexpensebenefit": 152400000,
        "netincomeloss": 1340600000,
        "earningspersharebasic": 12.4,
        "earningspersharediluted": 11.54,
        "weightedaveragenumberofsharesoutstandingbasic": 108100000,
        "weightedaveragenumberofdilutedsharesoutstanding": 116200000,
        "othercomprehensiveincomeunrealizedholdinggainlossonsecuritiesarisingduringperiodnetoftax": 128200000,
        "othercomprehensiveincomeforeigncurrencytransactionandtranslationadjustmentnetoftaxportionattributabletoparent": 1900000,
        "comprehensiveincomenetoftax": 1470700000
    },
    {
        "date": "2024-06-29",
        "symbol": "REGN",
        "period": "Q2",
        "revenuefromcontractwithcustomerexcludingassessedtax": 1918600000,
        "researchanddevelopmentexpense": 1200000000,
        "acquiredinprocessresearchanddevelopment": 23900000,
        "sellinggeneralandadministrativeexpense": 758800000,
        "costofgoodsandservicessold": 257800000,
        "otheroperatingincomeexpensenet": -14600000,
        "costsandexpenses": 2477500000,
        "operatingincomeloss": 1069600000,
        "othernonoperatingincomeexpense": 573300000,
        "interestexpensenonoperating": 14800000,
        "nonoperatingincomeexpense": 558500000,
        "incomelossfromcontinuingoperationsbeforeincometaxesextraordinaryitemsnoncontrollinginterest": 1628100000,
        "incometaxexpensebenefit": 195800000,
        "netincomeloss": 1432300000,
        "earningspersharebasic": 13.25,
        "earningspersharediluted": 12.41,
        "weightedaveragenumberofsharesoutstandingbasic": 108100000,
        "weightedaveragenumberofdilutedsharesoutstanding": 115400000,
        "othercomprehensiveincomeunrealizedholdinggainlossonsecuritiesarisingduringperiodnetoftax": 7900000,
        "othercomprehensiveincomelossforeigncurrencytransactionandtranslationadjustmentnetoftax": -600000,
        "comprehensiveincomenetoftax": 1439600000
    },
    {
        "date": "2024-03-30",
        "symbol": "REGN",
        "period": "Q1",
        "revenuefromcontractwithcustomerexcludingassessedtax": 1761300000,
        "researchanddevelopmentexpense": 1248400000,
        "acquiredinprocessresearchanddevelopment": 7100000,
        "sellinggeneralandadministrativeexpense": 689000000,
        "costofgoodsandservicessold": 240400000,
        "otheroperatingincomeexpensenet": -15300000,
        "costsandexpenses": 2393600000,
        "operatingincomeloss": 751400000,
        "othernonoperatingincomeexpense": -34600000,
        "interestexpense": 16100000,
        "nonoperatingincomeexpense": -50700000,
        "incomelossfromcontinuingoperationsbeforeincometaxesextraordinaryitemsnoncontrollinginterest": 700700000,
        "incometaxexpensebenefit": -21300000,
        "netincomeloss": 722000000,
        "earningspersharebasic": 6.7,
        "earningspersharediluted": 6.27,
        "weightedaveragenumberofsharesoutstandingbasic": 107800000,
        "weightedaveragenumberofdilutedsharesoutstanding": 115100000,
        "othercomprehensiveincomeunrealizedholdinggainlossonsecuritiesarisingduringperiodnetoftax": 3500000,
        "othercomprehensiveincomelossforeigncurrencytransactionandtranslationadjustmentnetoftax": 200000,
        "comprehensiveincomenetoftax": 725700000
    },
    {
        "date": "2023-12-30",
        "symbol": "REGN",
        "period": "Q4",
        "revenuefromcontractwithcustomerexcludingassessedtax": 5295700000,
        "researchanddevelopmentexpense": 1177200000,
        "sellinggeneralandadministrativeexpense": 737700000,
        "costofgoodsandservicessold": 246000000,
        "otheroperatingincomeexpensenet": 500000,
        "costsandexpenses": 2461400000,
        "operatingincomeloss": 972900000,
        "othernonoperatingincomeexpense": 193000000,
        "interestexpense": 18300000,
        "nonoperatingincomeexpense": 174700000,
        "incomelossfromcontinuingoperationsbeforeincometaxesextraordinaryitemsnoncontrollinginterest": 1147600000,
        "incometaxexpensebenefit": -12000000,
        "netincomeloss": 1159600000,
        "earningspersharebasic": 10.879999999999995,
        "earningspersharediluted": 10.200000000000005,
        "weightedaveragenumberofsharesoutstandingbasic": 106700000,
        "weightedaveragenumberofdilutedsharesoutstanding": 113700000,
        "othercomprehensiveincomeunrealizedholdinggainlossonsecuritiesarisingduringperiodnetoftax": 95400000,
        "comprehensiveincomenetoftax": 1255500000
    },
    {
        "date": "2023-09-29",
        "symbol": "REGN",
        "period": "Q3",
        "revenuefromcontractwithcustomerexcludingassessedtax": 1786100000,
        "researchanddevelopmentexpense": 1075300000,
        "acquiredinprocessresearchanddevelopment": 100000000,
        "sellinggeneralandadministrativeexpense": 640500000,
        "costofgoodsandservicessold": 224500000,
        "otheroperatingincomeexpensenet": 500000,
        "costsandexpenses": 2251700000,
        "operatingincomeloss": 1111000000,
        "othernonoperatingincomeexpense": 17600000,
        "interestexpense": 17800000,
        "nonoperatingincomeexpense": -200000,
        "incomelossfromcontinuingoperationsbeforeincometaxesextraordinaryitemsnoncontrollinginterest": 1110800000,
        "incometaxexpensebenefit": 103000000,
        "netincomeloss": 1007800000,
        "earningspersharebasic": 9.48,
        "earningspersharediluted": 8.89,
        "weightedaveragenumberofsharesoutstandingbasic": 106300000,
        "weightedaveragenumberofdilutedsharesoutstanding": 113400000,
        "othercomprehensiveincomeunrealizedholdinggainlossonsecuritiesarisingduringperiodnetoftax": 21300000,
        "othercomprehensiveincomelossforeigncurrencytransactionandtranslationadjustmentnetoftax": -400000,
        "comprehensiveincomenetoftax": 1028700000
    },
    {
        "date": "2023-06-29",
        "symbol": "REGN",
        "period": "Q2",
        "revenuefromcontractwithcustomerexcludingassessedtax": -48800000,
        "researchanddevelopmentexpense": 1085300000,
        "acquiredinprocessresearchanddevelopment": 0,
        "sellinggeneralandadministrativeexpense": 652000000,
        "costofgoodsandservicessold": 212500000,
        "otheroperatingincomeexpensenet": 600000,
        "costsandexpenses": 2141600000,
        "operatingincomeloss": 1016500000,
        "othernonoperatingincomeexpense": 85300000,
        "interestexpense": 18900000,
        "nonoperatingincomeexpense": 66400000,
        "incomelossfromcontinuingoperationsbeforeincometaxesextraordinaryitemsnoncontrollinginterest": 1082900000,
        "incometaxexpensebenefit": 114500000,
        "netincomeloss": 968400000,
        "earningspersharebasic": 9.05,
        "earningspersharediluted": 8.51,
        "weightedaveragenumberofsharesoutstandingbasic": -100000,
        "weightedaveragenumberofdilutedsharesoutstanding": -100000,
        "othercomprehensiveincomeunrealizedholdinggainlossonsecuritiesarisingduringperiodnetoftax": -15700000,
        "comprehensiveincomenetoftax": 952300000
    },
    {
        "date": "2023-03-30",
        "symbol": "REGN",
        "period": "Q1",
        "revenuefromcontractwithcustomerexcludingassessedtax": 45000000,
        "researchanddevelopmentexpense": 1101200000,
        "acquiredinprocessresearchanddevelopment": 56100000,
        "sellinggeneralandadministrativeexpense": 601100000,
        "costofgoodsandservicessold": 249100000,
        "otheroperatingincomeexpensenet": 500000,
        "costsandexpenses": 2215400000,
        "operatingincomeloss": 946700000,
        "othernonoperatingincomeexpense": -70700000,
        "interestexpense": 18000000,
        "nonoperatingincomeexpense": -88700000,
        "incomelossfromcontinuingoperationsbeforeincometaxesextraordinaryitemsnoncontrollinginterest": 858000000,
        "incometaxexpensebenefit": 40200000,
        "netincomeloss": 817800000,
        "earningspersharebasic": 7.64,
        "earningspersharediluted": 7.17,
        "weightedaveragenumberofsharesoutstandingbasic": 107100000,
        "weightedaveragenumberofdilutedsharesoutstanding": 114000000,
        "othercomprehensiveincomeunrealizedholdinggainlossonsecuritiesarisingduringperiodnetoftax": 57200000,
        "comprehensiveincomenetoftax": 875000000
    },
    {
        "date": "2022-12-30",
        "symbol": "REGN",
        "period": "Q4",
        "revenuefromcontractwithcustomerexcludingassessedtax": -20000000,
        "researchanddevelopmentexpense": 1043100000,
        "sellinggeneralandadministrativeexpense": 660500000,
        "costofgoodsandservicessold": 278000000,
        "otheroperatingincomeexpensenet": 6600000,
        "costsandexpenses": 2267600000,
        "operatingincomeloss": 1146800000,
        "othernonoperatingincomeexpense": 195300000,
        "interestexpense": 17400000,
        "nonoperatingincomeexpense": 177900000,
        "incomelossfromcontinuingoperationsbeforeincometaxesextraordinaryitemsnoncontrollinginterest": 1324700000,
        "incometaxexpensebenefit": 127600000,
        "netincomeloss": 1197100000,
        "earningspersharebasic": 11.209999999999999,
        "earningspersharediluted": 10.489999999999998,
        "weightedaveragenumberofsharesoutstandingbasic": -100000,
        "weightedaveragenumberofdilutedsharesoutstanding": 200000,
        "othercomprehensiveincomeunrealizedholdinggainlossonsecuritiesarisingduringperiodnetoftax": 36300000,
        "comprehensiveincomenetoftax": 1233400000
    },
    {
        "date": "2022-09-29",
        "symbol": "REGN",
        "period": "Q3",
        "revenuefromcontractwithcustomerexcludingassessedtax": -104500000,
        "researchanddevelopmentexpense": 911300000,
        "acquiredinprocessresearchanddevelopment": 0,
        "sellinggeneralandadministrativeexpense": 529100000,
        "costofgoodsandservicessold": 176500000,
        "otheroperatingincomeexpensenet": 45700000,
        "costsandexpenses": 1712500000,
        "operatingincomeloss": 1223700000,
        "othernonoperatingincomeexpense": 301400000,
        "interestexpense": 15300000,
        "nonoperatingincomeexpense": 286100000,
        "incomelossfromcontinuingoperationsbeforeincometaxesextraordinaryitemsnoncontrollinginterest": 1509800000,
        "incometaxexpensebenefit": 194100000,
        "netincomeloss": 1315700000,
        "earningspersharebasic": 12.289999999999997,
        "earningspersharediluted": 11.66,
        "weightedaveragenumberofsharesoutstandingbasic": -100000,
        "weightedaveragenumberofdilutedsharesoutstanding": -300000,
        "othercomprehensiveincomeunrealizedholdinggainlossonsecuritiesarisingduringperiodnetoftax": -51300000,
        "comprehensiveincomenetoftax": 1264400000
    },
    {
        "date": "2022-06-29",
        "symbol": "REGN",
        "period": "Q2",
        "revenuefromcontractwithcustomerexcludingassessedtax": 8200000,
        "researchanddevelopmentexpense": 794300000,
        "acquiredinprocessresearchanddevelopment": 197000000,
        "sellinggeneralandadministrativeexpense": 476300000,
        "costofgoodsandservicessold": 147900000,
        "otheroperatingincomeexpensenet": 17400000,
        "costsandexpenses": 1747300000,
        "operatingincomeloss": 1109900000,
        "othernonoperatingincomeexpense": -133600000,
        "interestexpense": 13100000,
        "nonoperatingincomeexpense": -146700000,
        "incomelossfromcontinuingoperationsbeforeincometaxesextraordinaryitemsnoncontrollinginterest": 963200000.0000001,
        "incometaxexpensebenefit": 111100000,
        "netincomeloss": 852100000,
        "earningspersharebasic": 7.890000000000002,
        "earningspersharediluted": 7.460000000000001,
        "weightedaveragenumberofsharesoutstandingbasic": 500000,
        "weightedaveragenumberofdilutedsharesoutstanding": 500000,
        "othercomprehensiveincomeunrealizedholdinggainlossonsecuritiesarisingduringperiodnetoftax": -53700000,
        "othercomprehensiveincomelosscashflowhedgegainlossafterreclassificationandtax": 0,
        "comprehensiveincomenetoftax": 798400000
    },
    {
        "date": "2022-03-30",
        "symbol": "REGN",
        "period": "Q1",
        "revenuefromcontractwithcustomerexcludingassessedtax": 216300000,
        "researchanddevelopmentexpense": 843800000,
        "acquiredinprocessresearchanddevelopment": 28100000,
        "sellinggeneralandadministrativeexpense": 450000000,
        "costofgoodsandservicessold": 197600000,
        "otheroperatingincomeexpensenet": 20200000,
        "costsandexpenses": 1706600000,
        "operatingincomeloss": 1258500000,
        "othernonoperatingincomeexpense": -183800000,
        "interestexpense": 13600000,
        "nonoperatingincomeexpense": -197400000,
        "incomelossfromcontinuingoperationsbeforeincometaxesextraordinaryitemsnoncontrollinginterest": 1061099999.9999999,
        "incometaxexpensebenefit": 87600000,
        "netincomeloss": 973500000,
        "earningspersharebasic": 9.12,
        "earningspersharediluted": 8.61,
        "weightedaveragenumberofsharesoutstandingbasic": 106800000,
        "weightedaveragenumberofdilutedsharesoutstanding": 113100000,
        "othercomprehensiveincomeunrealizedholdinggainlossonsecuritiesarisingduringperiodnetoftax": -144900000,
        "othercomprehensiveincomelosscashflowhedgegainlossafterreclassificationandtax": 1000000,
        "comprehensiveincomenetoftax": 829600000
    },
    {
        "date": "2021-12-30",
        "symbol": "REGN",
        "period": "Q4",
        "revenuefromcontractwithcustomerexcludingassessedtax": 6128000000,
        "researchanddevelopmentexpense": 785600000,
        "sellinggeneralandadministrativeexpense": 559600000,
        "costofgoodsandservicessold": 836100000,
        "otheroperatingincomeexpensenet": 15800000,
        "costsandexpenses": 2312000000,
        "operatingincomeloss": 2639700000,
        "othernonoperatingincomeexpense": -122200000,
        "interestexpense": 14100000,
        "nonoperatingincomeexpense": -136300000,
        "incometaxexpensebenefit": 274400000,
        "netincomeloss": 2229000000,
        "earningspersharebasic": 20.940000000000005,
        "earningspersharediluted": 19.580000000000002,
        "weightedaveragenumberofsharesoutstandingbasic": -210900000,
        "weightedaveragenumberofdilutedsharesoutstanding": -223000000,
        "othercomprehensiveincomeunrealizedholdinggainlossonsecuritiesarisingduringperiodnetoftax": -35900000,
        "othercomprehensiveincomelosscashflowhedgegainlossafterreclassificationandtax": 200000,
        "comprehensiveincomenetoftax": 2193300000
    },
    {
        "date": "2021-09-29",
        "symbol": "REGN",
        "period": "Q3",
        "revenuefromcontractwithcustomerexcludingassessedtax": 127100000,
        "researchanddevelopmentexpense": 665400000,
        "sellinggeneralandadministrativeexpense": 445000000,
        "costofgoodsandservicessold": 214400000,
        "otheroperatingincomeexpensenet": -42000000,
        "costsandexpenses": 1605600000,
        "operatingincomeloss": 1847200000,
        "othernonoperatingincomeexpense": -16399999.999999998,
        "interestexpense": 14200000,
        "nonoperatingincomeexpense": -30600000,
        "incomelossfromcontinuingoperationsbeforeincometaxesextraordinaryitemsnoncontrollinginterest": 1816600000,
        "incometaxexpensebenefit": 184400000,
        "netincomeloss": 1632200000,
        "earningspersharebasic": 15.37,
        "earningspersharediluted": 14.33,
        "weightedaveragenumberofsharesoutstandingbasic": 106200000,
        "weightedaveragenumberofdilutedsharesoutstanding": 113900000,
        "othercomprehensiveincomeunrealizedholdinggainlossonsecuritiesarisingduringperiodnetoftax": -6400000,
        "othercomprehensiveincomelosscashflowhedgegainlossafterreclassificationandtax": 200000,
        "comprehensiveincomenetoftax": 1626000000
    },
    {
        "date": "2021-06-29",
        "symbol": "REGN",
        "period": "Q2",
        "revenuefromcontractwithcustomerexcludingassessedtax": 4137800000,
        "researchanddevelopmentexpense": 714200000,
        "sellinggeneralandadministrativeexpense": 414700000,
        "costofgoodsandservicessold": 539400000,
        "otheroperatingincomeexpensenet": 31300000,
        "costsandexpenses": 1791300000,
        "operatingincomeloss": 3347200000,
        "othernonoperatingincomeexpense": 420000000,
        "interestexpense": 14400000,
        "nonoperatingincomeexpense": 405600000,
        "incomelossfromcontinuingoperationsbeforeincometaxesminorityinterestandincomelossfromequitymethodinvestments": 3752800000,
        "incometaxexpensebenefit": 653900000,
        "netincomeloss": 3098900000,
        "earningspersharebasic": 29.51,
        "earningspersharediluted": 27.97,
        "weightedaveragenumberofsharesoutstandingbasic": 105000000,
        "weightedaveragenumberofdilutedsharesoutstanding": 110800000,
        "othercomprehensiveincomeunrealizedholdinggainlossonsecuritiesarisingduringperiodnetoftax": -800000,
        "othercomprehensiveincomelosscashflowhedgegainlossafterreclassificationandtax": 300000,
        "comprehensiveincomenetoftax": 3098400000
    },
    {
        "date": "2021-03-30",
        "symbol": "REGN",
        "period": "Q1",
        "revenuefromcontractwithcustomerexcludingassessedtax": 1724300000,
        "researchanddevelopmentexpense": 742900000,
        "sellinggeneralandadministrativeexpense": 405600000,
        "costofgoodsandservicessold": 183200000,
        "otheroperatingincomeexpensenet": 40500000,
        "costsandexpenses": 1416000000,
        "operatingincomeloss": 1112700000,
        "othernonoperatingincomeexpense": 154900000,
        "interestexpense": 14600000,
        "nonoperatingincomeexpense": 140300000,
        "incomelossfromcontinuingoperationsbeforeincometaxesminorityinterestandincomelossfromequitymethodinvestments": 1253000000,
        "incometaxexpensebenefit": 137800000,
        "netincomeloss": 1115200000,
        "earningspersharebasic": 10.58,
        "earningspersharediluted": 10.09,
        "weightedaveragenumberofsharesoutstandingbasic": 105400000,
        "weightedaveragenumberofdilutedsharesoutstanding": 110500000,
        "othercomprehensiveincomeunrealizedholdinggainlossonsecuritiesarisingduringperiodnetoftax": -13300000,
        "othercomprehensiveincomelosscashflowhedgegainlossafterreclassificationandtax": 200000,
        "comprehensiveincomenetoftax": 1102100000
    },
    {
        "date": "2020-12-30",
        "symbol": "REGN",
        "period": "Q4",
        "revenuefromcontractwithcustomerexcludingassessedtax": 1621800000,
        "researchanddevelopmentexpense": 744500000,
        "sellinggeneralandadministrativeexpense": 303500000,
        "costofgoodsandservicessold": 179600000,
        "otheroperatingincomeexpensenet": 145200000,
        "costsandexpenses": 1255900000,
        "operatingincomeloss": 1167000000,
        "othernonoperatingincomeexpense": 72400000,
        "interestexpense": 14800000,
        "nonoperatingincomeexpense": 57600000,
        "incomelossfromcontinuingoperationsbeforeincometaxesminorityinterestandincomelossfromequitymethodinvestments": 1224600000,
        "incometaxexpensebenefit": 75400000,
        "netincomeloss": 1149200000,
        "earningspersharebasic": 10.799999999999997,
        "earningspersharediluted": 10.1,
        "weightedaveragenumberofsharesoutstandingbasic": -107600000,
        "weightedaveragenumberofdilutedsharesoutstanding": -115600000,
        "othercomprehensiveincomeunrealizedholdinggainlossonsecuritiesarisingduringperiodnetoftax": -1800000,
        "comprehensiveincomenetoftax": 1147700000
    },
    {
        "date": "2020-09-29",
        "symbol": "REGN",
        "period": "Q3",
        "revenuefromcontractwithcustomerexcludingassessedtax": 1482200000,
        "researchanddevelopmentexpense": 684600000,
        "sellinggeneralandadministrativeexpense": 326900000,
        "costofgoodsandservicessold": 131000000,
        "otheroperatingincomeexpensenet": 44600000,
        "costsandexpenses": 1240900000,
        "operatingincomeloss": 1053100000,
        "othernonoperatingincomeexpense": -28500000,
        "interestexpense": 26300000,
        "nonoperatingincomeexpense": -54800000,
        "incomelossfromcontinuingoperationsbeforeincometaxesminorityinterestandincomelossfromequitymethodinvestments": 998300000,
        "incometaxexpensebenefit": 156200000,
        "netincomeloss": 842100000,
        "earningspersharebasic": 7.98,
        "earningspersharediluted": 7.39,
        "weightedaveragenumberofsharesoutstandingbasic": 105500000,
        "weightedaveragenumberofdilutedsharesoutstanding": 113900000,
        "othercomprehensiveincomeunrealizedholdinggainlossonsecuritiesarisingduringperiodnetoftax": -4900000,
        "othercomprehensiveincomelosscashflowhedgegainlossafterreclassificationandtax": 200000,
        "comprehensiveincomenetoftax": 837400000
    },
    {
        "date": "2020-06-29",
        "symbol": "REGN",
        "period": "Q2",
        "revenuefromcontractwithcustomerexcludingassessedtax": 2436000000,
        "researchanddevelopmentexpense": 1297800000,
        "sellinggeneralandadministrativeexpense": 348300000,
        "costofgoodsandservicessold": 154500000,
        "otheroperatingincomeexpensenet": 50200000,
        "costsandexpenses": 1295600000,
        "operatingincomeloss": 656400000,
        "othernonoperatingincomeexpense": 272200000,
        "interestexpense": 9700000,
        "nonoperatingincomeexpense": 262500000,
        "incomelossfromcontinuingoperationsbeforeincometaxesminorityinterestandincomelossfromequitymethodinvestments": 918900000,
        "incometaxexpensebenefit": 21600000,
        "netincomeloss": 897300000,
        "earningspersharebasic": 8.18,
        "earningspersharediluted": 7.6,
        "weightedaveragenumberofsharesoutstandingbasic": -100000,
        "weightedaveragenumberofdilutedsharesoutstanding": 1700000,
        "othercomprehensiveincomeunrealizedholdinggainlossonsecuritiesarisingduringperiodnetoftax": 44600000,
        "othercomprehensiveincomelosscashflowhedgegainlossafterreclassificationandtax": 0,
        "comprehensiveincomenetoftax": 941900000
    },
    {
        "date": "2020-03-30",
        "symbol": "REGN",
        "period": "Q1",
        "revenuefromcontractwithcustomerexcludingassessedtax": 27600000,
        "researchanddevelopmentexpense": 8100000,
        "sellinggeneralandadministrativeexpense": 367300000,
        "costofgoodsandservicessold": 26800000,
        "otheroperatingincomeexpensenet": 40400000,
        "costsandexpenses": 1128100000,
        "operatingincomeloss": 700100000,
        "othernonoperatingincomeexpense": -25400000,
        "interestexpense": 6100000,
        "nonoperatingincomeexpense": -31500000,
        "incomelossfromcontinuingoperationsbeforeincometaxesminorityinterestandincomelossfromequitymethodinvestments": 668600000,
        "incometaxexpensebenefit": 44000000,
        "netincomeloss": 624600000,
        "earningspersharebasic": 5.69,
        "earningspersharediluted": 5.43,
        "weightedaveragenumberofsharesoutstandingbasic": 109800000,
        "weightedaveragenumberofdilutedsharesoutstanding": 115100000,
        "othercomprehensiveincomeunrealizedholdinggainlossonsecuritiesarisingduringperiodnetoftax": -28800000,
        "othercomprehensiveincomelosscashflowhedgegainlossafterreclassificationandtax": -1400000,
        "comprehensiveincomenetoftax": 594400000
    },
    {
        "date": "2019-12-30",
        "symbol": "REGN",
        "period": "Q4",
        "revenuefromcontractwithcustomerexcludingassessedtax": 3518000000,
        "researchanddevelopmentexpense": 1968800000,
        "sellinggeneralandadministrativeexpense": 586800000,
        "costofgoodsandservicessold": 113700000,
        "costsandexpenses": 1493800000,
        "operatingincomeloss": 675700000,
        "othernonoperatingincomeexpense": 220800000,
        "interestexpense": 6700000,
        "nonoperatingincomeexpense": 214100000,
        "incomelossfromcontinuingoperationsbeforeincometaxesminorityinterestandincomelossfromequitymethodinvestments": 889800000,
        "incometaxexpensebenefit": 97800000,
        "netincomeloss": 792000000,
        "earningspersharebasic": 7.259999999999998,
        "earningspersharediluted": 6.9300000000000015,
        "weightedaveragenumberofsharesoutstandingbasic": -218300000,
        "weightedaveragenumberofdilutedsharesoutstanding": -229700000,
        "othercomprehensiveincomeunrealizedholdinggainlossonsecuritiesarisingduringperiodnetoftax": 4400000,
        "comprehensiveincomenetoftax": 796600000
    },
    {
        "date": "2019-09-29",
        "symbol": "REGN",
        "period": "Q3",
        "revenuefromcontractwithcustomerexcludingassessedtax": 57400000,
        "researchanddevelopmentexpense": 10200000,
        "sellinggeneralandadministrativeexpense": 419900000,
        "costofgoodsandservicessold": 110700000,
        "costsandexpenses": 1309900000,
        "operatingincomeloss": 738500000,
        "othernonoperatingincomeexpense": 37800000,
        "interestexpense": 7800000,
        "nonoperatingincomeexpense": 30000000,
        "incomelossfromcontinuingoperationsbeforeincometaxesminorityinterestandincomelossfromequitymethodinvestments": 768500000,
        "incometaxexpensebenefit": 98900000,
        "netincomeloss": 669600000,
        "earningspersharebasic": 6.12,
        "earningspersharediluted": 5.86,
        "weightedaveragenumberofsharesoutstandingbasic": 109400000,
        "weightedaveragenumberofdilutedsharesoutstanding": 114200000,
        "othercomprehensiveincomeunrealizedholdinggainlossonsecuritiesarisingduringperiodnetoftax": 1000000,
        "othercomprehensiveincomelosscashflowhedgegainlossafterreclassificationandtax": -300000,
        "comprehensiveincomenetoftax": 670300000
    },
    {
        "date": "2019-06-29",
        "symbol": "REGN",
        "period": "Q2",
        "revenuefromcontractwithcustomerexcludingassessedtax": 1205300000,
        "researchanddevelopmentexpense": 1048300000,
        "sellinggeneralandadministrativeexpense": 417300000,
        "costofgoodsandservicessold": 67000000,
        "costsandexpenses": 1618100000,
        "operatingincomeloss": 315600000,
        "othernonoperatingincomeexpense": -82900000,
        "interestexpense": 8000000,
        "nonoperatingincomeexpense": -90900000,
        "incomelossfromcontinuingoperationsbeforeincometaxesminorityinterestandincomelossfromequitymethodinvestments": 224700000,
        "incometaxexpensebenefit": 31600000,
        "netincomeloss": 193100000,
        "earningspersharebasic": 1.77,
        "earningspersharediluted": 1.68,
        "weightedaveragenumberofsharesoutstandingbasic": 109200000,
        "weightedaveragenumberofdilutedsharesoutstanding": 114600000,
        "othercomprehensiveincomeunrealizedholdinggainlossonsecuritiesarisingduringperiodnetoftax": 14400000,
        "othercomprehensiveincomelosscashflowhedgegainlossafterreclassificationandtax": -1400000,
        "comprehensiveincomenetoftax": 206100000
    },
    {
        "date": "2019-03-30",
        "symbol": "REGN",
        "period": "Q1",
        "revenuefromcontractwithcustomerexcludingassessedtax": 53700000,
        "researchanddevelopmentexpense": 9300000,
        "sellinggeneralandadministrativeexpense": 410800000,
        "costofgoodsandservicessold": 70900000,
        "costsandexpenses": 1231800000,
        "operatingincomeloss": 480000000,
        "othernonoperatingincomeexpense": 73800000,
        "interestexpense": 7700000,
        "nonoperatingincomeexpense": 66100000,
        "incomelossfromcontinuingoperationsbeforeincometaxesminorityinterestandincomelossfromequitymethodinvestments": 546100000,
        "incometaxexpensebenefit": 85000000,
        "netincomeloss": 461100000,
        "earningspersharebasic": 4.23,
        "earningspersharediluted": 3.99,
        "weightedaveragenumberofsharesoutstandingbasic": 108900000,
        "weightedaveragenumberofdilutedsharesoutstanding": 115500000,
        "othercomprehensiveincomeunrealizedholdinggainlossonsecuritiesarisingduringperiodnetoftax": 16100000,
        "othercomprehensiveincomeunrealizedgainlossonderivativesarisingduringperiodnetoftax": -1000000,
        "comprehensiveincomenetoftax": 476200000
    },
    {
        "date": "2018-12-30",
        "symbol": "REGN",
        "period": "Q4",
        "researchanddevelopmentexpense": 10500000,
        "sellinggeneralandadministrativeexpense": 491314000,
        "costsandexpenses": 1209739000,
        "operatingincomeloss": 1117545000,
        "othernonoperatingincomeexpense": -34542000,
        "interestexpense": 7349000,
        "nonoperatingincomeexpense": -41891000,
        "incomelossfromcontinuingoperationsbeforeincometaxesminorityinterestandincomelossfromequitymethodinvestments": 1093821000,
        "incometaxexpensebenefit": -72928000,
        "netincomeloss": 1307549000,
        "earningspersharebasic": 7.589999999999997,
        "earningspersharediluted": 7.139999999999997,
        "weightedaveragenumberofsharesoutstandingbasic": -215581000,
        "weightedaveragenumberofdilutedsharesoutstanding": -229671000,
        "othercomprehensiveincomeunrealizedholdinggainlossonsecuritiesarisingduringperiodnetoftax": -46000,
        "othercomprehensiveincomeunrealizedgainlossonderivativesarisingduringperiodnetoftax": -1688000,
        "comprehensiveincomenetoftax": 818619000
    },
    {
        "date": "2018-09-29",
        "symbol": "REGN",
        "period": "Q3",
        "revenuefromcontractwithcustomerexcludingassessedtax": 1700242000,
        "researchanddevelopmentexpense": 13400000,
        "sellinggeneralandadministrativeexpense": 369232000,
        "costofgoodsandservicessold": 30817000,
        "costsandexpenses": 1036573000,
        "operatingincomeloss": 681187000,
        "othernonoperatingincomeexpense": 16432000,
        "interestexpense": 7494000,
        "nonoperatingincomeexpense": 8938000,
        "incomelossfromcontinuingoperationsbeforeincometaxesminorityinterestandincomelossfromequitymethodinvestments": 690125000,
        "incometaxexpensebenefit": 43869000,
        "netincomeloss": 646256000,
        "earningspersharebasic": 5.5,
        "earningspersharediluted": 5.17,
        "weightedaveragenumberofsharesoutstandingbasic": 108033000,
        "weightedaveragenumberofdilutedsharesoutstanding": 115088000,
        "othercomprehensiveincomeunrealizedholdinggainlossonsecuritiesarisingduringperiodnetoftax": 752000,
        "othercomprehensiveincomeunrealizedgainlossonderivativesarisingduringperiodnetoftax": 341000,
        "comprehensiveincomenetoftax": 595748000
    },
    {
        "date": "2018-06-29",
        "symbol": "REGN",
        "period": "Q2",
        "revenuefromcontractwithcustomerexcludingassessedtax": 1569219000,
        "researchanddevelopmentexpense": 9900000,
        "sellinggeneralandadministrativeexpense": 364884000,
        "costofgoodsandservicessold": 35950000,
        "costsandexpenses": 985834000,
        "operatingincomeloss": 583385000,
        "othernonoperatingincomeexpense": 40804000,
        "interestexpense": 6918000,
        "nonoperatingincomeexpense": 33886000,
        "incomelossfromcontinuingoperationsbeforeincometaxesminorityinterestandincomelossfromequitymethodinvestments": 617271000,
        "incometaxexpensebenefit": 102748000,
        "netincomeloss": 514523000,
        "earningspersharebasic": 5.12,
        "earningspersharediluted": 4.82,
        "weightedaveragenumberofsharesoutstandingbasic": 107800000,
        "weightedaveragenumberofdilutedsharesoutstanding": 114477000,
        "othercomprehensiveincomeunrealizedholdinggainlossonsecuritiesarisingduringperiodnetoftax": 3374000,
        "othercomprehensiveincomeunrealizedgainlossonderivativesarisingduringperiodnetoftax": 608000,
        "comprehensiveincomenetoftax": 555394000
    },
    {
        "date": "2018-03-30",
        "symbol": "REGN",
        "period": "Q1",
        "salesrevenuegoodsnet": 984049000,
        "revenuefromrelatedparties": -8407000,
        "othercollaborationrevenue": 247388000,
        "othersalesrevenuenet": -17310000,
        "revenues": -25717000,
        "researchanddevelopmentexpense": 13900000,
        "sellinggeneralandadministrativeexpense": 330770000,
        "costofgoodssold": 69243000,
        "costofmanufacturing": 45655000,
        "costsandexpenses": 944254000,
        "operatingincomeloss": -25717000,
        "othernonoperatingincomeexpense": 24606000,
        "interestexpense": 6439000,
        "nonoperatingincomeexpense": 18167000,
        "incomelossfromcontinuingoperationsbeforeincometaxesminorityinterestandincomelossfromequitymethodinvestments": -25717000,
        "incometaxexpensebenefit": -1789000,
        "netincomeloss": -23928000,
        "earningspersharebasic": 4.44,
        "earningspersharediluted": 4.16,
        "weightedaveragenumberofsharesoutstandingbasic": 107648000,
        "weightedaveragenumberofdilutedsharesoutstanding": 114906000,
        "othercomprehensiveincomeunrealizedholdinggainlossonsecuritiesarisingduringperiodnetoftax": -11080000,
        "othercomprehensiveincomeunrealizedgainlossonderivativesarisingduringperiodnetoftax": 1439000,
        "comprehensiveincomenetoftax": 468339000
    },
    {
        "date": "2017-12-30",
        "symbol": "REGN",
        "period": "Q4",
        "salesrevenuegoodsnet": 974772000,
        "revenuefromrelatedparties": 73232000,
        "othercollaborationrevenue": 643913000,
        "othersalesrevenuenet": 107073000,
        "revenues": 4445336000,
        "researchanddevelopmentexpense": 23600000,
        "sellinggeneralandadministrativeexpense": 409913000,
        "costofgoodssold": 52733000,
        "costofmanufacturing": 53007000,
        "costsandexpenses": 1043636000,
        "operatingincomeloss": 538811000,
        "othernonoperatingincomeexpense": 21991000,
        "interestincomeexpensenonoperatingnet": -6035000,
        "nonoperatingincomeexpense": 15956000,
        "incomelossfromcontinuingoperationsbeforeincometaxesminorityinterestandincomelossfromequitymethodinvestments": -1409992000,
        "incometaxexpensebenefit": 381248000,
        "netincomeloss": 173519000,
        "earningspersharebasic": 1.609999999999999,
        "earningspersharediluted": 1.5199999999999996,
        "weightedaveragenumberofsharesoutstandingbasic": -211974000,
        "weightedaveragenumberofdilutedsharesoutstanding": -232317000,
        "othercomprehensiveincomeunrealizedholdinggainlossonsecuritiesarisingduringperiodnetoftax": -23930000,
        "comprehensiveincomenetoftax": 150324000
    },
    {
        "date": "2017-09-29",
        "symbol": "REGN",
        "period": "Q3",
        "salesrevenuegoodsnet": 953279000,
        "revenuefromrelatedparties": 82764000,
        "othercollaborationrevenue": 227134000,
        "othersalesrevenuenet": 61506000,
        "revenues": 40200000,
        "researchanddevelopmentexpense": 22600000,
        "sellinggeneralandadministrativeexpense": 306766000,
        "costofgoodssold": 46388000,
        "costofmanufacturing": 57844000,
        "costsandexpenses": 940747000,
        "operatingincomeloss": 559926000,
        "othernonoperatingincomeexpense": 11861000,
        "interestincomeexpensenonoperatingnet": -6182000,
        "nonoperatingincomeexpense": 5679000,
        "incomelossfromcontinuingoperationsbeforeincometaxesminorityinterestandincomelossfromequitymethodinvestments": 565605000,
        "incometaxexpensebenefit": 177288000,
        "netincomeloss": 388317000,
        "earningspersharebasic": 3.64,
        "earningspersharediluted": 3.32,
        "weightedaveragenumberofsharesoutstandingbasic": 106706000,
        "weightedaveragenumberofdilutedsharesoutstanding": 117028000,
        "othercomprehensiveincomeunrealizedholdinggainlossonsecuritiesarisingduringperiodnetoftax": 21485000,
        "othercomprehensiveincomeunrealizedgainlossonderivativesarisingduringperiodnetoftax": 2000,
        "comprehensiveincomenetoftax": 409804000
    },
    {
        "date": "2017-06-29",
        "symbol": "REGN",
        "period": "Q2",
        "salesrevenuegoodsnet": 919466000,
        "revenuefromrelatedparties": 88829000,
        "othercollaborationrevenue": 1340000,
        "othersalesrevenuenet": 113500000,
        "revenues": 67700000,
        "researchanddevelopmentexpense": 20600000,
        "sellinggeneralandadministrativeexpense": 306908000,
        "costofgoodssold": 42133000,
        "costofmanufacturing": 60788000,
        "costsandexpenses": 919804000,
        "operatingincomeloss": 550312000,
        "othernonoperatingincomeexpense": -19061000,
        "interestincomeexpensenonoperatingnet": -5401000,
        "nonoperatingincomeexpense": -24462000,
        "incomelossfromcontinuingoperationsbeforeincometaxesminorityinterestandincomelossfromequitymethodinvestments": 525850000,
        "incometaxexpensebenefit": 138106000,
        "netincomeloss": 387744000,
        "earningspersharebasic": 3.66,
        "earningspersharediluted": 3.34,
        "weightedaveragenumberofsharesoutstandingbasic": 106034000,
        "weightedaveragenumberofdilutedsharesoutstanding": 116137000,
        "othercomprehensiveincomeunrealizedholdinggainlossonsecuritiesarisingduringperiodnetoftax": 8204000,
        "othercomprehensiveincomeunrealizedgainlossonderivativesarisingduringperiodnetoftax": 28000,
        "comprehensiveincomenetoftax": 395976000
    },
    {
        "date": "2017-03-30",
        "symbol": "REGN",
        "period": "Q1",
        "salesrevenuegoodsnet": 854400000,
        "revenuefromrelatedparties": 78679000,
        "othercollaborationrevenue": 1870000,
        "othersalesrevenuenet": 56440000,
        "revenues": 1318991000,
        "researchanddevelopmentexpense": 25000000,
        "sellinggeneralandadministrativeexpense": 296846000,
        "costofgoodssold": 61253000,
        "costofmanufacturing": 22915000,
        "costsandexpenses": 888449000,
        "operatingincomeloss": 430542000,
        "othernonoperatingincomeexpense": 9248000,
        "interestincomeexpensenonoperatingnet": -7501000,
        "nonoperatingincomeexpense": 1747000,
        "incomelossfromcontinuingoperationsbeforeincometaxesminorityinterestandincomelossfromequitymethodinvestments": 432289000,
        "incometaxexpensebenefit": 183358000,
        "netincomeloss": 248931000,
        "earningspersharebasic": 2.36,
        "earningspersharediluted": 2.16,
        "weightedaveragenumberofsharesoutstandingbasic": 105572000,
        "weightedaveragenumberofdilutedsharesoutstanding": 115106000,
        "othercomprehensiveincomeunrealizedholdinggainlossonsecuritiesarisingduringperiodnetoftax": 6956000,
        "comprehensiveincomenetoftax": 255887000
    },
    {
        "date": "2016-12-30",
        "symbol": "REGN",
        "period": "Q4",
        "salesrevenuegoodsnet": 857700000,
        "revenuefromrelatedparties": -109773000,
        "othercollaborationrevenue": 3461000,
        "othersalesrevenuenet": -41245000,
        "revenues": 1226827000,
        "researchanddevelopmentexpense": -420012000,
        "sellinggeneralandadministrativeexpense": 325937000,
        "costofgoodssold": 44534000,
        "costofmanufacturing": 30147000,
        "costsandexpenses": 879824000,
        "operatingincomeloss": 347003000,
        "nonoperatingincomeexpense": -5476000,
        "incomelossfromcontinuingoperationsbeforeincometaxesminorityinterestandincomelossfromequitymethodinvestments": -1309432000,
        "incometaxexpensebenefit": 172140000,
        "netincomeloss": 268764000,
        "earningspersharebasic": 2.5500000000000016,
        "earningspersharediluted": 2.29,
        "weightedaveragenumberofsharesoutstandingbasic": -209037000,
        "weightedaveragenumberofdilutedsharesoutstanding": -230558000,
        "othercomprehensiveincomeunrealizedholdinggainlossonsecuritiesarisingduringperiodnetoftax": -9941000,
        "comprehensiveincomenetoftax": 258823000
    },
    {
        "date": "2016-09-29",
        "symbol": "REGN",
        "period": "Q3",
        "salesrevenuegoodsnet": 853600000,
        "revenuefromrelatedparties": 56226000,
        "othercollaborationrevenue": 6515000,
        "othersalesrevenuenet": 26964000,
        "revenues": 1220122000,
        "researchanddevelopmentexpense": 27900000,
        "sellinggeneralandadministrativeexpense": 270045000,
        "costofgoodssold": 29901000,
        "costofmanufacturing": 14327000,
        "costsandexpenses": 857320000,
        "operatingincomeloss": 362802000,
        "investmentincomenonoperating": 3301000,
        "otherexpenses": 222000,
        "nonoperatingincomeexpense": 3079000,
        "incomelossfromcontinuingoperationsbeforeincometaxesminorityinterestandincomelossfromequitymethodinvestments": 365881000,
        "incometaxexpensebenefit": 1700000,
        "netincomeloss": 264804000,
        "earningspersharebasic": 2.53,
        "earningspersharediluted": 2.27,
        "weightedaveragenumberofsharesoutstandingbasic": 104833000,
        "weightedaveragenumberofdilutedsharesoutstanding": 116466000,
        "othercomprehensiveincomeunrealizedholdinggainlossonsecuritiesarisingduringperiodnetoftax": -8103000,
        "comprehensiveincomenetoftax": 256701000
    },
    {
        "date": "2016-06-29",
        "symbol": "REGN",
        "period": "Q2",
        "salesrevenuegoodsnet": 830900000,
        "revenuefromrelatedparties": 52350000,
        "othercollaborationrevenue": 5369000,
        "othersalesrevenuenet": 23100000,
        "revenues": 1212629000,
        "researchanddevelopmentexpense": 30600000,
        "sellinggeneralandadministrativeexpense": 292038000,
        "costofgoodssold": 41247000,
        "costofmanufacturing": 27786000,
        "costsandexpenses": 921001000,
        "operatingincomeloss": 291628000,
        "investmentincomenonoperating": 2801000,
        "otherexpenses": 2173000,
        "nonoperatingincomeexpense": 628000,
        "incomelossfromcontinuingoperationsbeforeincometaxesminorityinterestandincomelossfromequitymethodinvestments": 292256000,
        "incometaxexpensebenefit": 96038000,
        "netincomeloss": 196218000,
        "earningspersharebasic": 1.88,
        "earningspersharediluted": 1.69,
        "weightedaveragenumberofsharesoutstandingbasic": 104633000,
        "weightedaveragenumberofdilutedsharesoutstanding": 116231000,
        "othercomprehensiveincomeunrealizedholdinggainlossonsecuritiesarisingduringperiodnetoftax": 840000,
        "comprehensiveincomenetoftax": 197058000
    },
    {
        "date": "2016-03-30",
        "symbol": "REGN",
        "period": "Q1",
        "salesrevenuegoodsnet": 780900000,
        "revenuefromrelatedparties": 219694000,
        "othercollaborationrevenue": 4522000,
        "othersalesrevenuenet": 17381000,
        "revenues": 1200849000,
        "researchanddevelopmentexpense": 470112000,
        "sellinggeneralandadministrativeexpense": 289677000,
        "costofgoodssold": 78942000,
        "costofmanufacturing": 32810000,
        "costsandexpenses": 871541000,
        "operatingincomeloss": 329308000,
        "investmentincomenonoperating": 2249000,
        "otherexpenses": 1406000,
        "nonoperatingincomeexpense": 843000,
        "incomelossfromcontinuingoperationsbeforeincometaxesminorityinterestandincomelossfromequitymethodinvestments": 330151000,
        "incometaxexpensebenefit": 164415000,
        "netincomeloss": 165736000,
        "earningspersharebasic": 1.59,
        "earningspersharediluted": 1.45,
        "weightedaveragenumberofsharesoutstandingbasic": 104290000,
        "weightedaveragenumberofdilutedsharesoutstanding": 114228000,
        "othercomprehensiveincomeunrealizedholdinggainlossonsecuritiesarisingduringperiodnetoftax": -4208000,
        "comprehensiveincomenetoftax": 161528000
    },
    {
        "date": "2015-12-30",
        "symbol": "REGN",
        "period": "Q4",
        "salesrevenuegoodsnet": 745900000,
        "revenuefromrelatedparties": -311167000,
        "othercollaborationrevenue": 3989000,
        "licensesrevenue": -8400000,
        "revenues": 1098077000,
        "researchanddevelopmentexpense": 20000000,
        "sellinggeneralandadministrativeexpense": 294954000,
        "costofgoodssold": 71078000,
        "costofmanufacturing": 39753000,
        "costsandexpenses": 866995000,
        "operatingincomeloss": 231082000,
        "interestexpense": 3609000,
        "gainslossesonextinguishmentofdebt": -1934000,
        "nonoperatingincomeexpense": -3793000,
        "incomelossfromcontinuingoperationsbeforeincometaxesminorityinterestandincomelossfromequitymethodinvestments": -1437798000,
        "incometaxexpensebenefit": 72295000,
        "netincomeloss": 154994000,
        "earningspersharebasic": 1.5000000000000002,
        "earningspersharediluted": 1.3499999999999992,
        "weightedaveragenumberofsharesoutstandingbasic": -205400000,
        "weightedaveragenumberofdilutedsharesoutstanding": -230492000,
        "othercomprehensiveincomeunrealizedholdinggainlossonsecuritiesarisingduringperiodnetoftax": 851000,
        "comprehensiveincomenetoftax": 155845000
    },
    {
        "date": "2015-09-29",
        "symbol": "REGN",
        "period": "Q3",
        "salesrevenuegoodsnet": 734400000,
        "revenuefromrelatedparties": 38584000,
        "othercollaborationrevenue": 4104000,
        "licensesrevenue": 9000000,
        "revenues": 1137422000,
        "researchanddevelopmentexpense": 25100000,
        "sellinggeneralandadministrativeexpense": 209993000,
        "costofgoodssold": 67199000,
        "costofmanufacturing": 41884000,
        "costsandexpenses": 745000000,
        "operatingincomeloss": 392422000,
        "othernonoperatingincome": 2603000,
        "interestexpense": 1715000,
        "gainslossesonextinguishmentofdebt": -21000,
        "nonoperatingincomeexpense": 867000,
        "incomelossfromcontinuingoperationsbeforeincometaxesminorityinterestandincomelossfromequitymethodinvestments": 393289000,
        "incometaxexpensebenefit": 182891000,
        "netincomeloss": 210398000,
        "earningspersharebasic": 2.04,
        "earningspersharediluted": 1.82,
        "weightedaveragenumberofsharesoutstandingbasic": 103348000,
        "weightedaveragenumberofdilutedsharesoutstanding": 115944000,
        "othercomprehensiveincomeunrealizedholdinggainlossonsecuritiesarisingduringperiodnetoftax": -11432000,
        "comprehensiveincomenetoftax": 198966000
    },
    {
        "date": "2015-06-29",
        "symbol": "REGN",
        "period": "Q2",
        "salesrevenuegoodsnet": 654600000,
        "revenuefromrelatedparties": 195110000,
        "othercollaborationrevenue": 8524000,
        "licensesrevenue": 3200000,
        "revenues": 998617000,
        "researchanddevelopmentexpense": 22500000,
        "sellinggeneralandadministrativeexpense": 174588000,
        "costofgoodssold": 60855000,
        "costofmanufacturing": 27985000,
        "costsandexpenses": 653758000,
        "operatingincomeloss": 344859000,
        "othernonoperatingincome": 1849000,
        "interestexpense": 2748000,
        "gainslossesonextinguishmentofdebt": -15964000,
        "nonoperatingincomeexpense": -16863000,
        "incomelossfromcontinuingoperationsbeforeincometaxesminorityinterestandincomelossfromequitymethodinvestments": 327996000,
        "incometaxexpensebenefit": 133353000,
        "netincomeloss": 194643000,
        "earningspersharebasic": 1.89,
        "earningspersharediluted": 1.69,
        "weightedaveragenumberofsharesoutstandingbasic": 102886000,
        "weightedaveragenumberofdilutedsharesoutstanding": 115259000,
        "othercomprehensiveincomeunrealizedholdinggainlossonsecuritiesarisingduringperiodnetoftax": -28751000,
        "comprehensiveincomenetoftax": 165892000
    },
    {
        "date": "2015-03-30",
        "symbol": "REGN",
        "period": "Q1",
        "salesrevenuegoodsnet": 541100000,
        "revenuefromrelatedparties": 157434000,
        "othercollaborationrevenue": 3851000,
        "licensesrevenue": 19800000,
        "revenues": 869612000,
        "researchanddevelopmentexpense": 25000000,
        "sellinggeneralandadministrativeexpense": 158991000,
        "costofgoodssold": 42570000,
        "costofmanufacturing": 41385000,
        "costsandexpenses": 586059000,
        "operatingincomeloss": 283553000,
        "othernonoperatingincome": 81000,
        "interestexpense": 6169000,
        "gainslossesonextinguishmentofdebt": -942000,
        "nonoperatingincomeexpense": -7030000,
        "incomelossfromcontinuingoperationsbeforeincometaxesminorityinterestandincomelossfromequitymethodinvestments": 276523000,
        "incometaxexpensebenefit": 200502000,
        "netincomeloss": 76021000,
        "earningspersharebasic": 0.74,
        "earningspersharediluted": 0.66,
        "weightedaveragenumberofsharesoutstandingbasic": 102227000,
        "weightedaveragenumberofdilutedsharesoutstanding": 114519000,
        "othercomprehensiveincomeunrealizedholdinggainlossonsecuritiesarisingduringperiodnetoftax": -4347000,
        "comprehensiveincomenetoftax": 71674000
    },
    {
        "date": "2014-12-30",
        "symbol": "REGN",
        "period": "Q4",
        "salesrevenuegoodsnet": 1726000000,
        "revenuefromrelatedparties": 532910000,
        "othercollaborationrevenue": -335536000,
        "licensesrevenue": 104000,
        "revenues": 802329000,
        "researchanddevelopmentexpense": 28400000,
        "sellinggeneralandadministrativeexpense": 143743000,
        "costofgoodssold": 37957000,
        "costofmanufacturing": 21517000,
        "costsandexpenses": 554962000,
        "operatingincomeloss": 247367000,
        "interestexpense": 6350000,
        "nonoperatingincomeexpense": -26080000,
        "incomelossfromcontinuingoperationsbeforeincometaxesminorityinterestandincomelossfromequitymethodinvestments": -894671000,
        "incometaxexpensebenefit": 111111000,
        "netincomeloss": 110176000,
        "earningspersharebasic": 1.0899999999999999,
        "earningspersharediluted": 0.9699999999999999,
        "weightedaveragenumberofsharesoutstandingbasic": 287000,
        "weightedaveragenumberofdilutedsharesoutstanding": 210000,
        "othercomprehensiveincomeunrealizedholdinggainlossonsecuritiesarisingduringperiodnetoftax": 25356000,
        "comprehensiveincomenetoftax": 135532000
    },
    {
        "date": "2014-09-29",
        "symbol": "REGN",
        "period": "Q3",
        "salesrevenuegoodsnet": -407800000,
        "revenuefromrelatedparties": -129385000,
        "othercollaborationrevenue": 132490000,
        "licensesrevenue": 8166000,
        "revenues": 725788000,
        "researchanddevelopmentexpense": 28400000,
        "sellinggeneralandadministrativeexpense": 149748000,
        "costofgoodssold": 33655000,
        "costofmanufacturing": 21938000,
        "costsandexpenses": 543069000,
        "operatingincomeloss": 182719000,
        "interestexpense": 9232000,
        "nonoperatingincomeexpense": -6641000,
        "incomelossfromcontinuingoperationsbeforeincometaxesminorityinterestandincomelossfromequitymethodinvestments": 176078000,
        "incometaxexpensebenefit": 96358000,
        "netincomeloss": 79720000,
        "earningspersharebasic": 0.7900000000000001,
        "earningspersharediluted": 0.7000000000000003,
        "weightedaveragenumberofsharesoutstandingbasic": -98775000,
        "weightedaveragenumberofdilutedsharesoutstanding": -111980000,
        "othercomprehensiveincomeunrealizedholdinggainlossonsecuritiesarisingduringperiodnetoftax": 22632000,
        "comprehensiveincomenetoftax": 102352000
    },
    {
        "date": "2014-06-29",
        "symbol": "REGN",
        "period": "Q2",
        "salesrevenuegoodsnet": 414800000,
        "revenuefromrelatedparties": 2130000,
        "othercollaborationrevenue": 94088000,
        "licensesrevenue": 7788000,
        "revenues": 665700000,
        "researchanddevelopmentexpense": 29100000,
        "sellinggeneralandadministrativeexpense": 102414000,
        "costofgoodssold": 29945000,
        "costofmanufacturing": 16434000,
        "costsandexpenses": 443294000,
        "operatingincomeloss": 222406000,
        "investmentincomenonoperating": 1677000,
        "interestexpense": 10177000,
        "gainslossesonextinguishmentofdebt": -10787000,
        "nonoperatingincomeexpense": -19287000,
        "incomelossfromcontinuingoperationsbeforeincometaxesminorityinterestandincomelossfromequitymethodinvestments": 203119000,
        "incometaxexpensebenefit": 110384000,
        "netincomeloss": 92735000,
        "earningspersharebasic": 0.92,
        "earningspersharediluted": 0.82,
        "weightedaveragenumberofsharesoutstandingbasic": 100391000,
        "weightedaveragenumberofdilutedsharesoutstanding": 113032000,
        "othercomprehensiveincomeunrealizedholdinggainlossonsecuritiesarisingduringperiodnetoftax": 2798000,
        "comprehensiveincomenetoftax": 95533000
    },
    {
        "date": "2014-03-30",
        "symbol": "REGN",
        "period": "Q1",
        "salesrevenuegoodsnet": 3400000,
        "revenuefromrelatedparties": 130451000,
        "othercollaborationrevenue": 122438000,
        "licensesrevenue": 7542000,
        "revenues": 625740000,
        "researchanddevelopmentexpense": 23800000,
        "sellinggeneralandadministrativeexpense": 108850000,
        "costofgoodssold": 27473000,
        "costofmanufacturing": 16099000,
        "costsandexpenses": 439801000,
        "operatingincomeloss": 185939000,
        "investmentincomenonoperating": 937000,
        "interestexpense": 11613000,
        "nonoperatingincomeexpense": -10676000,
        "incomelossfromcontinuingoperationsbeforeincometaxesminorityinterestandincomelossfromequitymethodinvestments": 175263000,
        "incometaxexpensebenefit": 109820000,
        "netincomeloss": 65443000,
        "earningspersharebasic": 0.66,
        "earningspersharediluted": 0.58,
        "weightedaveragenumberofsharesoutstandingbasic": 98709000,
        "weightedaveragenumberofdilutedsharesoutstanding": 112151000,
        "othercomprehensiveincomeunrealizedholdinggainlossonsecuritiesarisingduringperiodnetoftax": 2653000,
        "comprehensiveincomenetoftax": 68096000
    },
    {
        "date": "2013-12-30",
        "symbol": "REGN",
        "period": "Q4",
        "salesrevenuegoodsnet": 1070100000,
        "revenuefromrelatedparties": -111973000,
        "othercollaborationrevenue": 85695000,
        "licensesrevenue": 5921000,
        "revenues": 610412000,
        "researchanddevelopmentexpense": 268140000,
        "sellinggeneralandadministrativeexpense": 82085000,
        "costofgoodssold": 33457000,
        "costsandexpenses": 398339000,
        "operatingincomeloss": 212073000,
        "investmentincomenonoperating": -2259000,
        "interestexpense": 11661000,
        "nonoperatingincomeexpense": -13920000,
        "incomelossfromcontinuingoperationsbeforeincometaxesminorityinterestandincomelossfromequitymethodinvestments": 198153000,
        "incometaxexpensebenefit": 101347000,
        "netincomeloss": 96806000,
        "earningspersharebasic": 0.98,
        "earningspersharediluted": 0.87,
        "weightedaveragenumberofsharesoutstandingbasic": -194887000,
        "weightedaveragenumberofdilutedsharesoutstanding": -225852000,
        "othercomprehensiveincomeunrealizedholdinggainlossonsecuritiesarisingduringperiodnetoftax": 1663000,
        "comprehensiveincomenetoftax": 98469000
    },
    {
        "date": "2013-09-29",
        "symbol": "REGN",
        "period": "Q3",
        "salesrevenuegoodsnet": 4000000,
        "revenuefromrelatedparties": -2634000,
        "othercollaborationrevenue": 88583000,
        "licensesrevenue": 5893000,
        "royaltyrevenue": 1074000,
        "revenues": 597027000,
        "researchanddevelopmentexpense": 224045000,
        "sellinggeneralandadministrativeexpense": 97607000,
        "costofgoodssold": 28253000,
        "costofcollaborationmanufacturing1": 10320000,
        "costsandexpenses": 360225000,
        "operatingincomeloss": 236802000,
        "investmentincomenonoperating": 618000,
        "interestexpense": 11736000,
        "nonoperatingincomeexpense": -11118000,
        "incomelossfromcontinuingoperationsbeforeincometaxesminorityinterestandincomelossfromequitymethodinvestments": 225684000,
        "incometaxexpensebenefit": 84378000,
        "netincomeloss": 141306000,
        "earningspersharebasic": 1.44,
        "earningspersharediluted": 1.25,
        "weightedaveragenumberofsharesoutstandingbasic": 98226000,
        "weightedaveragenumberofdilutedsharesoutstanding": 116713000,
        "othercomprehensiveincomeunrealizedholdinggainlossonsecuritiesarisingduringperiodnetoftax": 578000,
        "comprehensiveincomenetoftax": 141884000
    },
    {
        "date": "2013-06-29",
        "symbol": "REGN",
        "period": "Q2",
        "salesrevenuegoodsnet": 329800000,
        "revenuefromrelatedparties": -3997000,
        "othercollaborationrevenue": 31104000,
        "licensesrevenue": 5893000,
        "royaltyrevenue": 1223000,
        "revenues": 457642000,
        "researchanddevelopmentexpense": 187463000,
        "sellinggeneralandadministrativeexpense": 72463000,
        "costofgoodssold": 27283000,
        "costofcollaborationmanufacturing": 12330000,
        "costsandexpenses": 299539000,
        "operatingincomeloss": 158103000,
        "investmentincomenonoperating": 954000,
        "interestexpense": 11365000,
        "nonoperatingincomeexpense": -10411000,
        "incomelossfromcontinuingoperationsbeforeincometaxesminorityinterestandincomelossfromequitymethodinvestments": 147692000,
        "incometaxexpensebenefit": 60316000,
        "netincomeloss": 87376000,
        "earningspersharebasic": 0.89,
        "earningspersharediluted": 0.79,
        "weightedaveragenumberofsharesoutstandingbasic": 97700000,
        "weightedaveragenumberofdilutedsharesoutstanding": 111060000,
        "othercomprehensiveincomeunrealizedholdinggainlossonsecuritiesarisingduringperiodnetoftax": -1785000,
        "comprehensiveincomenetoftax": 85591000
    },
    {
        "date": "2013-03-30",
        "symbol": "REGN",
        "period": "Q1",
        "salesrevenuegoodsnet": 4800000,
        "revenuefromrelatedparties": 103115000,
        "othercollaborationrevenue": 14907000,
        "licensesrevenue": 5893000,
        "royaltyrevenue": 851000,
        "revenues": 439664000,
        "researchanddevelopmentexpense": 180299000,
        "sellinggeneralandadministrativeexpense": 77260000,
        "costofgoodssold": 29055000,
        "costsandexpenses": 286614000,
        "operatingincomeloss": 153050000,
        "investmentincomenonoperating": 456000,
        "interestexpense": 11675000,
        "nonoperatingincomeexpense": -11219000,
        "incomelossfromcontinuingoperationsbeforeincometaxesminorityinterestandincomelossfromequitymethodinvestments": 141831000,
        "incometaxexpensebenefit": 42957000,
        "netincomeloss": 98874000,
        "earningspersharebasic": 1.02,
        "earningspersharediluted": 0.9,
        "weightedaveragenumberofsharesoutstandingbasic": 96878000,
        "weightedaveragenumberofdilutedsharesoutstanding": 109369000,
        "othercomprehensiveincomeunrealizedholdinggainlossonsecuritiesarisingduringperiodnetoftax": -478000,
        "comprehensiveincomenetoftax": 98396000
    },
    {
        "date": "2012-12-30",
        "symbol": "REGN",
        "period": "Q4",
        "salesrevenuegoodsnet": 823200000,
        "othercollaborationrevenue": 21791000,
        "licensesrevenue": 5921000,
        "contractsrevenue": 669000,
        "revenues": 414602000,
        "researchanddevelopmentexpense": 181024000,
        "sellinggeneralandadministrativeexpense": 57739000,
        "costofgoodssold": 30169000,
        "costsandexpenses": 268932000,
        "operatingincomeloss": 145670000,
        "investmentincomenonoperating": 384000,
        "interestexpense": 11495000,
        "nonoperatingincomeexpense": -11111000,
        "incomelossfromcontinuingoperationsbeforeincometaxesminorityinterestandincomelossfromequitymethodinvestments": 134559000,
        "netincomeloss": 470407000,
        "earningspersharebasic": 4.97,
        "earningspersharediluted": 4.22,
        "weightedaveragenumberofsharesoutstandingbasic": -188362000,
        "weightedaveragenumberofdilutedsharesoutstanding": -218349000,
        "othercomprehensiveincomeunrealizedholdinggainlossonsecuritiesarisingduringperiodnetoftax": 738000,
        "comprehensiveincomenetoftax": 471145000
    },
    {
        "date": "2012-09-29",
        "symbol": "REGN",
        "period": "Q3",
        "salesrevenuegoodsnet": 4800000,
        "relatedpartytransactionrevenuesfromtransactionswithrelatedparty": 145042000,
        "othercollaborationrevenue": 26701000,
        "licensesrevenue": 5893000,
        "contractsrevenue": 879000,
        "revenues": 427687000,
        "researchanddevelopmentexpense": 158295000,
        "sellinggeneralandadministrativeexpense": 46883000,
        "costofgoodssold": 20145000,
        "costsandexpenses": 225323000,
        "operatingincomeloss": 202364000,
        "investmentincomenonoperating": 517000,
        "interestexpense": 11413000,
        "nonoperatingincomeexpense": -10896000,
        "incomelossfromcontinuingoperationsbeforeincometaxesminorityinterestandincomelossfromequitymethodinvestments": 191468000,
        "netincomeloss": 191468000,
        "earningspersharebasic": 2.02,
        "earningspersharediluted": 1.72,
        "weightedaveragenumberofsharesoutstandingbasic": 95012000,
        "weightedaveragenumberofdilutedsharesoutstanding": 115830000,
        "othercomprehensiveincomeunrealizedholdinggainlossonsecuritiesarisingduringperiodnetoftax": 467000,
        "comprehensiveincomenetoftax": 191935000
    },
    {
        "date": "2012-06-29",
        "symbol": "REGN",
        "period": "Q2",
        "salesrevenuegoodsnet": 5500000,
        "relatedpartytransactionrevenuesfromtransactionswithrelatedparty": 88988000,
        "othercollaborationrevenue": 9124000,
        "licensesrevenue": 5893000,
        "contractsrevenue": 875000,
        "revenues": 304399000,
        "researchanddevelopmentexpense": 147373000,
        "sellinggeneralandadministrativeexpense": 47705000,
        "costofgoodssold": 21843000,
        "costsandexpenses": 216921000,
        "operatingincomeloss": 87478000,
        "investmentincomenonoperating": 501000,
        "interestexpense": 11236000,
        "nonoperatingincomeexpense": -10735000,
        "incomelossfromcontinuingoperationsbeforeincometaxesminorityinterestandincomelossfromequitymethodinvestments": 76743000,
        "netincomeloss": 76743000,
        "earningspersharebasic": 0.81,
        "earningspersharediluted": 0.7,
        "weightedaveragenumberofsharesoutstandingbasic": 94589000,
        "weightedaveragenumberofdilutedsharesoutstanding": 110167000,
        "othercomprehensiveincomeunrealizedholdinggainlossonsecuritiesarisingduringperiodnetoftax": -1034000,
        "comprehensiveincomenetoftax": 75709000
    },
    {
        "date": "2012-03-30",
        "symbol": "REGN",
        "period": "Q1",
        "salesrevenuegoodsnet": 4400000,
        "relatedpartytransactionrevenuesfromtransactionswithrelatedparty": 85005000,
        "othercollaborationrevenue": 12483000,
        "licensesrevenue": 5893000,
        "contractsrevenue": 477000,
        "revenues": 231789000,
        "researchanddevelopmentexpense": 138862000,
        "sellinggeneralandadministrativeexpense": 58428000,
        "costofgoodssold": 12298000,
        "costsandexpenses": 209588000,
        "operatingincomeloss": 22201000,
        "investmentincomenonoperating": 610000,
        "interestexpense": 11160000,
        "nonoperatingincomeexpense": -10550000,
        "incomelossfromcontinuingoperationsbeforeincometaxesminorityinterestandincomelossfromequitymethodinvestments": 11651000,
        "netincomeloss": 11651000,
        "earningspersharebasic": 0.12,
        "earningspersharediluted": 0.11,
        "weightedaveragenumberofsharesoutstandingbasic": 93446000,
        "weightedaveragenumberofdilutedsharesoutstanding": 107734000,
        "othercomprehensiveincomeunrealizedholdinggainlossonsecuritiesarisingduringperiodnetoftax": 525000,
        "comprehensiveincomenetoftax": 12176000
    },
    {
        "date": "2011-09-29",
        "symbol": "REGN",
        "period": "Q3",
        "relatedpartytransactionrevenuesfromtransactionswithrelatedparty": 79802000,
        "othercollaborationrevenue": 10094000,
        "licensesrevenue": 5893000,
        "salesrevenuegoodsnet": 5468000,
        "contractsrevenue": 1576000,
        "revenues": 102833000,
        "researchanddevelopmentexpense": 127924000,
        "sellinggeneralandadministrativeexpense": 32916000,
        "costofgoodssold": 450000,
        "costsandexpenses": 161290000,
        "operatingincomeloss": -58457000,
        "investmentincomenonoperating": 715000,
        "interestexpense": 4061000,
        "nonoperatingincomeexpense": -3346000,
        "incomelossfromcontinuingoperationsbeforeincometaxesminorityinterestandincomelossfromequitymethodinvestments": -61803000,
        "incometaxexpensebenefit": 562000,
        "netincomeloss": -62365000,
        "earningspersharebasicanddiluted": -0.68,
        "weightedaveragesharesoutstandingbasicanddiluted": 91046000
    },
    {
        "date": "2011-06-29",
        "symbol": "REGN",
        "period": "Q2",
        "relatedpartytransactionrevenuesfromtransactionswithrelatedparty": 84446000,
        "othercollaborationrevenue": 11123000,
        "licensesrevenue": 5228000,
        "salesrevenuegoodsnet": 5039000,
        "contractsrevenue": 1974000,
        "revenues": 107810000,
        "researchanddevelopmentexpense": 143149000,
        "sellinggeneralandadministrativeexpense": 24585000,
        "costofgoodssold": 395000,
        "costsandexpenses": 168129000,
        "operatingincomeloss": -60319000,
        "investmentincomenonoperating": 998000,
        "interestexpense": 4047000,
        "nonoperatingincomeexpense": -3049000,
        "incomelossfromcontinuingoperationsbeforeincometaxesminorityinterestandincomelossfromequitymethodinvestments": -63368000,
        "incometaxexpensebenefit": -863000,
        "netincomeloss": -62505000,
        "earningspersharebasicanddiluted": -0.69,
        "weightedaveragesharesoutstandingbasicanddiluted": 90436000
    },
    {
        "date": "2011-03-30",
        "symbol": "REGN",
        "period": "Q1",
        "sanofiaventiscollaborationrevenue": 85329000,
        "othercollaborationrevenue": 12481000,
        "licensesrevenue": 7845000,
        "salesrevenuegoodsnet": 4427000,
        "contractsrevenue": 2122000,
        "revenues": 112204000,
        "researchanddevelopmentexpense": 129392000,
        "sellinggeneralandadministrativeexpense": 23411000,
        "costofgoodssold": 382000,
        "costsandexpenses": 153185000,
        "operatingincomeloss": -40981000,
        "investmentincomenonoperating": 1037000,
        "interestexpense": 3719000,
        "nonoperatingincomeexpense": -2682000,
        "incomelossfromcontinuingoperationsbeforeincometaxesminorityinterestandincomelossfromequitymethodinvestments": -43663000,
        "incometaxexpensebenefit": -216000,
        "netincomeloss": -43447000,
        "netlosspersharebasicanddiluted": -0.49,
        "weightedaveragesharesoutstandingbasicanddiluted": 89162000
    },
    {
        "date": "2010-09-29",
        "symbol": "REGN",
        "period": "Q3",
        "sanofiaventiscollaborationrevenue": 75583000,
        "othercollaborationrevenue": 13761000,
        "licensesrevenue": 10037000,
        "salesrevenuegoodsnet": 4936000,
        "contractsrevenue": 1662000,
        "revenues": 105979000,
        "researchanddevelopmentexpense": 122043000,
        "sellinggeneralandadministrativeexpense": 15658000,
        "costofgoodssold": 372000,
        "costsandexpenses": 138073000,
        "operatingincomeloss": -32094000,
        "investmentincomenonoperating": 453000,
        "interestexpense": 2234000,
        "nonoperatingincomeexpense": -1781000,
        "netincomeloss": -33875000,
        "netlosspersharebasicanddiluted": -0.41,
        "weightedaveragesharesoutstandingbasicanddiluted": 81638
    },
    {
        "date": "2010-06-29",
        "symbol": "REGN",
        "period": "Q2",
        "sanofiaventiscollaborationrevenue": 84941000,
        "othercollaborationrevenue": 13635000,
        "licensesrevenue": 10037000,
        "salesrevenuegoodsnet": 5197000,
        "contractsrevenue": 2076000,
        "revenues": 115886000,
        "researchanddevelopmentexpense": 124526000,
        "sellinggeneralandadministrativeexpense": 14679000,
        "costofgoodssold": 405000,
        "costsandexpenses": 139610000,
        "operatingincomeloss": -23724000,
        "investmentincomenonoperating": 592000,
        "interestexpense": 2342000,
        "nonoperatingincomeexpense": -1750000,
        "netincomeloss": -25474000,
        "netlosspersharebasicanddiluted": -0.31,
        "weightedaveragesharesoutstandingbasicanddiluted": 81492
    }
]