[
    {
        "date": "2024-09-29",
        "symbol": "WBD",
        "period": "Q3",
        "revenuefromcontractwithcustomerexcludingassessedtax": 9623000000,
        "costofgoodsandserviceexcludingdepreciationdepletionandamortization": 5181000000,
        "sellinggeneralandadministrativeexpense": 2385000000,
        "depreciationandamortization": 1762000000,
        "restructuringcharges": 9000000,
        "impairmentchargesanddisposalgroupnotdiscontinuedoperationgainlossondisposal": -5000000,
        "costsandexpenses": 58000000,
        "operatingincomeloss": 281000000,
        "interestexpensenonoperating": 494000000,
        "gainslossesonextinguishmentofdebt": 23000000,
        "incomelossfromequitymethodinvestments": -18000000,
        "othernonoperatingincomeexpense": 30000000,
        "incomelossfromcontinuingoperationsbeforeincometaxesextraordinaryitemsnoncontrollinginterest": -178000000,
        "incometaxexpensebenefit": -319000000,
        "profitloss": 141000000,
        "netincomelossattributabletononredeemablenoncontrollinginterest": 3000000,
        "netincomelossattributabletoredeemablenoncontrollinginterest": 3000000,
        "netincomeloss": 135000000,
        "earningspersharebasic": 0.06,
        "earningspersharediluted": 0.05,
        "weightedaveragenumberofsharesoutstandingbasic": 2453000000,
        "weightedaveragenumberofdilutedsharesoutstanding": 2470000000,
        "othercomprehensiveincomeforeigncurrencytransactionandtranslationadjustmentnetoftaxportionattributabletoparent": 482000000,
        "othercomprehensiveincomelosscashflowhedgegainlossbeforereclassificationaftertax": 15000000,
        "othercomprehensiveincomelosscashflowhedgegainlossreclassificationaftertax": 8000000,
        "othercomprehensiveincomelosscashflowhedgegainlossafterreclassificationandtaxparent": 7000000,
        "netincomelossincludingportionattributabletononcontrollinginterestandothercomprehensiveincomelossnetoftaxportionattributabletoparent": 630000000,
        "comprehensiveincomelossnetoftaxattributabletononredeemablenoncontrollinginterest": 10000000,
        "comprehensiveincomelossnetoftaxattributabletoredeemablenoncontrollinginterest": 3000000,
        "comprehensiveincomenetoftax": 617000000,
        "othercomprehensiveincomeforeigncurrencytranslationadjustmenttaxportionattributabletoparent": -15000000,
        "othercomprehensiveincomelosscashflowhedgegainlossafterreclassificationtaxparent": 1000000
    },
    {
        "date": "2024-03-30",
        "symbol": "WBD",
        "period": "Q1",
        "revenuefromcontractwithcustomerexcludingassessedtax": 4985000000,
        "costofgoodsandserviceexcludingdepreciationdepletionandamortization": 6058000000,
        "sellinggeneralandadministrativeexpense": 2232000000,
        "depreciationandamortization": 1888000000,
        "restructuringcharges": 35000000,
        "impairmentchargesanddisposalgroupnotdiscontinuedoperationgainlossondisposal": -12000000,
        "costsandexpenses": 10225000000,
        "operatingincomeloss": -267000000,
        "interestexpense": 515000000,
        "incomelossfromequitymethodinvestments": -48000000,
        "othernonoperatingincomeexpense": 11000000,
        "incomelossfromcontinuingoperationsbeforeincometaxesextraordinaryitemsnoncontrollinginterest": -819000000,
        "incometaxexpensebenefit": 136000000,
        "profitloss": -955000000,
        "netincomelossattributabletononredeemablenoncontrollinginterest": 7000000,
        "netincomelossattributabletoredeemablenoncontrollinginterest": 4000000,
        "netincomeloss": -966000000,
        "earningspersharebasic": -0.4,
        "earningspersharediluted": -0.4,
        "weightedaveragenumberofsharesoutstandingbasic": 2443000000,
        "weightedaveragenumberofdilutedsharesoutstanding": 2443000000,
        "othercomprehensiveincomelossforeigncurrencytransactionandtranslationadjustmentnetoftax": -176000000,
        "othercomprehensiveincomelosscashflowhedgegainlossbeforereclassificationaftertax": 13000000,
        "othercomprehensiveincomelosscashflowhedgegainlossreclassificationaftertax": 9000000,
        "othercomprehensiveincomelosscashflowhedgegainlossafterreclassificationandtax": 4000000,
        "comprehensiveincomenetoftaxincludingportionattributabletononcontrollinginterest": -1127000000,
        "comprehensiveincomelossnetoftaxattributabletononredeemablenoncontrollinginterest": -7000000,
        "comprehensiveincomelossnetoftaxattributabletoredeemablenoncontrollinginterest": -4000000,
        "comprehensiveincomenetoftax": -1138000000,
        "othercomprehensiveincomelossforeigncurrencytranslationadjustmenttax": -7000000
    },
    {
        "date": "2023-12-30",
        "symbol": "WBD",
        "period": "Q4",
        "revenuefromcontractwithcustomerexcludingassessedtax": 4913000000,
        "costofgoodsandserviceexcludingdepreciationdepletionandamortization": 5896000000,
        "sellinggeneralandadministrativeexpense": 2455000000,
        "depreciationandamortization": 2024000000,
        "restructuringcharges": 75000000,
        "costsandexpenses": 10466000000,
        "operatingincomeloss": -182000000,
        "interestexpense": 502000000,
        "incomelossfromequitymethodinvestments": -9000000,
        "othernonoperatingincomeexpense": 97000000,
        "incomelossfromcontinuingoperationsbeforeincometaxesextraordinaryitemsnoncontrollinginterest": -613000000,
        "incometaxexpensebenefit": -221000000,
        "profitloss": -392000000,
        "netincomelossattributabletononredeemablenoncontrollinginterest": 6000000,
        "netincomelossattributabletoredeemablenoncontrollinginterest": 2000000,
        "netincomeloss": -400000000,
        "earningspersharebasic": -0.1600000000000001,
        "earningspersharediluted": -0.1600000000000001,
        "weightedaveragenumberofsharesoutstandingbasic": 2436000000,
        "weightedaveragenumberofdilutedsharesoutstanding": 2436000000,
        "othercomprehensiveincomeforeigncurrencytransactionandtranslationgainlossarisingduringperiodnetoftax": 706000000,
        "othercomprehensiveincomelossforeigncurrencytransactionandtranslationadjustmentnetoftax": 706000000,
        "othercomprehensiveincomelosspensionandotherpostretirementbenefitplansadjustmentnetoftax": 7000000,
        "othercomprehensiveincomelosscashflowhedgegainlossbeforereclassificationaftertax": -13000000,
        "othercomprehensiveincomelosscashflowhedgegainlossreclassificationaftertax": 0,
        "othercomprehensiveincomelosscashflowhedgegainlossafterreclassificationandtax": -13000000,
        "comprehensiveincomenetoftaxincludingportionattributabletononcontrollinginterest": 294000000,
        "comprehensiveincomelossnetoftaxattributabletononredeemablenoncontrollinginterest": 6000000,
        "comprehensiveincomelossnetoftaxattributabletoredeemablenoncontrollinginterest": 2000000,
        "comprehensiveincomenetoftax": 286000000,
        "othercomprehensiveincomelossforeigncurrencytranslationadjustmenttax": -62000000,
        "othercomprehensiveincomelosspensionandotherpostretirementbenefitplanstax": 1000000,
        "othercomprehensiveincomelosscashflowhedgegainlossafterreclassificationtax": 1000000
    },
    {
        "date": "2023-09-29",
        "symbol": "WBD",
        "period": "Q3",
        "revenuefromcontractwithcustomerexcludingassessedtax": 5026000000,
        "costofgoodsandserviceexcludingdepreciationdepletionandamortization": 5309000000,
        "sellinggeneralandadministrativeexpense": 2291000000,
        "depreciationandamortization": 1989000000,
        "restructuringcharges": 269000000,
        "assetimpairmentcharges": 24000000,
        "costsandexpenses": 9882000000,
        "operatingincomeloss": 97000000,
        "interestexpense": 574000000,
        "gainslossesonextinguishmentofdebt": 22000000,
        "incomelossfromequitymethodinvestments": -14000000,
        "othernonoperatingincomeexpense": -63000000,
        "incomelossfromcontinuingoperationsbeforeincometaxesextraordinaryitemsnoncontrollinginterest": -532000000,
        "incometaxexpensebenefit": -125000000,
        "profitloss": -407000000,
        "netincomelossattributabletononredeemablenoncontrollinginterest": 8000000,
        "netincomelossattributabletoredeemablenoncontrollinginterest": 2000000,
        "netincomeloss": -417000000,
        "earningspersharebasic": -0.17,
        "earningspersharediluted": -0.17,
        "weightedaveragenumberofsharesoutstandingbasic": 2438000000,
        "weightedaveragenumberofdilutedsharesoutstanding": 2438000000,
        "othercomprehensiveincomeforeigncurrencytransactionandtranslationgainlossarisingduringperiodnetoftax": -393000000,
        "othercomprehensiveincomelossforeigncurrencytransactionandtranslationadjustmentnetoftax": -393000000,
        "othercomprehensiveincomelosspensionandotherpostretirementbenefitplansadjustmentnetoftax": 1000000,
        "othercomprehensiveincomelosscashflowhedgegainlossbeforereclassificationaftertax": 15000000,
        "othercomprehensiveincomelosscashflowhedgegainlossreclassificationaftertax": 6000000,
        "othercomprehensiveincomelosscashflowhedgegainlossafterreclassificationandtax": 9000000,
        "comprehensiveincomenetoftaxincludingportionattributabletononcontrollinginterest": -792000000,
        "comprehensiveincomelossnetoftaxattributabletononredeemablenoncontrollinginterest": 8000000,
        "comprehensiveincomelossnetoftaxattributabletoredeemablenoncontrollinginterest": 2000000,
        "comprehensiveincomenetoftax": -802000000,
        "othercomprehensiveincomelossforeigncurrencytranslationadjustmenttax": 22000000,
        "othercomprehensiveincomelosspensionandotherpostretirementbenefitplanstax": 2000000,
        "othercomprehensiveincomelosscashflowhedgegainlossafterreclassificationtax": -3000000
    },
    {
        "date": "2023-06-29",
        "symbol": "WBD",
        "period": "Q2",
        "revenuefromcontractwithcustomerexcludingassessedtax": 5135000000,
        "costofgoodsandserviceexcludingdepreciationdepletionandamortization": 6636000000,
        "sellinggeneralandadministrativeexpense": 2562000000,
        "depreciationandamortization": 1914000000,
        "restructuringcharges": 146000000,
        "assetimpairmentcharges": 6000000,
        "costsandexpenses": 11264000000,
        "operatingincomeloss": -906000000,
        "interestexpense": 574000000,
        "gainslossesonextinguishmentofdebt": -5000000,
        "incomelossfromequitymethodinvestments": -22000000,
        "othernonoperatingincomeexpense": 27000000,
        "incomelossfromcontinuingoperationsbeforeincometaxesextraordinaryitemsnoncontrollinginterest": -1480000000,
        "incometaxexpensebenefit": -260000000,
        "profitloss": -1220000000,
        "netincomelossattributabletononredeemablenoncontrollinginterest": 16000000,
        "netincomelossattributabletoredeemablenoncontrollinginterest": 4000000,
        "netincomeloss": -1240000000,
        "earningspersharebasic": -0.51,
        "earningspersharediluted": -0.51,
        "weightedaveragenumberofsharesoutstandingbasic": 2437000000,
        "weightedaveragenumberofdilutedsharesoutstanding": 2437000000,
        "othercomprehensiveincomeforeigncurrencytransactionandtranslationgainlossarisingduringperiodnetoftax": 60000000,
        "othercomprehensiveincomelossforeigncurrencytransactionandtranslationadjustmentnetoftax": 60000000,
        "othercomprehensiveincomelosspensionandotherpostretirementbenefitplansadjustmentnetoftax": 4000000,
        "othercomprehensiveincomelosscashflowhedgegainlossbeforereclassificationaftertax": 11000000,
        "othercomprehensiveincomelosscashflowhedgegainlossreclassificationaftertax": 4000000,
        "othercomprehensiveincomelosscashflowhedgegainlossafterreclassificationandtax": 7000000,
        "comprehensiveincomenetoftaxincludingportionattributabletononcontrollinginterest": -1157000000,
        "comprehensiveincomelossnetoftaxattributabletononredeemablenoncontrollinginterest": 16000000,
        "comprehensiveincomelossnetoftaxattributabletoredeemablenoncontrollinginterest": 4000000,
        "comprehensiveincomenetoftax": -1177000000,
        "othercomprehensiveincomelossforeigncurrencytranslationadjustmenttax": 5000000,
        "othercomprehensiveincomelosspensionandotherpostretirementbenefitplanstax": 3000000,
        "othercomprehensiveincomelosscashflowhedgegainlossafterreclassificationtax": 6000000
    },
    {
        "date": "2023-03-30",
        "symbol": "WBD",
        "period": "Q1",
        "revenuefromcontractwithcustomerexcludingassessedtax": 5163000000,
        "costofgoodsandserviceexcludingdepreciationdepletionandamortization": 6685000000,
        "sellinggeneralandadministrativeexpense": 2388000000,
        "depreciationandamortization": 2058000000,
        "restructuringcharges": 95000000,
        "assetimpairmentcharges": 31000000,
        "costsandexpenses": 11257000000,
        "operatingincomeloss": -557000000,
        "interestexpense": 571000000,
        "incomelossfromequitymethodinvestments": -37000000,
        "othernonoperatingincomeexpense": -73000000,
        "incomelossfromcontinuingoperationsbeforeincometaxesextraordinaryitemsnoncontrollinginterest": -1238000000,
        "incometaxexpensebenefit": -178000000,
        "profitloss": -1060000000,
        "netincomelossattributabletononredeemablenoncontrollinginterest": 8000000,
        "netincomelossattributabletoredeemablenoncontrollinginterest": 1000000,
        "netincomeloss": -1069000000,
        "earningspersharebasic": -0.44,
        "earningspersharediluted": -0.44,
        "weightedaveragenumberofsharesoutstandingbasic": 2432000000,
        "weightedaveragenumberofdilutedsharesoutstanding": 2432000000,
        "othercomprehensiveincomeforeigncurrencytransactionandtranslationgainlossarisingduringperiodnetoftax": 426000000,
        "othercomprehensiveincomelossforeigncurrencytransactionandtranslationadjustmentnetoftax": 426000000,
        "othercomprehensiveincomelosspensionandotherpostretirementbenefitplansadjustmentnetoftax": 9000000,
        "othercomprehensiveincomelosscashflowhedgegainlossbeforereclassificationaftertax": 3000000,
        "othercomprehensiveincomelosscashflowhedgegainlossreclassificationaftertax": 2000000,
        "othercomprehensiveincomelosscashflowhedgegainlossafterreclassificationandtax": 1000000,
        "comprehensiveincomenetoftaxincludingportionattributabletononcontrollinginterest": -642000000,
        "comprehensiveincomelossnetoftaxattributabletononredeemablenoncontrollinginterest": 8000000,
        "comprehensiveincomelossnetoftaxattributabletoredeemablenoncontrollinginterest": 1000000,
        "comprehensiveincomenetoftax": -651000000,
        "othercomprehensiveincomelossforeigncurrencytranslationadjustmenttax": 5000000,
        "othercomprehensiveincomelosspensionandotherpostretirementbenefitplanstax": -3000000,
        "othercomprehensiveincomelosscashflowhedgegainlossafterreclassificationtax": -2000000
    },
    {
        "date": "2022-12-30",
        "symbol": "WBD",
        "period": "Q4",
        "revenuefromcontractwithcustomerexcludingassessedtax": 2279000000,
        "sellinggeneralandadministrativeexpense": 2511000000,
        "depreciationandamortization": 2169000000,
        "restructuringcharges": 1198000000,
        "costsandexpenses": 12902000000,
        "operatingincomeloss": -1894000000,
        "interestexpense": 558000000,
        "incomelossfromequitymethodinvestments": -25000000,
        "othernonoperatingincomeexpense": -64000000,
        "incomelossfromcontinuingoperationsbeforeincometaxesextraordinaryitemsnoncontrollinginterest": -2541000000,
        "incometaxexpensebenefit": -462000000,
        "profitloss": -2079000000,
        "netincomelossattributabletononredeemablenoncontrollinginterest": 24000000,
        "netincomelossattributabletoredeemablenoncontrollinginterest": -2000000,
        "netincomeloss": -2101000000,
        "earningspersharebasic": -2.06,
        "earningspersharediluted": -2.06,
        "weightedaveragenumberofsharesoutstandingbasic": -3365000000,
        "weightedaveragenumberofdilutedsharesoutstanding": -3439000000,
        "othercomprehensiveincomelossforeigncurrencytransactionandtranslationadjustmentnetoftax": 624000000,
        "othercomprehensiveincomelosscashflowhedgegainlossafterreclassificationandtax": -2000000,
        "comprehensiveincomenetoftaxincludingportionattributabletononcontrollinginterest": -1483000000,
        "comprehensiveincomelossnetoftaxattributabletononredeemablenoncontrollinginterest": 24000000,
        "comprehensiveincomelossnetoftaxattributabletoredeemablenoncontrollinginterest": -2000000,
        "comprehensiveincomenetoftax": -1505000000
    },
    {
        "date": "2022-09-29",
        "symbol": "WBD",
        "period": "Q3",
        "revenuefromcontractwithcustomerexcludingassessedtax": 2042000000,
        "costofrevenue": 5627000000,
        "sellinggeneralandadministrativeexpense": 2589000000,
        "depreciationandamortization": 2233000000,
        "restructuringcharges": 1521000000,
        "assetimpairmentchargesanddisposalgroupnotdiscontinuedoperationgainlossondisposal": -43000000,
        "costsandexpenses": 12013000000,
        "operatingincomeloss": -2190000000,
        "interestexpense": 555000000,
        "incomelossfromequitymethodinvestments": -78000000,
        "othernonoperatingincomeexpense": -28000000,
        "incomelossfromcontinuingoperationsbeforeincometaxesextraordinaryitemsnoncontrollinginterest": -2851000000,
        "incometaxexpensebenefit": -566000000,
        "profitloss": -2285000000,
        "netincomelossattributabletononredeemablenoncontrollinginterest": 21000000,
        "netincomelossattributabletoredeemablenoncontrollinginterest": 2000000,
        "netincomeloss": -2308000000,
        "earningspersharebasic": -0.95,
        "earningspersharediluted": -0.95,
        "weightedaveragenumberofsharesoutstandingbasic": 2428000000,
        "weightedaveragenumberofdilutedsharesoutstanding": 2428000000,
        "othercomprehensiveincomelossforeigncurrencytransactionandtranslationadjustmentnetoftax": -690000000,
        "othercomprehensiveincomelosscashflowhedgegainlossafterreclassificationandtax": 24000000,
        "comprehensiveincomenetoftaxincludingportionattributabletononcontrollinginterest": -2951000000,
        "comprehensiveincomelossnetoftaxattributabletononredeemablenoncontrollinginterest": 21000000,
        "comprehensiveincomelossnetoftaxattributabletoredeemablenoncontrollinginterest": 2000000,
        "comprehensiveincomenetoftax": -2974000000
    },
    {
        "date": "2022-06-29",
        "symbol": "WBD",
        "period": "Q2",
        "revenuefromcontractwithcustomerexcludingassessedtax": 2721000000,
        "costofrevenue": 6625000000,
        "sellinggeneralandadministrativeexpense": 3538000000,
        "depreciationandamortization": 2266000000,
        "restructuringcharges": 1033000000,
        "disposalgroupnotdiscontinuedoperationgainlossondisposal": -4000000,
        "costsandexpenses": 13466000000,
        "operatingincomeloss": -3639000000,
        "interestexpense": 511000000,
        "incomelossfromequitymethodinvestments": -43000000,
        "othernonoperatingincomeexpense": -51000000,
        "incomelossfromcontinuingoperationsbeforeincometaxesextraordinaryitemsnoncontrollinginterest": -4244000000,
        "incometaxexpensebenefit": -836000000,
        "profitloss": -3408000000,
        "netincomelossattributabletononredeemablenoncontrollinginterest": 7000000,
        "netincomelossattributabletoredeemablenoncontrollinginterest": 3000000,
        "netincomeloss": -3418000000,
        "earningspersharebasic": -1.5,
        "earningspersharediluted": -1.5,
        "weightedaveragenumberofsharesoutstandingbasic": 2286000000,
        "weightedaveragenumberofdilutedsharesoutstanding": 2286000000,
        "othercomprehensiveincomelossforeigncurrencytransactionandtranslationadjustmentnetoftax": -488000000,
        "othercomprehensiveincomelosscashflowhedgegainlossafterreclassificationandtax": -18000000,
        "comprehensiveincomenetoftaxincludingportionattributabletononcontrollinginterest": -3914000000,
        "comprehensiveincomelossnetoftaxattributabletononredeemablenoncontrollinginterest": 7000000,
        "comprehensiveincomelossnetoftaxattributabletoredeemablenoncontrollinginterest": 3000000,
        "comprehensiveincomenetoftax": -3924000000
    },
    {
        "date": "2022-03-30",
        "symbol": "WBD",
        "period": "Q1",
        "revenuefromcontractwithcustomerexcludingassessedtax": 1482000000,
        "costofrevenue": 1236000000,
        "sellinggeneralandadministrativeexpense": 1040000000,
        "depreciationandamortization": 525000000,
        "restructuringcharges": 5000000,
        "costsandexpenses": 2806000000,
        "operatingincomeloss": 353000000,
        "interestexpense": 153000000,
        "incomelossfromequitymethodinvestments": -14000000,
        "othernonoperatingincomeexpense": 490000000,
        "incomelossfromcontinuingoperationsbeforeincometaxesextraordinaryitemsnoncontrollinginterest": 676000000,
        "incometaxexpensebenefit": 201000000,
        "profitloss": 475000000,
        "netincomelossattributabletononredeemablenoncontrollinginterest": 16000000,
        "netincomelossattributabletoredeemablenoncontrollinginterest": 3000000,
        "netincomeloss": 456000000,
        "earningspersharebasic": 0.69,
        "earningspersharediluted": 0.69,
        "weightedaveragenumberofsharesoutstandingbasic": 591000000,
        "weightedaveragenumberofdilutedsharesoutstanding": 665000000,
        "othercomprehensiveincomelossforeigncurrencytransactionandtranslationadjustmentnetoftax": -99000000,
        "othercomprehensiveincomelosscashflowhedgegainlossafterreclassificationandtax": -18000000,
        "comprehensiveincomenetoftaxincludingportionattributabletononcontrollinginterest": 358000000,
        "comprehensiveincomelossnetoftaxattributabletononredeemablenoncontrollinginterest": 16000000,
        "comprehensiveincomelossnetoftaxattributabletoredeemablenoncontrollinginterest": 3000000,
        "comprehensiveincomenetoftax": 339000000
    },
    {
        "date": "2021-09-29",
        "symbol": "WBD",
        "period": "Q3",
        "revenuefromcontractwithcustomerexcludingassessedtax": 1458000000,
        "costofrevenue": 1529000000,
        "sellinggeneralandadministrativeexpense": 944000000,
        "depreciationandamortization": 341000000,
        "restructuringcharges": 7000000,
        "costsandexpenses": 2821000000,
        "operatingincomeloss": 329000000,
        "interestexpense": 159000000,
        "incomelossfromequitymethodinvestments": -9000000,
        "othernonoperatingincomeexpense": 81000000,
        "incomelossfromcontinuingoperationsbeforeincometaxesextraordinaryitemsnoncontrollinginterest": 233000000,
        "incometaxexpensebenefit": 36000000,
        "profitloss": 197000000,
        "netincomelossattributabletononredeemablenoncontrollinginterest": 32000000,
        "netincomelossattributabletoredeemablenoncontrollinginterest": 9000000,
        "netincomeloss": 156000000,
        "earningspersharebasic": 0.23999999999999996,
        "earningspersharediluted": 0.23999999999999996,
        "weightedaveragenumberofsharesoutstandingbasic": -498000000,
        "weightedaveragenumberofdilutedsharesoutstanding": -666000000,
        "othercomprehensiveincomelossforeigncurrencytransactionandtranslationadjustmentnetoftax": -144000000,
        "othercomprehensiveincomelosscashflowhedgegainlossafterreclassificationandtax": 12000000,
        "comprehensiveincomenetoftaxincludingportionattributabletononcontrollinginterest": 65000000,
        "comprehensiveincomelossnetoftaxattributabletononredeemablenoncontrollinginterest": 32000000,
        "comprehensiveincomelossnetoftaxattributabletoredeemablenoncontrollinginterest": 9000000,
        "comprehensiveincomenetoftax": 24000000
    },
    {
        "date": "2021-06-29",
        "symbol": "WBD",
        "period": "Q2",
        "revenuefromcontractwithcustomerexcludingassessedtax": 1637000000,
        "costofrevenue": 1055000000,
        "sellinggeneralandadministrativeexpense": 952000000,
        "depreciationandamortization": 341000000,
        "restructuringcharges": 7000000,
        "disposalgroupnotdiscontinuedoperationgainlossondisposal": 72000000,
        "costsandexpenses": 2283000000,
        "operatingincomeloss": 779000000,
        "interestexpense": 157000000,
        "gainslossesonextinguishmentofdebt": -1000000,
        "incomelossfromequitymethodinvestments": -7000000,
        "othernonoperatingincomeexpense": 106000000,
        "incomelossfromcontinuingoperationsbeforeincometaxesextraordinaryitemsnoncontrollinginterest": 720000000,
        "incometaxexpensebenefit": 2000000,
        "profitloss": 718000000,
        "netincomelossattributabletononredeemablenoncontrollinginterest": 38000000,
        "netincomelossattributabletoredeemablenoncontrollinginterest": 8000000,
        "netincomeloss": 672000000,
        "earningspersharebasic": 1.02,
        "earningspersharediluted": 1.01,
        "weightedaveragenumberofsharesoutstandingbasic": 506000000,
        "weightedaveragenumberofdilutedsharesoutstanding": 664000000,
        "othercomprehensiveincomelossforeigncurrencytransactionandtranslationadjustmentnetoftax": 108000000,
        "othercomprehensiveincomelosscashflowhedgegainlossafterreclassificationandtax": -112000000,
        "comprehensiveincomenetoftaxincludingportionattributabletononcontrollinginterest": 714000000,
        "comprehensiveincomelossnetoftaxattributabletononredeemablenoncontrollinginterest": 38000000,
        "comprehensiveincomelossnetoftaxattributabletoredeemablenoncontrollinginterest": 8000000,
        "comprehensiveincomenetoftax": 668000000
    },
    {
        "date": "2021-03-30",
        "symbol": "WBD",
        "period": "Q1",
        "revenuefromcontractwithcustomerexcludingassessedtax": 1415000000,
        "costofrevenue": 969000000,
        "sellinggeneralandadministrativeexpense": 1051000000,
        "depreciationandamortization": 361000000,
        "restructuringcharges": 15000000,
        "costsandexpenses": 2396000000,
        "operatingincomeloss": 396000000,
        "interestexpense": 163000000,
        "incomelossfromequitymethodinvestments": -4000000,
        "othernonoperatingincomeexpense": 68000000,
        "incomelossfromcontinuingoperationsbeforeincometaxesextraordinaryitemsnoncontrollinginterest": 297000000,
        "incometaxexpensebenefit": 106000000,
        "profitloss": 191000000,
        "netincomelossattributabletononredeemablenoncontrollinginterest": 46000000,
        "netincomelossattributabletoredeemablenoncontrollinginterest": 5000000,
        "netincomeloss": 140000000,
        "earningspersharebasic": 0.21,
        "earningspersharediluted": 0.21,
        "weightedaveragenumberofsharesoutstandingbasic": 495000000,
        "weightedaveragenumberofdilutedsharesoutstanding": 667000000,
        "othercomprehensiveincomelossforeigncurrencytransactionandtranslationadjustmentnetoftax": -167000000,
        "othercomprehensiveincomelosscashflowhedgegainlossafterreclassificationandtax": 237000000,
        "comprehensiveincomenetoftaxincludingportionattributabletononcontrollinginterest": 261000000,
        "comprehensiveincomelossnetoftaxattributabletononredeemablenoncontrollinginterest": 46000000,
        "comprehensiveincomelossnetoftaxattributabletoredeemablenoncontrollinginterest": 5000000,
        "comprehensiveincomenetoftax": 210000000
    },
    {
        "date": "2020-09-29",
        "symbol": "WBD",
        "period": "Q3",
        "revenuefromcontractwithcustomerexcludingassessedtax": 1306000000,
        "costofrevenue": 1003000000,
        "sellinggeneralandadministrativeexpense": 633000000,
        "depreciationandamortization": 341000000,
        "costsandexpenses": 2030000000,
        "operatingincomeloss": 531000000,
        "interestexpense": 161000000,
        "incomelossfromequitymethodinvestments": -18000000,
        "othernonoperatingincomeexpense": -28000000,
        "incomelossfromcontinuingoperationsbeforeincometaxesextraordinaryitemsnoncontrollinginterest": 319000000,
        "incometaxexpensebenefit": -11000000,
        "profitloss": 330000000,
        "netincomelossattributabletononredeemablenoncontrollinginterest": 29000000,
        "netincomelossattributabletoredeemablenoncontrollinginterest": 1000000,
        "netincomeloss": 300000000,
        "earningspersharebasic": 0.44999999999999984,
        "earningspersharediluted": 0.44999999999999984,
        "weightedaveragenumberofsharesoutstandingbasic": -515000000,
        "weightedaveragenumberofdilutedsharesoutstanding": -682000000,
        "othercomprehensiveincomelossforeigncurrencytransactionandtranslationadjustmentnetoftax": 101000000,
        "othercomprehensiveincomelosscashflowhedgegainlossafterreclassificationandtax": 22000000,
        "comprehensiveincomenetoftaxincludingportionattributabletononcontrollinginterest": 453000000,
        "comprehensiveincomelossnetoftaxattributabletoredeemablenoncontrollinginterest": 1000000,
        "comprehensiveincomenetoftax": 423000000
    },
    {
        "date": "2020-06-29",
        "symbol": "WBD",
        "period": "Q2",
        "revenuefromcontractwithcustomerexcludingassessedtax": 1273000000,
        "costofrevenue": 810000000,
        "sellinggeneralandadministrativeexpense": 635000000,
        "depreciationandamortization": 334000000,
        "goodwillandintangibleassetimpairment": 38000000,
        "restructuringsettlementandimpairmentprovisions": 7000000,
        "costsandexpenses": 1824000000,
        "operatingincomeloss": 717000000,
        "interestexpense": 161000000,
        "gainslossesonextinguishmentofdebt": -71000000,
        "incomelossfromequitymethodinvestments": -23000000,
        "othernonoperatingincomeexpense": -6000000,
        "incomelossfromcontinuingoperationsbeforeincometaxesextraordinaryitemsnoncontrollinginterest": 456000000,
        "incometaxexpensebenefit": 156000000,
        "profitloss": 300000000,
        "netincomelossattributabletononredeemablenoncontrollinginterest": 25000000,
        "netincomelossattributabletoredeemablenoncontrollinginterest": 4000000,
        "netincomeloss": 271000000,
        "earningspersharebasic": 0.4,
        "earningspersharediluted": 0.4,
        "weightedaveragenumberofsharesoutstandingbasic": 508000000,
        "weightedaveragenumberofdilutedsharesoutstanding": 674000000,
        "othercomprehensiveincomelossforeigncurrencytransactionandtranslationadjustmentnetoftax": 116000000,
        "othercomprehensiveincomelosscashflowhedgegainlossafterreclassificationandtax": -15000000,
        "comprehensiveincomenetoftaxincludingportionattributabletononcontrollinginterest": 401000000,
        "comprehensiveincomenetoftaxattributabletononcontrollinginterest": 25000000,
        "comprehensiveincomelossnetoftaxattributabletoredeemablenoncontrollinginterest": 4000000,
        "comprehensiveincomenetoftax": 372000000
    },
    {
        "date": "2020-03-30",
        "symbol": "WBD",
        "period": "Q1",
        "revenuefromcontractwithcustomerexcludingassessedtax": 1402000000,
        "costofrevenue": 918000000,
        "sellinggeneralandadministrativeexpense": 645000000,
        "depreciationandamortization": 326000000,
        "restructuringsettlementandimpairmentprovisions": 15000000,
        "costsandexpenses": 1904000000,
        "operatingincomeloss": 779000000,
        "interestexpense": 163000000,
        "incomelossfromequitymethodinvestments": -21000000,
        "othernonoperatingincomeexpense": -58000000,
        "incomelossfromcontinuingoperationsbeforeincometaxesextraordinaryitemsnoncontrollinginterest": 537000000,
        "incometaxexpensebenefit": 130000000,
        "profitloss": 407000000,
        "netincomelossattributabletononredeemablenoncontrollinginterest": 28000000,
        "netincomelossattributabletoredeemablenoncontrollinginterest": 2000000,
        "netincomeloss": 377000000,
        "earningspersharebasic": 0.55,
        "earningspersharediluted": 0.55,
        "weightedaveragenumberofsharesoutstandingbasic": 517000000,
        "weightedaveragenumberofdilutedsharesoutstanding": 685000000,
        "othercomprehensiveincomelossforeigncurrencytransactionandtranslationadjustmentnetoftax": -141000000,
        "othercomprehensiveincomelosscashflowhedgegainlossafterreclassificationandtax": -159000000,
        "comprehensiveincomenetoftaxincludingportionattributabletononcontrollinginterest": 107000000,
        "comprehensiveincomenetoftaxattributabletononcontrollinginterest": 28000000,
        "comprehensiveincomelossnetoftaxattributabletoredeemablenoncontrollinginterest": 2000000,
        "comprehensiveincomenetoftax": 77000000
    },
    {
        "date": "2019-09-29",
        "symbol": "WBD",
        "period": "Q3",
        "profitloss": 297000000,
        "othercomprehensiveincomelossforeigncurrencytransactionandtranslationadjustmentnetoftax": -146000000,
        "othercomprehensiveincomelosscashflowhedgegainlossafterreclassificationandtax": 30000000,
        "comprehensiveincomenetoftaxincludingportionattributabletononcontrollinginterest": 181000000,
        "comprehensiveincomenetoftaxattributabletononcontrollinginterest": 29000000,
        "comprehensiveincomelossnetoftaxattributabletoredeemablenoncontrollinginterest": 5000000,
        "comprehensiveincomenetoftax": 147000000,
        "revenuefromcontractwithcustomerexcludingassessedtax": 1413000000,
        "costofrevenue": 914000000,
        "sellinggeneralandadministrativeexpense": 660000000,
        "depreciationandamortization": 322000000,
        "goodwillimpairmentloss": 155000000,
        "restructuringsettlementandimpairmentprovisions": 8000000,
        "costsandexpenses": 2059000000,
        "operatingincomeloss": 619000000,
        "interestexpense": 163000000,
        "gainslossesonextinguishmentofdebt": -23000000,
        "incomelossfromequitymethodinvestments": -11000000,
        "othernonoperatingincomeexpense": -1000000,
        "incomelossfromcontinuingoperationsbeforeincometaxesextraordinaryitemsnoncontrollinginterest": 444000000,
        "incometaxexpensebenefit": 147000000,
        "netincomelossattributabletononredeemablenoncontrollinginterest": 29000000,
        "netincomelossattributabletoredeemablenoncontrollinginterest": 6000000,
        "netincomeloss": 262000000,
        "earningspersharebasic": 0.35,
        "earningspersharediluted": 0.35,
        "weightedaveragenumberofsharesoutstandingbasic": 535000000,
        "weightedaveragenumberofdilutedsharesoutstanding": 713000000
    },
    {
        "date": "2019-06-29",
        "symbol": "WBD",
        "period": "Q2",
        "profitloss": 987000000,
        "othercomprehensiveincomelossforeigncurrencytransactionandtranslationadjustmentnetoftax": 10000000,
        "othercomprehensiveincomelossderivativesqualifyingashedgesnetoftax": -28000000,
        "comprehensiveincomenetoftaxincludingportionattributabletononcontrollinginterest": 969000000,
        "comprehensiveincomenetoftaxattributabletononcontrollinginterest": 36000000,
        "comprehensiveincomelossnetoftaxattributabletoredeemablenoncontrollinginterest": 5000000,
        "comprehensiveincomenetoftax": 928000000,
        "revenuefromcontractwithcustomerexcludingassessedtax": 1619000000,
        "costofrevenue": 938000000,
        "sellinggeneralandadministrativeexpense": 709000000,
        "depreciationandamortization": 320000000,
        "restructuringsettlementandimpairmentprovisions": 7000000,
        "costsandexpenses": 1974000000,
        "operatingincomeloss": 911000000,
        "interestexpense": 161000000,
        "gainslossesonextinguishmentofdebt": -23000000,
        "incomelossfromequitymethodinvestments": -20000000,
        "othernonoperatingincomeexpense": 9000000,
        "incomelossfromcontinuingoperationsbeforeincometaxesextraordinaryitemsnoncontrollinginterest": 716000000,
        "incometaxexpensebenefit": -271000000,
        "netincomelossattributabletononredeemablenoncontrollinginterest": 36000000,
        "netincomelossattributabletoredeemablenoncontrollinginterest": 4000000,
        "netincomeloss": 947000000,
        "earningspersharebasic": 1.33,
        "earningspersharediluted": 1.33,
        "weightedaveragenumberofsharesoutstandingbasic": 528000000,
        "weightedaveragenumberofdilutedsharesoutstanding": 716000000
    },
    {
        "date": "2018-06-29",
        "symbol": "WBD",
        "period": "Q2",
        "profitloss": -613000000,
        "othercomprehensiveincomelossforeigncurrencytransactionandtranslationadjustmentnetoftax": 589000000,
        "othercomprehensiveincomelossderivativesqualifyingashedgesnetoftax": 29000000,
        "comprehensiveincomenetoftaxincludingportionattributabletononcontrollinginterest": -130000000,
        "comprehensiveincomenetoftaxattributabletononcontrollinginterest": 23000000,
        "comprehensiveincomelossnetoftaxattributabletoredeemablenoncontrollinginterest": 14000000,
        "comprehensiveincomenetoftax": -167000000,
        "revenuefromcontractwithcustomerexcludingassessedtax": 96000000,
        "costofrevenue": 3000000,
        "sellinggeneralandadministrativeexpense": -10000000,
        "depreciationandamortization": 299000000,
        "restructuringsettlementandimpairmentprovisions": 19000000,
        "disposalgroupnotdiscontinuedoperationgainlossondisposal": -84000000,
        "costsandexpenses": -9000000,
        "operatingincomeloss": 2000000,
        "interestexpensedebt": 196000000,
        "incomelossfromequitymethodinvestments": 5000000,
        "othernonoperatingincomeexpense": -1000000,
        "incomelossfromcontinuingoperationsbeforeincometaxesextraordinaryitemsnoncontrollinginterest": -613000000,
        "incometaxexpensebenefit": -5000000,
        "netincomelossattributabletononredeemablenoncontrollinginterest": 23000000,
        "netincomelossattributabletoredeemablenoncontrollinginterest": 5000000,
        "netincomeloss": -641000000,
        "earningspersharebasic": 5.73,
        "earningspersharediluted": 5.72,
        "weightedaveragenumberofsharesoutstandingbasic": 523000000,
        "weightedaveragenumberofdilutedsharesoutstanding": 712000000
    },
    {
        "date": "2015-06-29",
        "symbol": "WBD",
        "period": "Q2",
        "profitloss": -920000000,
        "othercomprehensiveincomelossforeigncurrencytransactionandtranslationadjustmentnetoftax": -484000000,
        "othercomprehensiveincomelossderivativesqualifyingashedgesnetoftax": 67000000,
        "comprehensiveincomenetoftaxincludingportionattributabletononcontrollinginterest": -1337000000,
        "comprehensiveincomelossnetoftaxattributabletoredeemablenoncontrollinginterest": -30000000,
        "comprehensiveincomenetoftax": 395000000,
        "earningspersharebasic": 0.88,
        "earningspersharediluted": 0.88,
        "weightedaveragenumberofsharesoutstandingbasic": 39000000,
        "weightedaveragenumberofdilutedsharesoutstanding": 39000000,
        "distributionrevenue": 116000000,
        "advertisingrevenue": 38000000,
        "othersalesrevenuenet": 13000000,
        "salesrevenuenet": -6000000,
        "costofrevenue": 458000000,
        "sellinggeneralandadministrativeexpense": -6000000,
        "depreciationandamortization": 74000000,
        "restructuringsettlementandimpairmentprovisions": 9000000,
        "disposalgroupnotdiscontinuedoperationgainlossondisposal": 3000000,
        "costsandexpenses": -6000000,
        "operatingincomeloss": 248000000,
        "interestexpensedebt": 2000000,
        "incomelossfromequitymethodinvestments": 6000000,
        "othernonoperatingincomeexpense": -21000000,
        "incomelossfromcontinuingoperationsbeforeincometaxesextraordinaryitemsnoncontrollinginterest": -920000000,
        "incometaxexpensebenefit": 79000000,
        "netincomelossattributabletoredeemablenoncontrollinginterest": 3000000,
        "netincomeloss": -923000000
    },
    {
        "date": "2014-06-29",
        "symbol": "WBD",
        "period": "Q2",
        "profitloss": 382000000,
        "othercomprehensiveincomelossforeigncurrencytransactionandtranslationadjustmentnetoftax": -35000000,
        "othercomprehensiveincomelossderivativesqualifyingashedgesnetoftax": -8000000,
        "comprehensiveincomenetoftaxincludingportionattributabletononcontrollinginterest": 341000000,
        "comprehensiveincomenetoftaxattributabletononcontrollinginterest": 2000000,
        "comprehensiveincomelossnetoftaxattributabletoredeemablenoncontrollinginterest": 1000000,
        "comprehensiveincomenetoftax": 226000000,
        "distributionrevenue": 89000000,
        "advertisingrevenue": 193000000,
        "othersalesrevenuenet": 21000000,
        "salesrevenuenet": 1115000000,
        "costofrevenue": 118000000,
        "sellinggeneralandadministrativeexpense": -2000000,
        "depreciationandamortization": 68000000,
        "restructuringsettlementandimpairmentprovisions": 4000000,
        "disposalgroupnotdiscontinuedoperationgainlossondisposal": 31000000,
        "costsandexpenses": 173000000,
        "operatingincomeloss": -4000000,
        "interestexpensedebt": 2000000,
        "incomelossfromequitymethodinvestments": 3000000,
        "othernonoperatingincomeexpense": 25000000,
        "incomelossfromcontinuingoperationsbeforeincometaxesextraordinaryitemsnoncontrollinginterest": 254000000,
        "incometaxexpensebenefit": 71000000,
        "netincomelossattributabletononredeemablenoncontrollinginterest": 2000000,
        "netincomelossattributabletoredeemablenoncontrollinginterest": 3000000,
        "netincomeloss": 209000000,
        "earningspersharebasic": 1.1,
        "earningspersharediluted": 1.09,
        "weightedaveragenumberofsharesoutstandingbasic": 343000000,
        "weightedaveragenumberofdilutedsharesoutstanding": 346000000
    },
    {
        "date": "2013-06-29",
        "symbol": "WBD",
        "period": "Q2",
        "profitloss": 306000000,
        "othercomprehensiveincomelossforeigncurrencytransactionandtranslationadjustmentnetoftax": 175000000,
        "othercomprehensiveincomeunrealizedgainlossonderivativesarisingduringperiodnetoftax": 2000000,
        "comprehensiveincomenetoftaxincludingportionattributabletononcontrollinginterest": -818000000,
        "comprehensiveincomelossnetoftaxattributabletoredeemablenoncontrollinginterest": -1000000,
        "comprehensiveincomenetoftax": -822000000,
        "segmentreportinginformationintersegmentelimination": 3000000,
        "distributionrevenue": 42000000,
        "advertisingrevenue": 145000000,
        "othersalesrevenuenet": 8000000,
        "salesrevenuenet": 983000000,
        "costofrevenue": 321000000,
        "sellinggeneralandadministrativeexpense": 2000000,
        "depreciationandamortization": 9000000,
        "restructuringcharges": 9000000,
        "costsandexpenses": 721000000,
        "operatingincomeloss": 564000000,
        "interestexpensedebt": 78000000,
        "incomelossfromequitymethodinvestments": -7000000,
        "othernonoperatingincomeexpense": 4000000,
        "incomelossfromcontinuingoperationsbeforeincometaxesextraordinaryitemsnoncontrollinginterest": 304000000,
        "incometaxexpensebenefit": 181000000,
        "incomelossfromcontinuingoperationsincludingportionattributabletononcontrollinginterest": 300000000,
        "netincomeloss": -980000000,
        "incomelossfromcontinuingoperationsperbasicshare": 0.83,
        "earningspersharebasic": 0.83,
        "incomelossfromcontinuingoperationsperdilutedshare": 0.82,
        "earningspersharediluted": 0.82,
        "weightedaveragenumberofsharesoutstandingbasic": 359000000,
        "weightedaveragenumberofdilutedsharesoutstanding": 363000000
    },
    {
        "date": "2009-06-29",
        "symbol": "WBD",
        "period": "Q2",
        "distributionrevenue": 426000000,
        "advertisingrevenue": 368000000,
        "othersalesrevenuenet": 87000000,
        "salesrevenuenet": 881000000,
        "costofrevenue": 257000000,
        "sellinggeneralandadministrativeexpense": 310000000,
        "depreciationandamortization": 40000000,
        "assetimpairmentcharges": 26000000,
        "restructuringcharges": 14000000,
        "disposalgroupnotdiscontinuedoperationgainlossondisposal": 252000000,
        "costsandexpenses": 395000000,
        "operatingincomeloss": 486000000,
        "interestexpensedebt": 60000000,
        "othernonoperatingincomeexpense": 20000000,
        "incomebeforeincometaxes": 446000000,
        "incometaxexpensebenefit": 267000000,
        "profitloss": -6000000,
        "netincomelossattributabletononcontrollinginterest": -6000000,
        "netincomeloss": 185000000,
        "otherpreferredstockdividendsandadjustments": 2000000,
        "netincomelossavailabletocommonstockholdersbasic": 183000000,
        "basicearningspershare": 0.43,
        "dilutedearningspershare": 0.43,
        "basicweightedaveragenumberofsharesoutstanding": 422000000,
        "weightedaveragenumberofdilutedsharesoutstanding": 424000000
    }
]