[
    {
        "date": "2024-09-29",
        "symbol": "IBM",
        "period": "Q3",
        "revenues": 30323000000,
        "costofrevenue": -10084000000,
        "grossprofit": 8420000000,
        "sellinggeneralandadministrativeexpense": 4911000000,
        "researchanddevelopmentexpense": 1875000000,
        "intellectualpropertyandcustomdevelopmentincome": 238000000,
        "otherincomeandexpense": 2244000000,
        "interestexpense": 429000000,
        "expenseandotherincome": 9222000000,
        "incomelossfromcontinuingoperationsbeforeincometaxesextraordinaryitemsnoncontrollinginterest": -802000000,
        "incometaxexpensebenefit": -485000000,
        "incomelossfromcontinuingoperations": -317000000,
        "incomelossfromdiscontinuedoperationsnetoftaxattributabletoreportingentity": -13000000,
        "netincomeloss": -330000000,
        "incomelossfromcontinuingoperationsperdilutedshare": -0.3500000000000001,
        "incomelossfromdiscontinuedoperationsnetoftaxperdilutedshare": -0.02,
        "earningspersharediluted": -0.3600000000000003,
        "incomelossfromcontinuingoperationsperbasicshare": -0.3500000000000001,
        "incomelossfromdiscontinuedoperationsnetoftaxperbasicshare": -0.02,
        "earningspersharebasic": -0.3600000000000003,
        "weightedaveragenumberofdilutedsharesoutstanding": 935425233,
        "weightedaveragenumberofsharesoutstandingbasic": 920347948,
        "othercomprehensiveincomeforeigncurrencytransactionandtranslationadjustmentbeforetaxportionattributabletoparent": -330000000,
        "othercomprehensiveincomelosscashflowhedgegainlossandderivativeexcludedcomponentbeforereclassificationandtax": -215000000,
        "othercomprehensiveincomelosscashflowhedgegainlossandderivativeexcludedcomponentreclassificationbeforetax": 234000000,
        "othercomprehensiveincomelosscashflowhedgegainlossandderivativeexcludedcomponentafterreclassificationbeforetaxparent": -449000000,
        "othercomprehensiveincomelossfinalizationofpensionandnonpensionpostretirementplanvaluationbeforetax": 2727000000,
        "othercomprehensiveincomelossamortizationadjustmentfromaocipensionandotherpostretirementbenefitplansfornetpriorservicecostcreditbeforetax": -1000000,
        "othercomprehensiveincomelossreclassificationadjustmentfromaocipensionandotherpostretirementbenefitplansfornetgainlossbeforetax": -246000000,
        "othercomprehensiveincomedefinedbenefitplansadjustmentbeforetaxportionattributabletoparent": -3072000000,
        "othercomprehensiveincomelossbeforetaxportionattributabletoparent": 2293000000,
        "othercomprehensiveincomelosstaxportionattributabletoparent1": 393000000,
        "othercomprehensiveincomelossnetoftaxportionattributabletoparent": 1901000000,
        "comprehensiveincomenetoftax": 1570000000
    },
    {
        "date": "2024-06-29",
        "symbol": "IBM",
        "period": "Q2",
        "revenues": 7406000000,
        "costofrevenue": 5126000000,
        "grossprofit": 8950000000,
        "sellinggeneralandadministrativeexpense": 4938000000,
        "researchanddevelopmentexpense": 1841000000,
        "intellectualpropertyandcustomdevelopmentincome": 242000000,
        "otherincomeandexpense": -233000000,
        "interestexpense": 427000000,
        "expenseandotherincome": 6730000000,
        "incomelossfromcontinuingoperationsbeforeincometaxesextraordinaryitemsnoncontrollinginterest": 2219000000,
        "incometaxexpensebenefit": 390000000,
        "incomelossfromcontinuingoperations": 1830000000,
        "incomelossfromdiscontinuedoperationsnetoftaxattributabletoreportingentity": 4000000,
        "netincomeloss": 1834000000,
        "incomelossfromcontinuingoperationsperdilutedshare": 1.96,
        "incomelossfromdiscontinuedoperationsnetoftaxperdilutedshare": 0.010000000000000002,
        "earningspersharediluted": 1.9600000000000002,
        "incomelossfromcontinuingoperationsperbasicshare": 1.99,
        "incomelossfromdiscontinuedoperationsnetoftaxperbasicshare": 0.010000000000000002,
        "earningspersharebasic": 1.9900000000000002,
        "weightedaveragenumberofdilutedsharesoutstanding": 933900000,
        "weightedaveragenumberofsharesoutstandingbasic": 918700000,
        "othercomprehensiveincomeforeigncurrencytransactionandtranslationadjustmentbeforetaxportionattributabletoparent": 2000000,
        "othercomprehensiveincomelosscashflowhedgegainlossandderivativeexcludedcomponentbeforereclassificationandtax": 103000000,
        "othercomprehensiveincomelosscashflowhedgegainlossandderivativeexcludedcomponentreclassificationbeforetax": 42000000,
        "othercomprehensiveincomelosscashflowhedgegainlossandderivativeexcludedcomponentafterreclassificationbeforetaxparent": 61000000,
        "othercomprehensiveincomelosspensionandotherpostretirementbenefitplansnetunamortizedgainlossarisingduringperiodbeforetax": 0,
        "othercomprehensiveincomelossfinalizationofpensionandnonpensionpostretirementplanvaluationbeforetax": 2000000,
        "othercomprehensiveincomelossamortizationadjustmentfromaocipensionandotherpostretirementbenefitplansfornetpriorservicecostcreditbeforetax": -2000000,
        "othercomprehensiveincomelossreclassificationadjustmentfromaocipensionandotherpostretirementbenefitplansfornetgainlossbeforetax": -258000000,
        "othercomprehensiveincomedefinedbenefitplansadjustmentbeforetaxportionattributabletoparent": -258000000,
        "othercomprehensiveincomelossbeforetaxportionattributabletoparent": 322000000,
        "othercomprehensiveincomelosstaxportionattributabletoparent1": 153000000,
        "othercomprehensiveincomelossnetoftaxportionattributabletoparent": 169000000,
        "comprehensiveincomenetoftax": 2004000000
    },
    {
        "date": "2024-03-30",
        "symbol": "IBM",
        "period": "Q1",
        "revenues": 7470000000,
        "costofrevenue": 5239000000,
        "grossprofit": 7742000000,
        "sellinggeneralandadministrativeexpense": 4974000000,
        "researchanddevelopmentexpense": 1796000000,
        "intellectualpropertyandcustomdevelopmentincome": 216000000,
        "otherincomeandexpense": -317000000,
        "interestexpense": 432000000,
        "expenseandotherincome": 6669000000,
        "incomelossfromcontinuingoperationsbeforeincometaxesextraordinaryitemsnoncontrollinginterest": 1074000000,
        "incometaxexpensebenefit": -502000000,
        "incomelossfromcontinuingoperations": 1575000000,
        "incomelossfromdiscontinuedoperationsnetoftaxattributabletoreportingentity": 30000000,
        "netincomeloss": 1605000000,
        "incomelossfromcontinuingoperationsperdilutedshare": 1.69,
        "incomelossfromdiscontinuedoperationsnetoftaxperdilutedshare": 0.03,
        "earningspersharediluted": 1.72,
        "incomelossfromcontinuingoperationsperbasicshare": 1.72,
        "incomelossfromdiscontinuedoperationsnetoftaxperbasicshare": 0.03,
        "earningspersharebasic": 1.75,
        "weightedaveragenumberofdilutedsharesoutstanding": 933400000,
        "weightedaveragenumberofsharesoutstandingbasic": 917200000,
        "othercomprehensiveincomeforeigncurrencytransactionandtranslationadjustmentbeforetaxportionattributabletoparent": 55000000,
        "othercomprehensiveincomelosscashflowhedgegainlossandderivativeexcludedcomponentbeforereclassificationandtax": 176000000,
        "othercomprehensiveincomelosscashflowhedgegainlossandderivativeexcludedcomponentreclassificationbeforetax": -70000000,
        "othercomprehensiveincomelosscashflowhedgegainlossandderivativeexcludedcomponentafterreclassificationbeforetaxparent": 246000000,
        "othercomprehensiveincomelosspensionandotherpostretirementbenefitplansnetunamortizedgainlossarisingduringperiodbeforetax": 1000000,
        "othercomprehensiveincomelossfinalizationofpensionandnonpensionpostretirementplanvaluationbeforetax": 2000000,
        "othercomprehensiveincomelossamortizationadjustmentfromaocipensionandotherpostretirementbenefitplansfornetpriorservicecostcreditbeforetax": -2000000,
        "othercomprehensiveincomelossreclassificationadjustmentfromaocipensionandotherpostretirementbenefitplansfornetgainlossbeforetax": -261000000,
        "othercomprehensiveincomedefinedbenefitplansadjustmentbeforetaxportionattributabletoparent": -262000000,
        "othercomprehensiveincomelossbeforetaxportionattributabletoparent": 563000000,
        "othercomprehensiveincomelosstaxportionattributabletoparent1": 289000000,
        "othercomprehensiveincomelossnetoftaxportionattributabletoparent": 273000000,
        "comprehensiveincomenetoftax": 1878000000
    },
    {
        "date": "2023-03-30",
        "symbol": "IBM",
        "period": "Q1",
        "revenues": 7524000000,
        "costofrevenue": 5310000000,
        "grossprofit": 7509000000,
        "sellinggeneralandadministrativeexpense": 4853000000,
        "researchanddevelopmentexpense": 1655000000,
        "intellectualpropertyandcustomdevelopmentincome": 180000000,
        "otherincomeandexpense": -245000000,
        "interestexpense": 367000000,
        "expenseandotherincome": 6451000000,
        "incomelossfromcontinuingoperationsbeforeincometaxesextraordinaryitemsnoncontrollinginterest": 1058000000,
        "incometaxexpensebenefit": 124000000,
        "incomelossfromcontinuingoperations": 934000000,
        "incomelossfromdiscontinuedoperationsnetoftaxattributabletoreportingentity": -7000000,
        "netincomeloss": 927000000,
        "incomelossfromcontinuingoperationsperdilutedshare": 1.02,
        "incomelossfromdiscontinuedoperationsnetoftaxperdilutedshare": -0.01,
        "earningspersharediluted": 1.01,
        "incomelossfromcontinuingoperationsperbasicshare": 1.03,
        "incomelossfromdiscontinuedoperationsnetoftaxperbasicshare": -0.01,
        "earningspersharebasic": 1.02,
        "weightedaveragenumberofdilutedsharesoutstanding": 917800000,
        "weightedaveragenumberofsharesoutstandingbasic": 907500000,
        "othercomprehensiveincomeforeigncurrencytransactionandtranslationadjustmentbeforetaxportionattributabletoparent": -87000000,
        "othercomprehensiveincomeunrealizedholdinggainlossonsecuritiesarisingduringperiodbeforetax": 15000000,
        "othercomprehensiveincomeavailableforsalesecuritiesadjustmentbeforetaxportionattributabletoparent": 15000000,
        "othercomprehensiveincomelosscashflowhedgegainlossbeforereclassificationandtax": -29000000,
        "othercomprehensiveincomelosscashflowhedgegainlossreclassificationbeforetax": 122000000,
        "othercomprehensiveincomelosscashflowhedgegainlossafterreclassificationbeforetaxparent": -151000000,
        "othercomprehensiveincomelosspensionandotherpostretirementbenefitplansnetunamortizedgainlossarisingduringperiodbeforetax": 2000000,
        "othercomprehensiveincomelossfinalizationofpensionandnonpensionpostretirementplanvaluationbeforetax": -1000000,
        "othercomprehensiveincomelossamortizationadjustmentfromaocipensionandotherpostretirementbenefitplansfornetpriorservicecostcreditbeforetax": -2000000,
        "othercomprehensiveincomelossreclassificationadjustmentfromaocipensionandotherpostretirementbenefitplansfornetgainlossbeforetax": -131000000,
        "othercomprehensiveincomedefinedbenefitplansadjustmentbeforetaxportionattributabletoparent": -130000000,
        "othercomprehensiveincomelossbeforetaxportionattributabletoparent": -93000000,
        "othercomprehensiveincomelosstaxportionattributabletoparent1": -53000000,
        "othercomprehensiveincomelossnetoftaxportionattributabletoparent": -40000000,
        "comprehensiveincomenetoftax": 888000000
    },
    {
        "date": "2022-09-29",
        "symbol": "IBM",
        "period": "Q3",
        "revenues": 7365000000,
        "costofrevenue": 5168000000,
        "grossprofit": 7430000000,
        "sellinggeneralandadministrativeexpense": 4391000000,
        "researchanddevelopmentexpense": 1611000000,
        "intellectualpropertyandcustomdevelopmentincome": 121000000,
        "otherincomeandexpense": 5755000000,
        "interestexpense": 296000000,
        "expenseandotherincome": 11932000000,
        "incomelossfromcontinuingoperationsbeforeincometaxesextraordinaryitemsnoncontrollinginterest": -4501000000,
        "incometaxexpensebenefit": -1288000000,
        "incomelossfromcontinuingoperations": -3214000000,
        "incomelossfromdiscontinuedoperationsnetoftaxattributabletoreportingentity": 18000000,
        "netincomeloss": -3196000000,
        "incomelossfromcontinuingoperationsperdilutedshare": -3.55,
        "earningspersharediluted": -3.53,
        "incomelossfromcontinuingoperationsperbasicshare": -3.5700000000000003,
        "earningspersharebasic": -3.55,
        "weightedaveragenumberofdilutedsharesoutstanding": -8400000,
        "weightedaveragenumberofsharesoutstandingbasic": 1200000,
        "othercomprehensiveincomeforeigncurrencytransactionandtranslationadjustmentbeforetaxportionattributabletoparent": 144000000,
        "othercomprehensiveincomelosscashflowhedgegainlossbeforereclassificationandtax": 189000000,
        "othercomprehensiveincomelosscashflowhedgegainlossreclassificationbeforetax": 12000000,
        "othercomprehensiveincomelosscashflowhedgegainlossafterreclassificationbeforetaxparent": 177000000,
        "othercomprehensiveincomelosspensionandotherpostretirementbenefitplansnetunamortizedgainlossarisingduringperiodbeforetax": 53000000,
        "othercomprehensiveincomelossfinalizationofpensionandnonpensionpostretirementplanvaluationbeforetax": 5912000000,
        "othercomprehensiveincomelossamortizationadjustmentfromaocipensionandotherpostretirementbenefitplansfornetpriorservicecostcreditbeforetax": 3000000,
        "othercomprehensiveincomelossreclassificationadjustmentfromaocipensionandotherpostretirementbenefitplansfornetgainlossbeforetax": -388000000,
        "othercomprehensiveincomedefinedbenefitplansadjustmentbeforetaxportionattributabletoparent": -6768000000,
        "othercomprehensiveincomelossbeforetaxportionattributabletoparent": 7088000000,
        "othercomprehensiveincomelosstaxportionattributabletoparent1": 2058000000,
        "othercomprehensiveincomelossnetoftaxportionattributabletoparent": 5030000000,
        "comprehensiveincomenetoftax": 1834000000
    },
    {
        "date": "2022-06-29",
        "symbol": "IBM",
        "period": "Q2",
        "revenues": 7640000000,
        "costofrevenue": 5398000000,
        "grossprofit": 8290000000,
        "sellinggeneralandadministrativeexpense": 4855000000,
        "researchanddevelopmentexpense": 1673000000,
        "intellectualpropertyandcustomdevelopmentincome": 176000000,
        "otherincomeandexpense": -80000000,
        "interestexpense": 296000000,
        "expenseandotherincome": 6568000000,
        "incomelossfromcontinuingoperationsbeforeincometaxesextraordinaryitemsnoncontrollinginterest": 1722000000,
        "incometaxexpensebenefit": 257000000,
        "incomelossfromcontinuingoperations": 1465000000,
        "incomelossfromdiscontinuedoperationsnetoftaxattributabletoreportingentity": -73000000,
        "netincomeloss": 1392000000,
        "incomelossfromcontinuingoperationsperdilutedshare": 1.6099999999999999,
        "earningspersharediluted": 1.5299999999999998,
        "incomelossfromcontinuingoperationsperbasicshare": 1.6199999999999999,
        "earningspersharebasic": 1.54,
        "weightedaveragenumberofdilutedsharesoutstanding": 800000,
        "weightedaveragenumberofsharesoutstandingbasic": 1100000,
        "othercomprehensiveincomeforeigncurrencytransactionandtranslationadjustmentbeforetaxportionattributabletoparent": 213000000,
        "othercomprehensiveincomelosscashflowhedgegainlossbeforereclassificationandtax": 200000000,
        "othercomprehensiveincomelosscashflowhedgegainlossreclassificationbeforetax": -17000000,
        "othercomprehensiveincomelosscashflowhedgegainlossafterreclassificationbeforetaxparent": 217000000,
        "othercomprehensiveincomedefinedbenefitplannetpriorservicecostcreditarisingduringperiodbeforetax": 0,
        "othercomprehensiveincomelosspensionandotherpostretirementbenefitplansnetunamortizedgainlossarisingduringperiodbeforetax": 1000000,
        "othercomprehensiveincomelossfinalizationofpensionandnonpensionpostretirementplanvaluationbeforetax": 11000000,
        "othercomprehensiveincomelossamortizationadjustmentfromaocipensionandotherpostretirementbenefitplansfornetpriorservicecostcreditbeforetax": 6000000,
        "othercomprehensiveincomelossreclassificationadjustmentfromaocipensionandotherpostretirementbenefitplansfornetgainlossbeforetax": -449000000,
        "othercomprehensiveincomedefinedbenefitplansadjustmentbeforetaxportionattributabletoparent": -468000000,
        "othercomprehensiveincomelossbeforetaxportionattributabletoparent": 898000000,
        "othercomprehensiveincomelosstaxportionattributabletoparent1": 534000000,
        "othercomprehensiveincomelossnetoftaxportionattributabletoparent": 363000000,
        "comprehensiveincomenetoftax": 1755000000
    },
    {
        "date": "2022-03-30",
        "symbol": "IBM",
        "period": "Q1",
        "revenues": 7703000000,
        "costofrevenue": 5349000000,
        "grossprofit": 7335000000,
        "sellinggeneralandadministrativeexpense": 4597000000,
        "researchanddevelopmentexpense": 1679000000,
        "intellectualpropertyandcustomdevelopmentincome": 121000000,
        "otherincomeandexpense": 246000000,
        "interestexpense": 311000000,
        "expenseandotherincome": 6712000000,
        "incomelossfromcontinuingoperationsbeforeincometaxesextraordinaryitemsnoncontrollinginterest": 623000000,
        "incometaxexpensebenefit": -39000000,
        "incomelossfromcontinuingoperations": 662000000,
        "incomelossfromdiscontinuedoperationsnetoftaxattributabletoreportingentity": 71000000,
        "netincomeloss": 733000000,
        "incomelossfromcontinuingoperationsperdilutedshare": 0.73,
        "incomelossfromdiscontinuedoperationsnetoftaxperdilutedshare": 0.08,
        "earningspersharediluted": 0.81,
        "incomelossfromcontinuingoperationsperbasicshare": 0.74,
        "incomelossfromdiscontinuedoperationsnetoftaxperbasicshare": 0.08,
        "earningspersharebasic": 0.82,
        "weightedaveragenumberofdilutedsharesoutstanding": 909200000,
        "weightedaveragenumberofsharesoutstandingbasic": 899300000,
        "othercomprehensiveincomeforeigncurrencytransactionandtranslationadjustmentbeforetaxportionattributabletoparent": 442000000,
        "othercomprehensiveincomelosscashflowhedgegainlossbeforereclassificationandtax": 60000000,
        "othercomprehensiveincomelosscashflowhedgegainlossreclassificationbeforetax": 1000000,
        "othercomprehensiveincomelosscashflowhedgegainlossafterreclassificationbeforetaxparent": 59000000,
        "othercomprehensiveincomedefinedbenefitplannetpriorservicecostcreditarisingduringperiodbeforetax": 5000000,
        "othercomprehensiveincomelosspensionandotherpostretirementbenefitplansnetunamortizedgainlossarisingduringperiodbeforetax": 9000000,
        "othercomprehensiveincomelossfinalizationofpensionandnonpensionpostretirementplanvaluationbeforetax": 8000000,
        "othercomprehensiveincomelossamortizationadjustmentfromaocipensionandotherpostretirementbenefitplansfornetpriorservicecostcreditbeforetax": 7000000,
        "othercomprehensiveincomelossreclassificationadjustmentfromaocipensionandotherpostretirementbenefitplansfornetgainlossbeforetax": -468000000,
        "othercomprehensiveincomedefinedbenefitplansadjustmentbeforetaxportionattributabletoparent": -486000000,
        "othercomprehensiveincomelossbeforetaxportionattributabletoparent": 987000000,
        "othercomprehensiveincomelosstaxportionattributabletoparent1": 285000000,
        "othercomprehensiveincomelossnetoftaxportionattributabletoparent": 703000000,
        "comprehensiveincomenetoftax": 1436000000
    },
    {
        "date": "2021-12-30",
        "symbol": "IBM",
        "period": "Q4",
        "revenues": -5082000000,
        "costofrevenue": -4269000000,
        "grossprofit": 6107000000,
        "sellinggeneralandadministrativeexpense": 3377000000,
        "researchanddevelopmentexpense": 1581000000,
        "intellectualpropertyandcustomdevelopmentincome": 177000000,
        "otherincomeandexpense": -38000000,
        "interestexpense": 303000000,
        "expenseandotherincome": 5046000000,
        "incomelossfromcontinuingoperationsbeforeincometaxesextraordinaryitemsnoncontrollinginterest": 1061000000,
        "incometaxexpensebenefit": -241000000,
        "incomelossfromcontinuingoperations": 1301000000,
        "netincomeloss": 2333000000,
        "incomelossfromcontinuingoperationsperdilutedshare": 1.44,
        "earningspersharediluted": 2.5799999999999996,
        "incomelossfromcontinuingoperationsperbasicshare": 1.4500000000000004,
        "earningspersharebasic": 2.6000000000000005,
        "weightedaveragenumberofdilutedsharesoutstanding": 641001,
        "weightedaveragenumberofsharesoutstandingbasic": 690771,
        "othercomprehensiveincomeforeigncurrencytransactionandtranslationadjustmentbeforetaxportionattributabletoparent": 524000000,
        "othercomprehensiveincomelosscashflowhedgegainlossbeforereclassificationandtax": 82000000,
        "othercomprehensiveincomelosscashflowhedgegainlossreclassificationbeforetax": 39000000,
        "othercomprehensiveincomelosscashflowhedgegainlossafterreclassificationbeforetaxparent": 42000000,
        "othercomprehensiveincomelosspensionandotherpostretirementbenefitplansnetunamortizedgainlossarisingduringperiodbeforetax": 2410000000,
        "othercomprehensiveincomelossfinalizationofpensionandnonpensionpostretirementplanvaluationbeforetax": 48000000,
        "othercomprehensiveincomelossamortizationadjustmentfromaocipensionandotherpostretirementbenefitplansfornetpriorservicecostcreditbeforetax": 1000000,
        "othercomprehensiveincomelossreclassificationadjustmentfromaocipensionandotherpostretirementbenefitplansfornetgainlossbeforetax": -555000000,
        "othercomprehensiveincomedefinedbenefitplansadjustmentbeforetaxportionattributabletoparent": -2963000000,
        "othercomprehensiveincomelossbeforetaxportionattributabletoparent": 3528000000,
        "othercomprehensiveincomelosstaxportionattributabletoparent1": 725000000
    },
    {
        "date": "2021-09-29",
        "symbol": "IBM",
        "period": "Q3",
        "revenues": 11418000000,
        "costofrevenue": 7770000000,
        "grossprofit": 8171000000,
        "sellinggeneralandadministrativeexpense": 4860000000,
        "researchanddevelopmentexpense": 1621000000,
        "intellectualpropertyandcustomdevelopmentincome": 153000000,
        "otherincomeandexpense": 235000000,
        "interestexpense": 290000000,
        "expenseandotherincome": 6852000000,
        "incomelossfromcontinuingoperationsbeforeincometaxesextraordinaryitemsnoncontrollinginterest": 1319000000,
        "incometaxexpensebenefit": 188000000,
        "incomelossfromcontinuingoperations": 1130000000,
        "netincomeloss": 1130000000,
        "incomelossfromcontinuingoperationsperdilutedshare": 1.25,
        "earningspersharediluted": 1.25,
        "incomelossfromcontinuingoperationsperbasicshare": 1.26,
        "earningspersharebasic": 1.26,
        "weightedaveragenumberofdilutedsharesoutstanding": 1000000,
        "weightedaveragenumberofsharesoutstandingbasic": 1000000,
        "othercomprehensiveincomeforeigncurrencytransactionandtranslationadjustmentbeforetaxportionattributabletoparent": -114000000,
        "othercomprehensiveincomelosscashflowhedgegainlossbeforereclassificationandtax": 109000000,
        "othercomprehensiveincomelosscashflowhedgegainlossreclassificationbeforetax": -31000000,
        "othercomprehensiveincomelosscashflowhedgegainlossafterreclassificationbeforetaxparent": 141000000,
        "othercomprehensiveincomelosspensionandotherpostretirementbenefitplansnetunamortizedgainlossarisingduringperiodbeforetax": 1000000,
        "othercomprehensiveincomelossfinalizationofpensionandnonpensionpostretirementplanvaluationbeforetax": 12000000,
        "othercomprehensiveincomelossamortizationadjustmentfromaocipensionandotherpostretirementbenefitplansfornetpriorservicecostcreditbeforetax": 4000000,
        "othercomprehensiveincomelossreclassificationadjustmentfromaocipensionandotherpostretirementbenefitplansfornetgainlossbeforetax": -638000000,
        "othercomprehensiveincomedefinedbenefitplansadjustmentbeforetaxportionattributabletoparent": -656000000,
        "othercomprehensiveincomelossbeforetaxportionattributabletoparent": 684000000,
        "othercomprehensiveincomelosstaxportionattributabletoparent1": 333000000,
        "othercomprehensiveincomelossnetoftaxportionattributabletoparent": 350000000,
        "comprehensiveincomenetoftax": 1481000000
    },
    {
        "date": "2021-06-29",
        "symbol": "IBM",
        "period": "Q2",
        "revenues": 11485000000,
        "costofrevenue": 7871000000,
        "grossprofit": 9004000000,
        "sellinggeneralandadministrativeexpense": 5334000000,
        "researchanddevelopmentexpense": 1656000000,
        "intellectualpropertyandcustomdevelopmentincome": 135000000,
        "otherincomeandexpense": 314000000,
        "interestexpense": 282000000,
        "expenseandotherincome": 7452000000,
        "incomelossfromcontinuingoperationsbeforeincometaxesextraordinaryitemsnoncontrollinginterest": 1552000000,
        "incometaxexpensebenefit": 228000000,
        "incomelossfromcontinuingoperations": 1325000000,
        "incomelossfromdiscontinuedoperationsnetoftaxattributabletoreportingentity": 0,
        "netincomeloss": 1325000000,
        "incomelossfromcontinuingoperationsperdilutedshare": 1.46,
        "earningspersharediluted": 1.46,
        "incomelossfromcontinuingoperationsperbasicshare": 1.4799999999999998,
        "earningspersharebasic": 1.4799999999999998,
        "weightedaveragenumberofdilutedsharesoutstanding": 1300000,
        "weightedaveragenumberofsharesoutstandingbasic": 700000,
        "othercomprehensiveincomeforeigncurrencytransactionandtranslationadjustmentbeforetaxportionattributabletoparent": 28000000,
        "othercomprehensiveincomelosscashflowhedgegainlossbeforereclassificationandtax": -34000000,
        "othercomprehensiveincomelosscashflowhedgegainlossreclassificationbeforetax": -91000000,
        "othercomprehensiveincomelosscashflowhedgegainlossafterreclassificationbeforetaxparent": 57000000,
        "othercomprehensiveincomelosspensionandotherpostretirementbenefitplansnetunamortizedgainlossarisingduringperiodbeforetax": 2000000,
        "othercomprehensiveincomelossfinalizationofpensionandnonpensionpostretirementplanvaluationbeforetax": 17000000,
        "othercomprehensiveincomelossamortizationadjustmentfromaocipensionandotherpostretirementbenefitplansfornetpriorservicecostcreditbeforetax": 1000000,
        "othercomprehensiveincomelossreclassificationadjustmentfromaocipensionandotherpostretirementbenefitplansfornetgainlossbeforetax": -643000000,
        "othercomprehensiveincomedefinedbenefitplansadjustmentbeforetaxportionattributabletoparent": -661000000,
        "othercomprehensiveincomelossbeforetaxportionattributabletoparent": 744000000,
        "othercomprehensiveincomelosstaxportionattributabletoparent1": 140000000,
        "othercomprehensiveincomelossnetoftaxportionattributabletoparent": 605000000,
        "comprehensiveincomenetoftax": 1929000000
    },
    {
        "date": "2021-03-30",
        "symbol": "IBM",
        "period": "Q1",
        "revenues": 11404000000,
        "costofrevenue": 7775000000,
        "grossprofit": 8204000000,
        "sellinggeneralandadministrativeexpense": 5174000000,
        "researchanddevelopmentexpense": 1630000000,
        "intellectualpropertyandcustomdevelopmentincome": 147000000,
        "otherincomeandexpense": 362000000,
        "interestexpense": 280000000,
        "expenseandotherincome": 7299000000,
        "incomelossfromcontinuingoperationsbeforeincometaxesextraordinaryitemsnoncontrollinginterest": 905000000,
        "incometaxexpensebenefit": -51000000,
        "incomelossfromcontinuingoperations": 956000000,
        "incomelossfromdiscontinuedoperationsnetoftaxattributabletoreportingentity": -1000000,
        "netincomeloss": 955000000,
        "incomelossfromcontinuingoperationsperdilutedshare": 1.06,
        "earningspersharediluted": 1.06,
        "incomelossfromcontinuingoperationsperbasicshare": 1.07,
        "earningspersharebasic": 1.07,
        "weightedaveragenumberofdilutedsharesoutstanding": 901700000,
        "weightedaveragenumberofsharesoutstandingbasic": 893600000,
        "othercomprehensiveincomeforeigncurrencytransactionandtranslationadjustmentbeforetaxportionattributabletoparent": 549000000,
        "othercomprehensiveincomelosscashflowhedgegainlossbeforereclassificationandtax": 187000000,
        "othercomprehensiveincomelosscashflowhedgegainlossreclassificationbeforetax": -160000000,
        "othercomprehensiveincomelosscashflowhedgegainlossafterreclassificationbeforetaxparent": 347000000,
        "othercomprehensiveincomelosspensionandotherpostretirementbenefitplansnetunamortizedgainlossarisingduringperiodbeforetax": 20000000,
        "othercomprehensiveincomelossfinalizationofpensionandnonpensionpostretirementplanvaluationbeforetax": 17000000,
        "othercomprehensiveincomelossamortizationadjustmentfromaocipensionandotherpostretirementbenefitplansfornetpriorservicecostcreditbeforetax": 3000000,
        "othercomprehensiveincomelossreclassificationadjustmentfromaocipensionandotherpostretirementbenefitplansfornetgainlossbeforetax": -648000000,
        "othercomprehensiveincomedefinedbenefitplansadjustmentbeforetaxportionattributabletoparent": -689000000,
        "othercomprehensiveincomelossbeforetaxportionattributabletoparent": 1586000000,
        "othercomprehensiveincomelosstaxportionattributabletoparent1": 505000000,
        "othercomprehensiveincomelossnetoftaxportionattributabletoparent": 1080000000,
        "comprehensiveincomenetoftax": 2036000000
    },
    {
        "date": "2020-12-30",
        "symbol": "IBM",
        "period": "Q4",
        "revenues": 11513000000,
        "costofrevenue": 7684000000,
        "grossprofit": 10523000000,
        "sellinggeneralandadministrativeexpense": 7232000000,
        "researchanddevelopmentexpense": 1611000000,
        "intellectualpropertyandcustomdevelopmentincome": 173000000,
        "otherincomeandexpense": 247000000,
        "interestexpense": 316000000,
        "expenseandotherincome": 9233000000,
        "incomelossfromcontinuingoperationsbeforeincometaxesextraordinaryitemsnoncontrollinginterest": 1288000000,
        "incometaxexpensebenefit": 25000000,
        "incomelossfromcontinuingoperations": 1265000000,
        "incomelossfromdiscontinuedoperationsnetoftaxattributabletoreportingentity": 92000000,
        "netincomeloss": 1356000000,
        "incomelossfromcontinuingoperationsperdilutedshare": 1.4100000000000001,
        "earningspersharediluted": 1.5100000000000007,
        "incomelossfromcontinuingoperationsperbasicshare": 1.429999999999999,
        "earningspersharebasic": 1.5300000000000005,
        "weightedaveragenumberofsharesoutstandingbasic": -889751321,
        "othercomprehensiveincomeforeigncurrencytransactionandtranslationadjustmentbeforetaxportionattributabletoparent": -146000000,
        "othercomprehensiveincomelosscashflowhedgegainlossbeforereclassificationandtax": -101000000,
        "othercomprehensiveincomelosscashflowhedgegainlossreclassificationbeforetax": -16000000,
        "othercomprehensiveincomelosscashflowhedgegainlossafterreclassificationbeforetaxparent": -85000000,
        "othercomprehensiveincomelossfinalizationofpensionandnonpensionpostretirementplanvaluationbeforetax": 10000000,
        "othercomprehensiveincomelossreclassificationadjustmentfromaocipensionandotherpostretirementbenefitplansfornetgainlossbeforetax": -592000000,
        "othercomprehensiveincomedefinedbenefitplansadjustmentbeforetaxportionattributabletoparent": 1162000000,
        "othercomprehensiveincomelossbeforetaxportionattributabletoparent": -1393000000,
        "othercomprehensiveincomelosstaxportionattributabletoparent1": -641000000,
        "othercomprehensiveincomelossnetoftaxportionattributabletoparent": -752000000,
        "comprehensiveincomenetoftax": 603000000
    },
    {
        "date": "2020-09-29",
        "symbol": "IBM",
        "period": "Q3",
        "revenues": 11180000000,
        "costofrevenue": 7357000000,
        "grossprofit": 8430000000,
        "sellinggeneralandadministrativeexpense": 4647000000,
        "researchanddevelopmentexpense": 1515000000,
        "intellectualpropertyandcustomdevelopmentincome": 134000000,
        "otherincomeandexpense": 253000000,
        "interestexpense": 323000000,
        "expenseandotherincome": 6603000000,
        "incomelossfromcontinuingoperationsbeforeincometaxesextraordinaryitemsnoncontrollinginterest": 1827000000,
        "incometaxexpensebenefit": 128000000,
        "incomelossfromcontinuingoperations": 1698000000,
        "incomelossfromdiscontinuedoperationsnetoftaxattributabletoreportingentity": -1000000,
        "netincomeloss": 1698000000,
        "incomelossfromcontinuingoperationsperdilutedshare": 1.89,
        "earningspersharediluted": 1.89,
        "incomelossfromcontinuingoperationsperbasicshare": 1.9,
        "earningspersharebasic": 1.9,
        "weightedaveragenumberofdilutedsharesoutstanding": 897300000,
        "weightedaveragenumberofsharesoutstandingbasic": 891400000,
        "othercomprehensiveincomeforeigncurrencytransactionandtranslationadjustmentbeforetaxportionattributabletoparent": -439000000,
        "othercomprehensiveincomeunrealizedholdinggainlossonsecuritiesarisingduringperiodbeforetax": -1000000,
        "othercomprehensiveincomeavailableforsalesecuritiesadjustmentbeforetaxportionattributabletoparent": -1000000,
        "othercomprehensiveincomelosscashflowhedgegainlossbeforereclassificationandtax": -32000000,
        "othercomprehensiveincomelosscashflowhedgegainlossreclassificationbeforetax": 69000000,
        "othercomprehensiveincomelosscashflowhedgegainlossafterreclassificationbeforetaxparent": -101000000,
        "othercomprehensiveincomedefinedbenefitplannetpriorservicecostcreditarisingduringperiodbeforetax": 1000000,
        "othercomprehensiveincomelossfinalizationofpensionandnonpensionpostretirementplanvaluationbeforetax": 21000000,
        "othercomprehensiveincomelossreclassificationadjustmentfromaocipensionandotherpostretirementbenefitplansfornetgainlossbeforetax": -586000000,
        "othercomprehensiveincomedefinedbenefitplansadjustmentbeforetaxportionattributabletoparent": -607000000,
        "othercomprehensiveincomelossbeforetaxportionattributabletoparent": 66000000,
        "othercomprehensiveincomelosstaxportionattributabletoparent1": -106000000,
        "othercomprehensiveincomelossnetoftaxportionattributabletoparent": 172000000,
        "comprehensiveincomenetoftax": 1870000000
    },
    {
        "date": "2020-06-29",
        "symbol": "IBM",
        "period": "Q2",
        "revenues": 10938000000,
        "costofrevenue": 7520000000,
        "grossprofit": 8700000000,
        "sellinggeneralandadministrativeexpense": 5248000000,
        "researchanddevelopmentexpense": 1582000000,
        "intellectualpropertyandcustomdevelopmentincome": 203000000,
        "otherincomeandexpense": 179000000,
        "interestexpense": 323000000,
        "expenseandotherincome": 7129000000,
        "incomelossfromcontinuingoperationsbeforeincometaxesextraordinaryitemsnoncontrollinginterest": 1571000000,
        "incometaxexpensebenefit": 209000000,
        "incomelossfromcontinuingoperations": 1362000000,
        "incomelossfromdiscontinuedoperationsnetoftaxattributabletoreportingentity": -1000000,
        "netincomeloss": 1361000000,
        "incomelossfromcontinuingoperationsperdilutedshare": 1.52,
        "earningspersharediluted": 1.52,
        "incomelossfromcontinuingoperationsperbasicshare": 1.53,
        "earningspersharebasic": 1.53,
        "weightedaveragenumberofdilutedsharesoutstanding": 0,
        "weightedaveragenumberofsharesoutstandingbasic": 700000,
        "othercomprehensiveincomeforeigncurrencytransactionandtranslationadjustmentbeforetaxportionattributabletoparent": 4000000,
        "othercomprehensiveincomelosscashflowhedgegainlossbeforereclassificationandtax": -36000000,
        "othercomprehensiveincomelosscashflowhedgegainlossreclassificationbeforetax": 59000000,
        "othercomprehensiveincomelosscashflowhedgegainlossafterreclassificationbeforetaxparent": -94000000,
        "othercomprehensiveincomedefinedbenefitplannetpriorservicecostcreditarisingduringperiodbeforetax": 0,
        "othercomprehensiveincomelosspensionandotherpostretirementbenefitplansnetunamortizedgainlossarisingduringperiodbeforetax": 57000000,
        "othercomprehensiveincomelossfinalizationofpensionandnonpensionpostretirementplanvaluationbeforetax": 13000000,
        "othercomprehensiveincomelossamortizationadjustmentfromaocipensionandotherpostretirementbenefitplansfornetpriorservicecostcreditbeforetax": 0,
        "othercomprehensiveincomelossreclassificationadjustmentfromaocipensionandotherpostretirementbenefitplansfornetgainlossbeforetax": -566000000,
        "othercomprehensiveincomedefinedbenefitplansadjustmentbeforetaxportionattributabletoparent": -637000000,
        "othercomprehensiveincomelossbeforetaxportionattributabletoparent": 548000000,
        "othercomprehensiveincomelosstaxportionattributabletoparent1": 21000000,
        "othercomprehensiveincomelossnetoftaxportionattributabletoparent": 526000000,
        "comprehensiveincomenetoftax": 1888000000
    },
    {
        "date": "2020-03-30",
        "symbol": "IBM",
        "period": "Q1",
        "revenues": 11373000000,
        "costofrevenue": 7843000000,
        "grossprofit": 7922000000,
        "sellinggeneralandadministrativeexpense": 5955000000,
        "researchanddevelopmentexpense": 1625000000,
        "intellectualpropertyandcustomdevelopmentincome": 116000000,
        "otherincomeandexpense": 182000000,
        "interestexpense": 326000000,
        "expenseandotherincome": 7972000000,
        "incomelossfromcontinuingoperationsbeforeincometaxesextraordinaryitemsnoncontrollinginterest": -49000000,
        "incometaxexpensebenefit": -1226000000,
        "incomelossfromcontinuingoperations": 1176000000,
        "incomelossfromdiscontinuedoperationsnetoftaxattributabletoreportingentity": -1000000,
        "netincomeloss": 1175000000,
        "incomelossfromcontinuingoperationsperdilutedshare": 1.31,
        "earningspersharediluted": 1.31,
        "incomelossfromcontinuingoperationsperbasicshare": 1.32,
        "earningspersharebasic": 1.32,
        "weightedaveragenumberofdilutedsharesoutstanding": 895000000,
        "weightedaveragenumberofsharesoutstandingbasic": 888000000,
        "othercomprehensiveincomeforeigncurrencytransactionandtranslationadjustmentbeforetaxportionattributabletoparent": -919000000,
        "othercomprehensiveincomelosscashflowhedgegainlossbeforereclassificationandtax": -180000000,
        "othercomprehensiveincomelosscashflowhedgegainlossreclassificationbeforetax": -91000000,
        "othercomprehensiveincomelosscashflowhedgegainlossafterreclassificationbeforetaxparent": -90000000,
        "othercomprehensiveincomedefinedbenefitplannetpriorservicecostcreditarisingduringperiodbeforetax": 4000000,
        "othercomprehensiveincomelosspensionandotherpostretirementbenefitplansnetunamortizedgainlossarisingduringperiodbeforetax": 8000000,
        "othercomprehensiveincomelossfinalizationofpensionandnonpensionpostretirementplanvaluationbeforetax": 8000000,
        "othercomprehensiveincomelossamortizationadjustmentfromaocipensionandotherpostretirementbenefitplansfornetpriorservicecostcreditbeforetax": 1000000,
        "othercomprehensiveincomelossreclassificationadjustmentfromaocipensionandotherpostretirementbenefitplansfornetgainlossbeforetax": -570000000,
        "othercomprehensiveincomedefinedbenefitplansadjustmentbeforetaxportionattributabletoparent": -582000000,
        "othercomprehensiveincomelossbeforetaxportionattributabletoparent": -427000000,
        "othercomprehensiveincomelosstaxportionattributabletoparent1": 260000000,
        "othercomprehensiveincomelossnetoftaxportionattributabletoparent": -686000000,
        "comprehensiveincomenetoftax": 489000000
    },
    {
        "date": "2019-12-30",
        "symbol": "IBM",
        "period": "Q4",
        "revenues": 48493000000,
        "costofrevenue": 32691000000,
        "grossprofit": 11100000000,
        "sellinggeneralandadministrativeexpense": 5433000000,
        "researchanddevelopmentexpense": 1596000000,
        "intellectualpropertyandcustomdevelopmentincome": 159000000,
        "otherincomeandexpense": -118000000,
        "interestexpense": 354000000,
        "expenseandotherincome": 7107000000,
        "incomelossfromcontinuingoperationsbeforeincometaxesextraordinaryitemsnoncontrollinginterest": 3993000000,
        "incometaxexpensebenefit": 324000000,
        "incomelossfromcontinuingoperations": 3669000000,
        "incomelossfromdiscontinuedoperationsnetoftaxattributabletoreportingentity": 1000000,
        "netincomeloss": 3670000000,
        "incomelossfromcontinuingoperationsperdilutedshare": 4.11,
        "earningspersharediluted": 4.11,
        "incomelossfromcontinuingoperationsperbasicshare": 4.13,
        "earningspersharebasic": 4.14,
        "weightedaveragenumberofdilutedsharesoutstanding": 313376,
        "weightedaveragenumberofsharesoutstandingbasic": -64895,
        "othercomprehensiveincomeforeigncurrencytransactionandtranslationadjustmentbeforetaxportionattributabletoparent": 294000000,
        "othercomprehensiveincomeunrealizedholdinggainlossonsecuritiesarisingduringperiodbeforetax": 0,
        "othercomprehensiveincomeavailableforsalesecuritiesadjustmentbeforetaxportionattributabletoparent": 0,
        "othercomprehensiveincomelosscashflowhedgegainlossbeforereclassificationandtax": 109000000,
        "othercomprehensiveincomelosscashflowhedgegainlossreclassificationbeforetax": 343000000,
        "othercomprehensiveincomelosscashflowhedgegainlossafterreclassificationbeforetaxparent": -234000000,
        "othercomprehensiveincomelosspensionandotherpostretirementbenefitplansnetunamortizedgainlossarisingduringperiodbeforetax": -233000000,
        "othercomprehensiveincomelossfinalizationofpensionandnonpensionpostretirementplanvaluationbeforetax": 34000000,
        "othercomprehensiveincomelossamortizationadjustmentfromaocipensionandotherpostretirementbenefitplansfornetpriorservicecostcreditbeforetax": 0,
        "othercomprehensiveincomelossreclassificationadjustmentfromaocipensionandotherpostretirementbenefitplansfornetgainlossbeforetax": -458000000,
        "othercomprehensiveincomedefinedbenefitplansadjustmentbeforetaxportionattributabletoparent": -185000000,
        "othercomprehensiveincomelossbeforetaxportionattributabletoparent": 245000000,
        "othercomprehensiveincomelosstaxportionattributabletoparent1": -244000000,
        "othercomprehensiveincomelossnetoftaxportionattributabletoparent": 489000000,
        "comprehensiveincomenetoftax": 4159000000
    },
    {
        "date": "2019-09-29",
        "symbol": "IBM",
        "period": "Q3",
        "revenues": -14843000000,
        "costofrevenue": -8462000000,
        "grossprofit": 8335000000,
        "sellinggeneralandadministrativeexpense": 9737000000,
        "researchanddevelopmentexpense": 1553000000,
        "intellectualpropertyandcustomdevelopmentincome": 166000000,
        "otherincomeandexpense": -190000000,
        "interestexpense": 609000000,
        "expenseandotherincome": 6813000000,
        "incomelossfromcontinuingoperationsbeforeincometaxesextraordinaryitemsnoncontrollinginterest": 3607000000,
        "incometaxexpensebenefit": 132000000,
        "incomelossfromcontinuingoperations": 1674000000,
        "incomelossfromdiscontinuedoperationsnetoftaxattributabletoreportingentity": -2000000,
        "netincomeloss": 3247000000,
        "incomelossfromcontinuingoperationsperdilutedshare": 1.8699999999999999,
        "earningspersharediluted": 1.86,
        "incomelossfromcontinuingoperationsperbasicshare": 1.8900000000000001,
        "earningspersharebasic": 1.8800000000000003,
        "weightedaveragenumberofdilutedsharesoutstanding": -892210526,
        "weightedaveragenumberofsharesoutstandingbasic": -888581542,
        "othercomprehensiveincomeforeigncurrencytransactionandtranslationadjustmentbeforetaxportionattributabletoparent": -509000000,
        "othercomprehensiveincomeunrealizedholdinggainlossonsecuritiesarisingduringperiodbeforetax": 4000000,
        "othercomprehensiveincomeavailableforsalesecuritiesadjustmentbeforetaxportionattributabletoparent": 4000000,
        "othercomprehensiveincomelosscashflowhedgegainlossbeforereclassificationandtax": -440000000,
        "othercomprehensiveincomelosscashflowhedgegainlossreclassificationbeforetax": -488000000,
        "othercomprehensiveincomelosscashflowhedgegainlossafterreclassificationbeforetaxparent": 49000000,
        "othercomprehensiveincomelosspensionandotherpostretirementbenefitplansnetunamortizedgainlossarisingduringperiodbeforetax": 1000000,
        "othercomprehensiveincomelossfinalizationofpensionandnonpensionpostretirementplanvaluationbeforetax": 3000000,
        "othercomprehensiveincomelossamortizationadjustmentfromaocipensionandotherpostretirementbenefitplansfornetpriorservicecostcreditbeforetax": -3000000,
        "othercomprehensiveincomelossreclassificationadjustmentfromaocipensionandotherpostretirementbenefitplansfornetgainlossbeforetax": -461000000,
        "othercomprehensiveincomedefinedbenefitplansadjustmentbeforetaxportionattributabletoparent": -462000000,
        "othercomprehensiveincomelossbeforetaxportionattributabletoparent": 4000000,
        "othercomprehensiveincomelosstaxportionattributabletoparent1": 249000000,
        "othercomprehensiveincomelossnetoftaxportionattributabletoparent": -244000000,
        "comprehensiveincomenetoftax": 1427000000
    },
    {
        "date": "2019-06-29",
        "symbol": "IBM",
        "period": "Q2",
        "revenues": 12352000000,
        "costofrevenue": 8272000000,
        "grossprofit": 9010000000,
        "sellinggeneralandadministrativeexpense": 5456000000,
        "researchanddevelopmentexpense": 1407000000,
        "intellectualpropertyandcustomdevelopmentincome": 222000000,
        "otherincomeandexpense": -747000000,
        "interestexpense": 348000000,
        "expenseandotherincome": 6242000000,
        "incomelossfromcontinuingoperationsbeforeincometaxesextraordinaryitemsnoncontrollinginterest": 2768000000,
        "incometaxexpensebenefit": 269000000,
        "incomelossfromcontinuingoperations": 2499000000,
        "incomelossfromdiscontinuedoperationsnetoftaxattributabletoreportingentity": -1000000,
        "netincomeloss": 2498000000,
        "incomelossfromcontinuingoperationsperdilutedshare": 2.81,
        "earningspersharediluted": 2.81,
        "incomelossfromcontinuingoperationsperbasicshare": 2.82,
        "earningspersharebasic": 2.82,
        "weightedaveragenumberofdilutedsharesoutstanding": 890800000,
        "weightedaveragenumberofsharesoutstandingbasic": 886300000,
        "othercomprehensiveincomeforeigncurrencytransactionandtranslationadjustmentbeforetaxportionattributabletoparent": 5000000,
        "othercomprehensiveincomeunrealizedholdinggainlossonsecuritiesarisingduringperiodbeforetax": -2000000,
        "othercomprehensiveincomeavailableforsalesecuritiesadjustmentbeforetaxportionattributabletoparent": -2000000,
        "othercomprehensiveincomelosscashflowhedgegainlossbeforereclassificationandtax": -6000000,
        "othercomprehensiveincomelosscashflowhedgegainlossreclassificationbeforetax": 168000000,
        "othercomprehensiveincomelosscashflowhedgegainlossafterreclassificationbeforetaxparent": -175000000,
        "othercomprehensiveincomelosspensionandotherpostretirementbenefitplansnetunamortizedgainlossarisingduringperiodbeforetax": 116000000,
        "othercomprehensiveincomelossfinalizationofpensionandnonpensionpostretirementplanvaluationbeforetax": 3000000,
        "othercomprehensiveincomelossamortizationadjustmentfromaocipensionandotherpostretirementbenefitplansfornetpriorservicecostcreditbeforetax": -3000000,
        "othercomprehensiveincomelossreclassificationadjustmentfromaocipensionandotherpostretirementbenefitplansfornetgainlossbeforetax": -460000000,
        "othercomprehensiveincomedefinedbenefitplansadjustmentbeforetaxportionattributabletoparent": -576000000,
        "othercomprehensiveincomelossbeforetaxportionattributabletoparent": 405000000,
        "othercomprehensiveincomelosstaxportionattributabletoparent1": 64000000,
        "othercomprehensiveincomelossnetoftaxportionattributabletoparent": 340000000,
        "comprehensiveincomenetoftax": 2839000000
    },
    {
        "date": "2019-03-30",
        "symbol": "IBM",
        "period": "Q1",
        "revenues": 1491000000,
        "costofrevenue": -10000000,
        "grossprofit": 8043000000,
        "sellinggeneralandadministrativeexpense": -22000000,
        "researchanddevelopmentexpense": 1433000000,
        "intellectualpropertyandcustomdevelopmentincome": 101000000,
        "otherincomeandexpense": 87000000,
        "interestexpense": 33000000,
        "expenseandotherincome": 6160000000,
        "incomelossfromcontinuingoperationsbeforeincometaxesextraordinaryitemsnoncontrollinginterest": -202000000,
        "incometaxexpensebenefit": 6000000,
        "incomelossfromcontinuingoperations": 1593000000,
        "incomelossfromdiscontinuedoperationsnetoftaxattributabletoreportingentity": -2000000,
        "netincomeloss": 16000000,
        "incomelossfromcontinuingoperationsperdilutedshare": 1.78,
        "earningspersharediluted": 1.78,
        "incomelossfromcontinuingoperationsperbasicshare": 1.79,
        "earningspersharebasic": 1.79,
        "weightedaveragenumberofdilutedsharesoutstanding": 893910526,
        "weightedaveragenumberofsharesoutstandingbasic": 889581542,
        "othercomprehensiveincomeforeigncurrencytransactionandtranslationadjustmentbeforetaxportionattributabletoparent": 171000000,
        "othercomprehensiveincomeunrealizedholdinggainlossonsecuritiesarisingduringperiodbeforetax": -1000000,
        "othercomprehensiveincomeavailableforsalesecuritiesadjustmentbeforetaxportionattributabletoparent": -1000000,
        "othercomprehensiveincomelosscashflowhedgegainlossbeforereclassificationandtax": -352000000,
        "othercomprehensiveincomelosscashflowhedgegainlossreclassificationbeforetax": -98000000,
        "othercomprehensiveincomelosscashflowhedgegainlossafterreclassificationbeforetaxparent": -254000000,
        "othercomprehensiveincomelosspensionandotherpostretirementbenefitplansnetunamortizedgainlossarisingduringperiodbeforetax": -4000000,
        "othercomprehensiveincomelossfinalizationofpensionandnonpensionpostretirementplanvaluationbeforetax": 1000000,
        "othercomprehensiveincomelossamortizationadjustmentfromaocipensionandotherpostretirementbenefitplansfornetpriorservicecostcreditbeforetax": -3000000,
        "othercomprehensiveincomelossreclassificationadjustmentfromaocipensionandotherpostretirementbenefitplansfornetgainlossbeforetax": -464000000,
        "othercomprehensiveincomedefinedbenefitplansadjustmentbeforetaxportionattributabletoparent": -458000000,
        "othercomprehensiveincomelossbeforetaxportionattributabletoparent": 375000000,
        "othercomprehensiveincomelosstaxportionattributabletoparent1": 67000000,
        "othercomprehensiveincomelossnetoftaxportionattributabletoparent": 308000000,
        "comprehensiveincomenetoftax": 1899000000
    },
    {
        "date": "2018-12-30",
        "symbol": "IBM",
        "period": "Q4",
        "revenues": 15941000000,
        "costofrevenue": -1000000,
        "grossprofit": 33000000,
        "sellinggeneralandadministrativeexpense": -21000000,
        "researchanddevelopmentexpense": 1358000000,
        "intellectualpropertyandcustomdevelopmentincome": 184000000,
        "otherincomeandexpense": 40000000,
        "interestexpense": -37000000,
        "expenseandotherincome": 6253000000,
        "incomelossfromcontinuingoperationsbeforeincometaxesextraordinaryitemsnoncontrollinginterest": 1391000000,
        "incometaxexpensebenefit": -14000000,
        "incomelossfromcontinuingoperations": 1953000000,
        "incomelossfromdiscontinuedoperationsnetoftaxattributabletoreportingentity": -2000000,
        "netincomeloss": -43000000,
        "incomelossfromcontinuingoperationsperdilutedshare": 0.010000000000000009,
        "earningspersharediluted": 2.1500000000000004,
        "incomelossfromcontinuingoperationsperbasicshare": 0.010000000000000009,
        "earningspersharebasic": 2.17,
        "weightedaveragenumberofdilutedsharesoutstanding": -3691176,
        "weightedaveragenumberofsharesoutstandingbasic": -3584429,
        "othercomprehensiveincomeforeigncurrencytransactionandtranslationadjustmentbeforetaxportionattributabletoparent": -195000000,
        "othercomprehensiveincomelosscashflowhedgegainlossbeforereclassificationandtax": -2000000,
        "othercomprehensiveincomelosscashflowhedgegainlossreclassificationbeforetax": -41000000,
        "othercomprehensiveincomelosscashflowhedgegainlossafterreclassificationbeforetaxparent": 39000000,
        "othercomprehensiveincomelosspensionandotherpostretirementbenefitplansnetunamortizedgainlossarisingduringperiodbeforetax": -1673000000,
        "othercomprehensiveincomelossamortizationadjustmentfromaocipensionandotherpostretirementbenefitplansfornetpriorservicecostcreditbeforetax": -28000000,
        "othercomprehensiveincomelossreclassificationadjustmentfromaocipensionandotherpostretirementbenefitplansfornetgainlossbeforetax": 830000000,
        "othercomprehensiveincomedefinedbenefitplansadjustmentbeforetaxportionattributabletoparent": 2060000000,
        "othercomprehensiveincomelossbeforetaxportionattributabletoparent": -2216000000,
        "othercomprehensiveincomelosstaxportionattributabletoparent1": -545000000,
        "othercomprehensiveincomelossnetoftaxportionattributabletoparent": -1670000000,
        "comprehensiveincomenetoftax": 282000000
    },
    {
        "date": "2018-09-29",
        "symbol": "IBM",
        "period": "Q3",
        "revenues": 8533000000,
        "costofrevenue": -1000000,
        "grossprofit": 4000000,
        "sellinggeneralandadministrativeexpense": -7000000,
        "researchanddevelopmentexpense": 1252000000,
        "intellectualpropertyandcustomdevelopmentincome": 275000000,
        "otherincomeandexpense": 8000000,
        "interestexpense": 37000000,
        "expenseandotherincome": 5807000000,
        "incomelossfromcontinuingoperationsbeforeincometaxesextraordinaryitemsnoncontrollinginterest": 1075000000,
        "incometaxexpensebenefit": 2000000,
        "incomelossfromcontinuingoperations": 2692000000,
        "incomelossfromdiscontinuedoperationsnetoftaxattributabletoreportingentity": 2000000,
        "netincomeloss": 5000000,
        "incomelossfromcontinuingoperationsperdilutedshare": 0.030000000000000027,
        "earningspersharediluted": 2.94,
        "incomelossfromcontinuingoperationsperbasicshare": 0.030000000000000027,
        "earningspersharebasic": 2.95,
        "weightedaveragenumberofdilutedsharesoutstanding": -2397130,
        "weightedaveragenumberofsharesoutstandingbasic": -2239827,
        "commonstockdividendspersharecashpaid": 1.5699999999999998,
        "othercomprehensiveincomeforeigncurrencytransactionandtranslationadjustmentbeforetaxportionattributabletoparent": -22000000,
        "othercomprehensiveincomeavailableforsalesecuritiesadjustmentbeforetaxportionattributabletoparent": 0,
        "othercomprehensiveincomelosscashflowhedgegainlossbeforereclassificationandtax": -45000000,
        "othercomprehensiveincomelosscashflowhedgegainlossreclassificationbeforetax": -28000000,
        "othercomprehensiveincomelosscashflowhedgegainlossafterreclassificationbeforetaxparent": -18000000,
        "othercomprehensiveincomelosspensionandotherpostretirementbenefitplansnetunamortizedgainlossarisingduringperiodbeforetax": -1000000,
        "othercomprehensiveincomelossamortizationadjustmentfromaocipensionandotherpostretirementbenefitplansfornetpriorservicecostcreditbeforetax": -18000000,
        "othercomprehensiveincomelossreclassificationadjustmentfromaocipensionandotherpostretirementbenefitplansfornetgainlossbeforetax": -737000000,
        "othercomprehensiveincomedefinedbenefitplansadjustmentbeforetaxportionattributabletoparent": -719000000,
        "othercomprehensiveincomelossbeforetaxportionattributabletoparent": 679000000,
        "othercomprehensiveincomelosstaxportionattributabletoparent1": 209000000,
        "othercomprehensiveincomelossnetoftaxportionattributabletoparent": 470000000,
        "comprehensiveincomenetoftax": 3163000000
    },
    {
        "date": "2018-06-29",
        "symbol": "IBM",
        "period": "Q2",
        "revenues": 8784000000,
        "costofrevenue": -45000000,
        "grossprofit": 14000000,
        "sellinggeneralandadministrativeexpense": 3000000,
        "researchanddevelopmentexpense": 1364000000,
        "intellectualpropertyandcustomdevelopmentincome": 250000000,
        "otherincomeandexpense": 397000000,
        "interestexpense": 37000000,
        "expenseandotherincome": 6423000000,
        "incomelossfromcontinuingoperationsbeforeincometaxesextraordinaryitemsnoncontrollinginterest": 884000000,
        "incometaxexpensebenefit": -1000000,
        "incomelossfromcontinuingoperations": 2403000000,
        "incomelossfromdiscontinuedoperationsnetoftaxattributabletoreportingentity": 1000000,
        "netincomeloss": -2000000,
        "incomelossfromcontinuingoperationsperdilutedshare": -1.82,
        "earningspersharediluted": 2.6199999999999997,
        "incomelossfromcontinuingoperationsperbasicshare": -1.83,
        "earningspersharebasic": 4.46,
        "weightedaveragenumberofdilutedsharesoutstanding": -3005414,
        "weightedaveragenumberofsharesoutstandingbasic": -2807894,
        "commonstockdividendspersharecashpaid": 1.5699999999999998,
        "othercomprehensiveincomeforeigncurrencytransactionandtranslationadjustmentbeforetaxportionattributabletoparent": -346000000,
        "othercomprehensiveincomeunrealizedholdinggainlossonsecuritiesarisingduringperiodbeforetax": 0,
        "othercomprehensiveincomeavailableforsalesecuritiesadjustmentbeforetaxportionattributabletoparent": 1000000,
        "othercomprehensiveincomelosscashflowhedgegainlossbeforereclassificationandtax": -150000000,
        "othercomprehensiveincomelosscashflowhedgegainlossreclassificationbeforetax": -434000000,
        "othercomprehensiveincomelosscashflowhedgegainlossafterreclassificationbeforetaxparent": 285000000,
        "othercomprehensiveincomedefinedbenefitplannetpriorservicecostcreditarisingduringperiodbeforetax": 0,
        "othercomprehensiveincomelosspensionandotherpostretirementbenefitplansnetunamortizedgainlossarisingduringperiodbeforetax": 82000000,
        "othercomprehensiveincomelossamortizationadjustmentfromaocipensionandotherpostretirementbenefitplansfornetpriorservicecostcreditbeforetax": -18000000,
        "othercomprehensiveincomelossreclassificationadjustmentfromaocipensionandotherpostretirementbenefitplansfornetgainlossbeforetax": -741000000,
        "othercomprehensiveincomedefinedbenefitplansadjustmentbeforetaxportionattributabletoparent": -810000000,
        "othercomprehensiveincomelossbeforetaxportionattributabletoparent": 749000000,
        "othercomprehensiveincomelosstaxportionattributabletoparent1": 455000000,
        "othercomprehensiveincomelossnetoftaxportionattributabletoparent": 294000000,
        "comprehensiveincomenetoftax": 2698000000
    },
    {
        "date": "2018-03-30",
        "symbol": "IBM",
        "period": "Q1",
        "revenues": 8766000000,
        "costofrevenue": 17000000,
        "grossprofit": -28000000,
        "sellinggeneralandadministrativeexpense": 18000000,
        "researchanddevelopmentexpense": 1405000000,
        "intellectualpropertyandcustomdevelopmentincome": 317000000,
        "otherincomeandexpense": -104000000,
        "interestexpense": 34000000,
        "expenseandotherincome": 7111000000,
        "incomelossfromcontinuingoperationsbeforeincometaxesextraordinaryitemsnoncontrollinginterest": 436000000,
        "incometaxexpensebenefit": -5000000,
        "incomelossfromcontinuingoperations": 1675000000,
        "incomelossfromdiscontinuedoperationsnetoftaxattributabletoreportingentity": 4000000,
        "netincomeloss": -13000000,
        "incomelossfromcontinuingoperationsperdilutedshare": 1.81,
        "earningspersharediluted": 1.81,
        "incomelossfromcontinuingoperationsperbasicshare": 1.82,
        "earningspersharebasic": -0.01,
        "weightedaveragenumberofdilutedsharesoutstanding": 925409434,
        "weightedaveragenumberofsharesoutstandingbasic": 920680222,
        "commonstockdividendspersharecashpaid": 1.5,
        "othercomprehensiveincomeforeigncurrencytransactionandtranslationadjustmentbeforetaxportionattributabletoparent": -167000000,
        "othercomprehensiveincomeunrealizedholdinggainlossonsecuritiesarisingduringperiodbeforetax": -2000000,
        "othercomprehensiveincomeavailableforsalesecuritiesadjustmentbeforetaxportionattributabletoparent": -3000000,
        "othercomprehensiveincomelosscashflowhedgegainlossbeforereclassificationandtax": 61000000,
        "othercomprehensiveincomelosscashflowhedgegainlossreclassificationbeforetax": 54000000,
        "othercomprehensiveincomelosscashflowhedgegainlossafterreclassificationbeforetaxparent": 7000000,
        "othercomprehensiveincomedefinedbenefitplannetpriorservicecostcreditarisingduringperiodbeforetax": 1000000,
        "othercomprehensiveincomelosspensionandotherpostretirementbenefitplansnetunamortizedgainlossarisingduringperiodbeforetax": 2000000,
        "othercomprehensiveincomelossamortizationadjustmentfromaocipensionandotherpostretirementbenefitplansfornetpriorservicecostcreditbeforetax": -19000000,
        "othercomprehensiveincomelossreclassificationadjustmentfromaocipensionandotherpostretirementbenefitplansfornetgainlossbeforetax": -753000000,
        "othercomprehensiveincomedefinedbenefitplansadjustmentbeforetaxportionattributabletoparent": -735000000,
        "othercomprehensiveincomelossbeforetaxportionattributabletoparent": 573000000,
        "othercomprehensiveincomelosstaxportionattributabletoparent1": 143000000,
        "othercomprehensiveincomelossnetoftaxportionattributabletoparent": 430000000,
        "comprehensiveincomenetoftax": 2109000000
    },
    {
        "date": "2017-12-30",
        "symbol": "IBM",
        "period": "Q4",
        "salesrevenueservicesnet": 13117000000,
        "salesrevenuegoodsnet": 8971000000,
        "financialservicesrevenue": 455000000,
        "revenues": 15565000000,
        "costofservices": -23000000,
        "costofgoodssold": 20000000,
        "financialservicescosts": 320000000,
        "costofrevenue": 11681000000,
        "grossprofit": 10862000000,
        "sellinggeneralandadministrativeexpense": 12000000,
        "researchanddevelopmentexpense": 1427000000,
        "intellectualpropertyandcustomdevelopmentincome": 348000000,
        "interestexpense": 24000000,
        "expenseandotherincome": 6393000000,
        "incomelossfromcontinuingoperationsbeforeincometaxesextraordinaryitemsnoncontrollinginterest": 1456000000,
        "incometaxexpensebenefit": -3000000,
        "netincomeloss": -8000000,
        "incomelossfromcontinuingoperationsperdilutedshare": -1.1,
        "incomelossfromcontinuingoperationsperbasicshare": -1.11,
        "weightedaveragenumberofdilutedsharesoutstanding": -2823841,
        "weightedaveragenumberofsharesoutstandingbasic": -2772482,
        "othercomprehensiveincomeforeigncurrencytransactionandtranslationadjustmentbeforetaxportionattributabletoparent": -61000000,
        "othercomprehensiveincomeunrealizedholdinggainlossonsecuritiesarisingduringperiodbeforetax": -1000000,
        "othercomprehensiveincomeunrealizedgainlossonderivativesarisingduringperiodbeforetax": 140000000,
        "othercomprehensiveincomelossreclassificationadjustmentfromaocionderivativesbeforetax": 16000000,
        "othercomprehensiveincomederivativesqualifyingashedgesbeforetaxportionattributabletoparent": 124000000,
        "othercomprehensiveincomelosspensionandotherpostretirementbenefitplansnetunamortizedgainlossarisingduringperiodbeforetax": 634000000,
        "othercomprehensiveincomelossfinalizationofpensionandnonpensionpostretirementplanvaluationbeforetax": 19000000,
        "othercomprehensiveincomelossamortizationadjustmentfromaocipensionandotherpostretirementbenefitplansfornetpriorservicecostcreditbeforetax": -31000000,
        "othercomprehensiveincomelossreclassificationadjustmentfromaocipensionandotherpostretirementbenefitplansfornetgainlossbeforetax": 649000000,
        "othercomprehensiveincomedefinedbenefitplansadjustmentbeforetaxportionattributabletoparent": -1302000000,
        "othercomprehensiveincomelossbeforetaxportionattributabletoparent": 1366000000,
        "othercomprehensiveincomelosstaxportionattributabletoparent1": 436000000,
        "othercomprehensiveincomelossnetoftaxportionattributabletoparent": 929000000,
        "comprehensiveincomenetoftax": -125000000
    },
    {
        "date": "2017-09-29",
        "symbol": "IBM",
        "period": "Q3",
        "salesrevenueservicesnet": 12703000000,
        "salesrevenuegoodsnet": 6017000000,
        "financialservicesrevenue": 433000000,
        "revenues": 8621000000,
        "costofservices": -20000000,
        "costofgoodssold": -1000000,
        "financialservicescosts": 322000000,
        "costofrevenue": 10354000000,
        "grossprofit": 8800000000,
        "sellinggeneralandadministrativeexpense": 6000000,
        "researchanddevelopmentexpense": 1342000000,
        "intellectualpropertyandcustomdevelopmentincome": 308000000,
        "interestexpense": 7000000,
        "expenseandotherincome": 5735000000,
        "incomelossfromcontinuingoperationsbeforeincometaxesextraordinaryitemsnoncontrollinginterest": 1192000000,
        "incometaxexpensebenefit": -1000000,
        "netincomeloss": -5000000,
        "incomelossfromcontinuingoperationsperdilutedshare": 2.9199999999999995,
        "earningspersharediluted": 0,
        "incomelossfromcontinuingoperationsperbasicshare": 2.9300000000000006,
        "weightedaveragenumberofdilutedsharesoutstanding": -3490534,
        "weightedaveragenumberofsharesoutstandingbasic": -3099223,
        "commonstockdividendspersharecashpaid": 1.5000000000000004,
        "othercomprehensiveincomeforeigncurrencytransactionandtranslationadjustmentbeforetaxportionattributabletoparent": 89000000,
        "othercomprehensiveincomeunrealizedholdinggainlossonsecuritiesarisingduringperiodbeforetax": -1000000,
        "othercomprehensiveincomeunrealizedgainlossonderivativesarisingduringperiodbeforetax": -70000000,
        "othercomprehensiveincomelossreclassificationadjustmentfromaocionderivativesbeforetax": 73000000,
        "othercomprehensiveincomederivativesqualifyingashedgesbeforetaxportionattributabletoparent": -143000000,
        "othercomprehensiveincomelosspensionandotherpostretirementbenefitplansnetunamortizedgainlossarisingduringperiodbeforetax": 1000000,
        "othercomprehensiveincomelossfinalizationofpensionandnonpensionpostretirementplanvaluationbeforetax": 2000000,
        "othercomprehensiveincomelossamortizationadjustmentfromaocipensionandotherpostretirementbenefitplansfornetpriorservicecostcreditbeforetax": -22000000,
        "othercomprehensiveincomelossreclassificationadjustmentfromaocipensionandotherpostretirementbenefitplansfornetgainlossbeforetax": -733000000,
        "othercomprehensiveincomedefinedbenefitplansadjustmentbeforetaxportionattributabletoparent": -714000000,
        "othercomprehensiveincomelossbeforetaxportionattributabletoparent": 658000000,
        "othercomprehensiveincomelosstaxportionattributabletoparent1": -10000000,
        "othercomprehensiveincomelossnetoftaxportionattributabletoparent": 669000000,
        "comprehensiveincomenetoftax": 3394000000
    },
    {
        "date": "2017-06-29",
        "symbol": "IBM",
        "period": "Q2",
        "salesrevenueservicesnet": 12547000000,
        "salesrevenuegoodsnet": 6323000000,
        "financialservicesrevenue": 418000000,
        "revenues": 8579000000,
        "costofservices": -19000000,
        "costofgoodssold": -11000000,
        "financialservicescosts": 289000000,
        "costofrevenue": 10495000000,
        "grossprofit": 8793000000,
        "sellinggeneralandadministrativeexpense": -9000000,
        "researchanddevelopmentexpense": 1485000000,
        "intellectualpropertyandcustomdevelopmentincome": 365000000,
        "otherincomeandexpense": 0,
        "interestexpense": 7000000,
        "expenseandotherincome": 6351000000,
        "incomelossfromcontinuingoperationsbeforeincometaxesextraordinaryitemsnoncontrollinginterest": 1009000000,
        "incometaxexpensebenefit": 2000000,
        "incomelossfromcontinuingoperations": 0,
        "incomelossfromdiscontinuedoperationsnetoftaxattributabletoreportingentity": 0,
        "netincomeloss": 7000000,
        "incomelossfromcontinuingoperationsperdilutedshare": 2.47,
        "earningspersharediluted": 0.010000000000000009,
        "incomelossfromcontinuingoperationsperbasicshare": 2.4899999999999993,
        "earningspersharebasic": 0,
        "weightedaveragenumberofdilutedsharesoutstanding": -4100000,
        "weightedaveragenumberofsharesoutstandingbasic": -3700000,
        "commonstockdividendspersharecashpaid": 1.5,
        "othercomprehensiveincomeforeigncurrencytransactionandtranslationadjustmentbeforetaxportionattributabletoparent": -37000000,
        "othercomprehensiveincomeunrealizedholdinggainlossonsecuritiesarisingduringperiodbeforetax": 4000000,
        "othercomprehensiveincomelossreclassificationadjustmentfromaociforsaleofsecuritiesbeforetax": 0,
        "othercomprehensiveincomeunrealizedgainlossonderivativesarisingduringperiodbeforetax": -95000000,
        "othercomprehensiveincomelossreclassificationadjustmentfromaocionderivativesbeforetax": 176000000,
        "othercomprehensiveincomederivativesqualifyingashedgesbeforetaxportionattributabletoparent": -272000000,
        "othercomprehensiveincomelosspensionandotherpostretirementbenefitplansnetunamortizedgainlossarisingduringperiodbeforetax": 44000000,
        "othercomprehensiveincomelossfinalizationofpensionandnonpensionpostretirementplanvaluationbeforetax": 2000000,
        "othercomprehensiveincomelossamortizationadjustmentfromaocipensionandotherpostretirementbenefitplansfornetpriorservicecostcreditbeforetax": -23000000,
        "othercomprehensiveincomelossreclassificationadjustmentfromaocipensionandotherpostretirementbenefitplansfornetgainlossbeforetax": -713000000,
        "othercomprehensiveincomedefinedbenefitplansadjustmentbeforetaxportionattributabletoparent": -738000000,
        "othercomprehensiveincomelossbeforetaxportionattributabletoparent": 432000000,
        "othercomprehensiveincomelosstaxportionattributabletoparent1": -89000000,
        "othercomprehensiveincomelossnetoftaxportionattributabletoparent": 520000000,
        "comprehensiveincomenetoftax": 2852000000
    },
    {
        "date": "2017-03-30",
        "symbol": "IBM",
        "period": "Q1",
        "salesrevenueservicesnet": 12342000000,
        "salesrevenuegoodsnet": 5404000000,
        "financialservicesrevenue": 409000000,
        "revenues": 8376000000,
        "costofservices": -8000000,
        "costofgoodssold": -11000000,
        "financialservicescosts": 279000000,
        "costofrevenue": 10383000000,
        "grossprofit": 7772000000,
        "sellinggeneralandadministrativeexpense": -20000000,
        "researchanddevelopmentexpense": 1533000000,
        "intellectualpropertyandcustomdevelopmentincome": 445000000,
        "otherincomeandexpense": 1000000,
        "interestexpense": 7000000,
        "expenseandotherincome": 6348000000,
        "incomelossfromcontinuingoperationsbeforeincometaxesextraordinaryitemsnoncontrollinginterest": 687000000,
        "incometaxexpensebenefit": 5000000,
        "incomelossfromcontinuingoperations": 582000000,
        "incomelossfromdiscontinuedoperationsnetoftaxattributabletoreportingentity": -3000000,
        "netincomeloss": 15000000,
        "incomelossfromcontinuingoperationsperdilutedshare": 1.85,
        "earningspersharediluted": 0.61,
        "incomelossfromcontinuingoperationsperbasicshare": 1.86,
        "earningspersharebasic": 0.62,
        "weightedaveragenumberofdilutedsharesoutstanding": 947800000,
        "weightedaveragenumberofsharesoutstandingbasic": 942400000,
        "commonstockdividendspersharecashpaid": 1.4,
        "othercomprehensiveincomeforeigncurrencytransactionandtranslationadjustmentbeforetaxportionattributabletoparent": 161000000,
        "othercomprehensiveincomeunrealizedholdinggainlossonsecuritiesarisingduringperiodbeforetax": -1000000,
        "othercomprehensiveincomelossreclassificationadjustmentfromaociforsaleofsecuritiesbeforetax": -1000000,
        "othercomprehensiveincomeunrealizedgainlossonderivativesarisingduringperiodbeforetax": -33000000,
        "othercomprehensiveincomelossreclassificationadjustmentfromaocionderivativesbeforetax": 98000000,
        "othercomprehensiveincomederivativesqualifyingashedgesbeforetaxportionattributabletoparent": -130000000,
        "othercomprehensiveincomelosspensionandotherpostretirementbenefitplansnetunamortizedgainlossarisingduringperiodbeforetax": 61000000,
        "othercomprehensiveincomelossfinalizationofpensionandnonpensionpostretirementplanvaluationbeforetax": -1000000,
        "othercomprehensiveincomelossamortizationadjustmentfromaocipensionandotherpostretirementbenefitplansfornetpriorservicecostcreditbeforetax": -21000000,
        "othercomprehensiveincomelossreclassificationadjustmentfromaocipensionandotherpostretirementbenefitplansfornetgainlossbeforetax": -710000000,
        "othercomprehensiveincomedefinedbenefitplansadjustmentbeforetaxportionattributabletoparent": -748000000,
        "othercomprehensiveincomelossbeforetaxportionattributabletoparent": 779000000,
        "othercomprehensiveincomelosstaxportionattributabletoparent1": 92000000,
        "othercomprehensiveincomelossnetoftaxportionattributabletoparent": 688000000,
        "comprehensiveincomenetoftax": 2438000000
    },
    {
        "date": "2016-12-30",
        "symbol": "IBM",
        "period": "Q4",
        "salesrevenueservicesnet": 12921000000,
        "salesrevenuegoodsnet": 8399000000,
        "financialservicesrevenue": 450000000,
        "revenues": 14855000000,
        "costofservices": 8529000000,
        "costofgoodssold": 2063000000,
        "financialservicescosts": 284000000,
        "costofrevenue": -1000000,
        "grossprofit": 10893000000,
        "sellinggeneralandadministrativeexpense": -5000000,
        "researchanddevelopmentexpense": 1431000000,
        "intellectualpropertyandcustomdevelopmentincome": 521000000,
        "otherincomeandexpense": -2000000,
        "interestexpense": 8000000,
        "expenseandotherincome": 5907000000,
        "incomelossfromcontinuingoperationsbeforeincometaxesextraordinaryitemsnoncontrollinginterest": 1882000000,
        "incometaxexpensebenefit": 1000000,
        "incomelossfromcontinuingoperationsincludingportionattributabletononcontrollinginterest": 4506000000,
        "profitloss": 5000000,
        "incomelossfromcontinuingoperationsperdilutedshare": 4.72,
        "earningspersharediluted": 4.71,
        "incomelossfromcontinuingoperationsperbasicshare": 4.739999999999999,
        "earningspersharebasic": 4.7299999999999995,
        "weightedaveragenumberofdilutedsharesoutstanding": -960985903,
        "weightedaveragenumberofsharesoutstandingbasic": -958077470,
        "othercomprehensiveincomelossforeigncurrencytransactionandtranslationadjustmentbeforetax": 89000000,
        "othercomprehensiveincomeunrealizedholdinggainlossonsecuritiesarisingduringperiodbeforetax": -2000000,
        "othercomprehensiveincomelossavailableforsalesecuritiesadjustmentbeforetax": -3000000,
        "othercomprehensiveincomeunrealizedgainlossonderivativesarisingduringperiodbeforetax": 464000000,
        "othercomprehensiveincomelossreclassificationadjustmentfromaocionderivativesbeforetax": -76000000,
        "othercomprehensiveincomelossderivativesqualifyingashedgesbeforetax": 540000000,
        "othercomprehensiveincomelosspensionandotherpostretirementbenefitplansnetunamortizedgainlossarisingduringperiodbeforetax": 41000000,
        "othercomprehensiveincomelossfinalizationofpensionandnonpensionpostretirementplanvaluationbeforetax": -38000000,
        "othercomprehensiveincomelossamortizationadjustmentfromaocipensionandotherpostretirementbenefitplansfornetpriorservicecostcreditbeforetax": 74000000,
        "othercomprehensiveincomelossreclassificationadjustmentfromaocipensionandotherpostretirementbenefitplansfornetgainlossbeforetax": 2059000000,
        "othercomprehensiveincomelosspensionandotherpostretirementbenefitplansadjustmentbeforetax": 1810000000,
        "othercomprehensiveincomelossbeforetax": 89000000,
        "othercomprehensiveincomelosstax": 531000000,
        "othercomprehensiveincomelossnetoftax": -744000000,
        "comprehensiveincomenetoftaxincludingportionattributabletononcontrollinginterest": 3268000000
    },
    {
        "date": "2016-09-29",
        "symbol": "IBM",
        "period": "Q3",
        "salesrevenueservicesnet": 12938000000,
        "salesrevenuegoodsnet": 5872000000,
        "financialservicesrevenue": 417000000,
        "revenues": 8929000000,
        "costofservices": 8418000000,
        "costofgoodssold": 1536000000,
        "financialservicescosts": 259000000,
        "costofrevenue": 4000000,
        "grossprofit": 9013000000,
        "sellinggeneralandadministrativeexpense": -2000000,
        "researchanddevelopmentexpense": 1397000000,
        "intellectualpropertyandcustomdevelopmentincome": 528000000,
        "otherincomeandexpense": -1000000,
        "interestexpense": 7000000,
        "expenseandotherincome": 5751000000,
        "incomelossfromcontinuingoperationsbeforeincometaxesextraordinaryitemsnoncontrollinginterest": 1288000000,
        "incometaxexpensebenefit": -1000000,
        "incomelossfromcontinuingoperationsincludingportionattributabletononcontrollinginterest": 2854000000,
        "incomelossfromdiscontinuedoperationsnetoftax": -1000000,
        "profitloss": 3000000,
        "incomelossfromcontinuingoperationsperdilutedshare": 2.98,
        "earningspersharediluted": 2.98,
        "incomelossfromcontinuingoperationsperbasicshare": 2.99,
        "earningspersharebasic": 2.99,
        "weightedaveragenumberofdilutedsharesoutstanding": 957300000,
        "weightedaveragenumberofsharesoutstandingbasic": 954000000,
        "commonstockdividendspersharecashpaid": 1.4,
        "othercomprehensiveincomelossforeigncurrencytransactionandtranslationadjustmentbeforetax": -99000000,
        "othercomprehensiveincomeunrealizedholdinggainlossonsecuritiesarisingduringperiodbeforetax": -1000000,
        "othercomprehensiveincomelossreclassificationadjustmentfromaociforsaleofsecuritiesbeforetax": 1000000,
        "othercomprehensiveincomelossavailableforsalesecuritiesadjustmentbeforetax": -2000000,
        "othercomprehensiveincomeunrealizedgainlossonderivativesarisingduringperiodbeforetax": 35000000,
        "othercomprehensiveincomelossreclassificationadjustmentfromaocionderivativesbeforetax": -15000000,
        "othercomprehensiveincomelossderivativesqualifyingashedgesbeforetax": 50000000,
        "othercomprehensiveincomelosspensionandotherpostretirementbenefitplansnetunamortizedgainlossarisingduringperiodbeforetax": 11000000,
        "othercomprehensiveincomelossfinalizationofpensionandnonpensionpostretirementplanvaluationbeforetax": 4000000,
        "othercomprehensiveincomelossamortizationadjustmentfromaocipensionandotherpostretirementbenefitplansfornetpriorservicecostcreditbeforetax": -28000000,
        "othercomprehensiveincomelossreclassificationadjustmentfromaocipensionandotherpostretirementbenefitplansfornetgainlossbeforetax": -696000000,
        "othercomprehensiveincomelosspensionandotherpostretirementbenefitplansadjustmentbeforetax": -683000000,
        "othercomprehensiveincomelossbeforetax": -99000000,
        "othercomprehensiveincomelosstax": -50000000,
        "othercomprehensiveincomelossnetoftax": -49000000,
        "comprehensiveincomenetoftaxincludingportionattributabletononcontrollinginterest": 3293000000
    },
    {
        "date": "2016-06-29",
        "symbol": "IBM",
        "period": "Q2",
        "salesrevenueservicesnet": 13018000000,
        "salesrevenuegoodsnet": 6792000000,
        "financialservicesrevenue": 429000000,
        "revenues": 17767000000,
        "costofservices": 8692000000,
        "costofgoodssold": 1582000000,
        "financialservicescosts": 263000000,
        "costofrevenue": -9989000000,
        "grossprofit": 9702000000,
        "sellinggeneralandadministrativeexpense": -6009000000,
        "researchanddevelopmentexpense": 1465000000,
        "intellectualpropertyandcustomdevelopmentincome": 365000000,
        "otherincomeandexpense": -216000000,
        "interestexpense": -138000000,
        "expenseandotherincome": 6654000000,
        "incomelossfromcontinuingoperationsbeforeincometaxesextraordinaryitemsnoncontrollinginterest": 1279000000,
        "incometaxexpensebenefit": 981000000,
        "incomelossfromcontinuingoperationsincludingportionattributabletononcontrollinginterest": 2505000000,
        "incomelossfromdiscontinuedoperationsnetoftax": 0,
        "profitloss": -2015000000,
        "incomelossfromcontinuingoperationsperdilutedshare": 2.6000000000000005,
        "earningspersharediluted": 2.6000000000000005,
        "incomelossfromcontinuingoperationsperbasicshare": 2.62,
        "earningspersharebasic": 2.62,
        "weightedaveragenumberofdilutedsharesoutstanding": -2000000,
        "weightedaveragenumberofsharesoutstandingbasic": -2200000,
        "commonstockdividendspersharecashpaid": 1.4000000000000001,
        "othercomprehensiveincomelossforeigncurrencytransactionandtranslationadjustmentbeforetax": -249000000,
        "othercomprehensiveincomeunrealizedholdinggainlossonsecuritiesarisingduringperiodbeforetax": 1000000,
        "othercomprehensiveincomelossreclassificationadjustmentfromaociforsaleofsecuritiesbeforetax": 0,
        "othercomprehensiveincomelossavailableforsalesecuritiesadjustmentbeforetax": 1000000,
        "othercomprehensiveincomeunrealizedgainlossonderivativesarisingduringperiodbeforetax": 9000000,
        "othercomprehensiveincomelossreclassificationadjustmentfromaocionderivativesbeforetax": -102000000,
        "othercomprehensiveincomelossderivativesqualifyingashedgesbeforetax": 111000000,
        "othercomprehensiveincomelosspensionandotherpostretirementbenefitplansnetunamortizedgainlossarisingduringperiodbeforetax": 79000000,
        "othercomprehensiveincomelossfinalizationofpensionandnonpensionpostretirementplanvaluationbeforetax": 9000000,
        "othercomprehensiveincomelossamortizationadjustmentfromaocipensionandotherpostretirementbenefitplansfornetpriorservicecostcreditbeforetax": -28000000,
        "othercomprehensiveincomelossreclassificationadjustmentfromaocipensionandotherpostretirementbenefitplansfornetgainlossbeforetax": -693000000,
        "othercomprehensiveincomelosspensionandotherpostretirementbenefitplansadjustmentbeforetax": -755000000,
        "othercomprehensiveincomelossbeforetax": -416000000,
        "othercomprehensiveincomelosstax": -159000000,
        "othercomprehensiveincomelossnetoftax": 394000000,
        "comprehensiveincomenetoftaxincludingportionattributabletononcontrollinginterest": 2898000000
    },
    {
        "date": "2016-03-30",
        "symbol": "IBM",
        "period": "Q1",
        "salesrevenueservicesnet": 12391000000,
        "salesrevenuegoodsnet": 5879000000,
        "financialservicesrevenue": 414000000,
        "revenues": -165000000,
        "costofservices": 8382000000,
        "costofgoodssold": 1378000000,
        "financialservicescosts": 238000000,
        "costofrevenue": 9999000000,
        "grossprofit": 8686000000,
        "sellinggeneralandadministrativeexpense": 6012000000,
        "researchanddevelopmentexpense": 1458000000,
        "intellectualpropertyandcustomdevelopmentincome": 217000000,
        "otherincomeandexpense": 253000000,
        "interestexpense": 147000000,
        "expenseandotherincome": 7652000000,
        "incomelossfromcontinuingoperationsbeforeincometaxesextraordinaryitemsnoncontrollinginterest": 258000000,
        "incometaxexpensebenefit": -983000000,
        "incomelossfromcontinuingoperationsincludingportionattributabletononcontrollinginterest": 2016000000,
        "incomelossfromdiscontinuedoperationsnetoftax": -3000000,
        "profitloss": 2014000000,
        "incomelossfromcontinuingoperationsperdilutedshare": 2.09,
        "earningspersharediluted": 2.09,
        "incomelossfromcontinuingoperationsperbasicshare": 2.09,
        "earningspersharebasic": 2.09,
        "weightedaveragenumberofdilutedsharesoutstanding": 964400000,
        "weightedaveragenumberofsharesoutstandingbasic": 961700000,
        "commonstockdividendspersharecashpaid": 1.3,
        "othercomprehensiveincomelossforeigncurrencytransactionandtranslationadjustmentbeforetax": 239000000,
        "othercomprehensiveincomeunrealizedholdinggainlossonsecuritiesarisingduringperiodbeforetax": -36000000,
        "othercomprehensiveincomelossreclassificationadjustmentfromaociforsaleofsecuritiesbeforetax": -37000000,
        "othercomprehensiveincomelossavailableforsalesecuritiesadjustmentbeforetax": 1000000,
        "othercomprehensiveincomeunrealizedgainlossonderivativesarisingduringperiodbeforetax": -265000000,
        "othercomprehensiveincomelossreclassificationadjustmentfromaocionderivativesbeforetax": 91000000,
        "othercomprehensiveincomelossderivativesqualifyingashedgesbeforetax": -356000000,
        "othercomprehensiveincomelosspensionandotherpostretirementbenefitplansnetunamortizedgainlossarisingduringperiodbeforetax": -147000000,
        "othercomprehensiveincomelossfinalizationofpensionandnonpensionpostretirementplanvaluationbeforetax": 5000000,
        "othercomprehensiveincomelossamortizationadjustmentfromaocipensionandotherpostretirementbenefitplansfornetpriorservicecostcreditbeforetax": -25000000,
        "othercomprehensiveincomelossreclassificationadjustmentfromaocipensionandotherpostretirementbenefitplansfornetgainlossbeforetax": -690000000,
        "othercomprehensiveincomelosspensionandotherpostretirementbenefitplansadjustmentbeforetax": -522000000,
        "othercomprehensiveincomelossbeforetax": 406000000,
        "othercomprehensiveincomelosstax": -202000000,
        "othercomprehensiveincomelossnetoftax": 608000000,
        "comprehensiveincomenetoftaxincludingportionattributabletononcontrollinginterest": 2622000000
    },
    {
        "date": "2015-12-30",
        "symbol": "IBM",
        "period": "Q4",
        "salesrevenueservicesnet": 12621000000,
        "salesrevenuegoodsnet": 8977000000,
        "financialservicesrevenue": 461000000,
        "revenues": -28000000,
        "costofservices": 8350000000,
        "costofgoodssold": 2025000000,
        "financialservicescosts": 278000000,
        "costofrevenue": 10652000000,
        "grossprofit": 11406000000,
        "sellinggeneralandadministrativeexpense": 5157000000,
        "researchanddevelopmentexpense": -3688000000,
        "intellectualpropertyandcustomdevelopmentincome": 193000000,
        "otherincomeandexpense": -146000000,
        "interestexpense": 128000000,
        "expenseandotherincome": 6309000000,
        "incomelossfromcontinuingoperationsbeforeincometaxesextraordinaryitemsnoncontrollinginterest": 2383000000,
        "incometaxexpensebenefit": 638000000,
        "incomelossfromcontinuingoperationsincludingportionattributabletononcontrollinginterest": 4460000000,
        "incomelossfromdiscontinuedoperationsnetoftax": 2000000,
        "profitloss": 4463000000,
        "incomelossfromcontinuingoperationsperdilutedshare": 4.57,
        "incomelossfromdiscontinuedoperationsnetoftaxperdilutedshare": 1.3877787807814457e-17,
        "earningspersharediluted": 4.57,
        "incomelossfromcontinuingoperationsperbasicshare": 4.589999999999999,
        "incomelossfromdiscontinuedoperationsnetoftaxperbasicshare": 1.3877787807814457e-17,
        "earningspersharebasic": 4.59,
        "weightedaveragenumberofdilutedsharesoutstanding": -3299733,
        "weightedaveragenumberofsharesoutstandingbasic": -3055477,
        "othercomprehensiveincomelossforeigncurrencytransactionandtranslationadjustmentbeforetax": -14000000,
        "othercomprehensiveincomeunrealizedholdinggainlossonsecuritiesarisingduringperiodbeforetax": 32000000,
        "othercomprehensiveincomelossavailableforsalesecuritiesadjustmentbeforetax": 117000000,
        "othercomprehensiveincomeunrealizedgainlossonderivativesarisingduringperiodbeforetax": 151000000,
        "othercomprehensiveincomelossreclassificationadjustmentfromaocionderivativesbeforetax": 166000000,
        "othercomprehensiveincomelossderivativesqualifyingashedgesbeforetax": -78000000,
        "othercomprehensiveincomelosspensionandotherpostretirementbenefitplansnetunamortizedgainlossarisingduringperiodbeforetax": 37000000,
        "othercomprehensiveincomelossfinalizationofpensionandnonpensionpostretirementplanvaluationbeforetax": 14000000,
        "othercomprehensiveincomelossamortizationadjustmentfromaocipensionandotherpostretirementbenefitplansfornetpriorservicecostcreditbeforetax": 69000000,
        "othercomprehensiveincomelossreclassificationadjustmentfromaocipensionandotherpostretirementbenefitplansfornetgainlossbeforetax": 2469000000,
        "othercomprehensiveincomelosspensionandotherpostretirementbenefitplansadjustmentbeforetax": 2162000000,
        "othercomprehensiveincomelossbeforetax": -2139000000,
        "othercomprehensiveincomelosstax": -687000000,
        "othercomprehensiveincomelossnetoftax": -1679000000,
        "comprehensiveincomenetoftaxincludingportionattributabletononcontrollinginterest": 3011000000
    },
    {
        "date": "2015-09-29",
        "symbol": "IBM",
        "period": "Q3",
        "salesrevenueservicesnet": 12327000000,
        "salesrevenuegoodsnet": 6500000000,
        "financialservicesrevenue": 452000000,
        "revenues": 4045000000,
        "costofservices": 8067000000,
        "costofgoodssold": 1544000000,
        "financialservicescosts": 232000000,
        "costofrevenue": 9844000000,
        "grossprofit": 9436000000,
        "sellinggeneralandadministrativeexpense": 4732000000,
        "researchanddevelopmentexpense": 1287000000,
        "intellectualpropertyandcustomdevelopmentincome": 188000000,
        "otherincomeandexpense": -134000000,
        "interestexpense": 117000000,
        "expenseandotherincome": 5815000000,
        "incomelossfromcontinuingoperationsbeforeincometaxesextraordinaryitemsnoncontrollinginterest": -13000000,
        "incometaxexpensebenefit": 660000000,
        "incomelossfromcontinuingoperationsincludingportionattributabletononcontrollinginterest": 2963000000,
        "incomelossfromdiscontinuedoperationsnetoftax": -11000000,
        "profitloss": 2950000000,
        "incomelossfromcontinuingoperationsperdilutedshare": 3.0099999999999993,
        "incomelossfromdiscontinuedoperationsnetoftaxperdilutedshare": -0.009999999999999995,
        "earningspersharediluted": 2.9999999999999996,
        "incomelossfromcontinuingoperationsperbasicshare": 3.0300000000000002,
        "incomelossfromdiscontinuedoperationsnetoftaxperbasicshare": -0.009999999999999995,
        "earningspersharebasic": 3.020000000000001,
        "weightedaveragenumberofdilutedsharesoutstanding": -993000000,
        "weightedaveragenumberofsharesoutstandingbasic": -988600000,
        "commonstockdividendspersharecashpaid": 1.3000000000000003,
        "othercomprehensiveincomelossforeigncurrencytransactionandtranslationadjustmentbeforetax": -1015000000,
        "othercomprehensiveincomeunrealizedholdinggainlossonsecuritiesarisingduringperiodbeforetax": -104000000,
        "othercomprehensiveincomelossavailableforsalesecuritiesadjustmentbeforetax": -102000000,
        "othercomprehensiveincomeunrealizedgainlossonderivativesarisingduringperiodbeforetax": 35000000,
        "othercomprehensiveincomelossreclassificationadjustmentfromaocionderivativesbeforetax": 184000000,
        "othercomprehensiveincomelossderivativesqualifyingashedgesbeforetax": -238000000,
        "othercomprehensiveincomedefinedbenefitplannetpriorservicecostcreditarisingduringperiodbeforetax": 0,
        "othercomprehensiveincomelosspensionandotherpostretirementbenefitplansnetunamortizedgainlossarisingduringperiodbeforetax": -2000000,
        "othercomprehensiveincomelossfinalizationofpensionandnonpensionpostretirementplanvaluationbeforetax": 12000000,
        "othercomprehensiveincomelossamortizationadjustmentfromaocipensionandotherpostretirementbenefitplansfornetpriorservicecostcreditbeforetax": -25000000,
        "othercomprehensiveincomelossreclassificationadjustmentfromaocipensionandotherpostretirementbenefitplansfornetgainlossbeforetax": -823000000,
        "othercomprehensiveincomelosspensionandotherpostretirementbenefitplansadjustmentbeforetax": -807000000,
        "othercomprehensiveincomelossbeforetax": -546000000,
        "othercomprehensiveincomelosstax": 176000000,
        "othercomprehensiveincomelossnetoftax": -483000000,
        "comprehensiveincomenetoftaxincludingportionattributabletononcontrollinginterest": 2227000000
    },
    {
        "date": "2015-06-29",
        "symbol": "IBM",
        "period": "Q2",
        "salesrevenueservicesnet": 12597000000,
        "salesrevenuegoodsnet": 7733000000,
        "financialservicesrevenue": 484000000,
        "revenues": -1915000000,
        "costofservices": 8431000000,
        "costofgoodssold": 1726000000,
        "financialservicescosts": 266000000,
        "costofrevenue": 10423000000,
        "grossprofit": 10390000000,
        "sellinggeneralandadministrativeexpense": 5179000000,
        "researchanddevelopmentexpense": 1300000000,
        "intellectualpropertyandcustomdevelopmentincome": 128000000,
        "otherincomeandexpense": -301000000,
        "interestexpense": 115000000,
        "expenseandotherincome": 6165000000,
        "incomelossfromcontinuingoperationsbeforeincometaxesextraordinaryitemsnoncontrollinginterest": 42000000,
        "incometaxexpensebenefit": 698000000,
        "incomelossfromcontinuingoperationsincludingportionattributabletononcontrollinginterest": 3526000000,
        "incomelossfromdiscontinuedoperationsnetoftax": -77000000,
        "profitloss": 3449000000,
        "incomelossfromcontinuingoperationsperdilutedshare": 3.58,
        "incomelossfromdiscontinuedoperationsnetoftaxperdilutedshare": -0.08,
        "earningspersharediluted": 3.5,
        "incomelossfromcontinuingoperationsperbasicshare": 3.59,
        "incomelossfromdiscontinuedoperationsnetoftaxperbasicshare": -0.08,
        "earningspersharebasic": 3.51,
        "weightedaveragenumberofdilutedsharesoutstanding": 986700000,
        "weightedaveragenumberofsharesoutstandingbasic": 982300000,
        "commonstockdividendspersharecashpaid": 1.3,
        "othercomprehensiveincomelossforeigncurrencytransactionandtranslationadjustmentbeforetax": 102000000,
        "othercomprehensiveincomeunrealizedholdinggainlossonsecuritiesarisingduringperiodbeforetax": -14000000,
        "othercomprehensiveincomelossavailableforsalesecuritiesadjustmentbeforetax": -15000000,
        "othercomprehensiveincomeunrealizedgainlossonderivativesarisingduringperiodbeforetax": -187000000,
        "othercomprehensiveincomelossreclassificationadjustmentfromaocionderivativesbeforetax": 221000000,
        "othercomprehensiveincomelossderivativesqualifyingashedgesbeforetax": -508000000,
        "othercomprehensiveincomedefinedbenefitplannetpriorservicecostcreditarisingduringperiodbeforetax": -1000000,
        "othercomprehensiveincomelosspensionandotherpostretirementbenefitplansnetunamortizedgainlossarisingduringperiodbeforetax": 93000000,
        "othercomprehensiveincomelossfinalizationofpensionandnonpensionpostretirementplanvaluationbeforetax": 3000000,
        "othercomprehensiveincomelossamortizationadjustmentfromaocipensionandotherpostretirementbenefitplansfornetpriorservicecostcreditbeforetax": -25000000,
        "othercomprehensiveincomelossreclassificationadjustmentfromaocipensionandotherpostretirementbenefitplansfornetgainlossbeforetax": -821000000,
        "othercomprehensiveincomelosspensionandotherpostretirementbenefitplansadjustmentbeforetax": -894000000,
        "othercomprehensiveincomelossbeforetax": 472000000,
        "othercomprehensiveincomelosstax": 62000000,
        "othercomprehensiveincomelossnetoftax": 411000000,
        "comprehensiveincomenetoftaxincludingportionattributabletononcontrollinginterest": 3860000000
    },
    {
        "date": "2015-03-30",
        "symbol": "IBM",
        "period": "Q1",
        "salesrevenueservicesnet": 12366000000,
        "salesrevenuegoodsnet": 6757000000,
        "financialservicesrevenue": 467000000,
        "revenues": -1968000000,
        "costofservices": 8278000000,
        "costofgoodssold": 1625000000,
        "financialservicescosts": 235000000,
        "costofrevenue": 10138000000,
        "grossprofit": 9452000000,
        "sellinggeneralandadministrativeexpense": 5362000000,
        "researchanddevelopmentexpense": 1298000000,
        "intellectualpropertyandcustomdevelopmentincome": 173000000,
        "otherincomeandexpense": -143000000,
        "interestexpense": 108000000,
        "expenseandotherincome": 6451000000,
        "incomelossfromcontinuingoperationsbeforeincometaxesextraordinaryitemsnoncontrollinginterest": -48000000,
        "incometaxexpensebenefit": 585000000,
        "incomelossfromcontinuingoperationsincludingportionattributabletononcontrollinginterest": 2415000000,
        "incomelossfromdiscontinuedoperationsnetoftax": -88000000,
        "profitloss": 2328000000,
        "incomelossfromcontinuingoperationsperdilutedshare": 2.44,
        "incomelossfromdiscontinuedoperationsnetoftaxperdilutedshare": -0.09,
        "earningspersharediluted": 2.35,
        "incomelossfromcontinuingoperationsperbasicshare": 2.45,
        "incomelossfromdiscontinuedoperationsnetoftaxperbasicshare": -0.09,
        "earningspersharebasic": 2.36,
        "weightedaveragenumberofdilutedsharesoutstanding": 992300000,
        "weightedaveragenumberofsharesoutstandingbasic": 988100000,
        "commonstockdividendspersharecashpaid": 1.1,
        "othercomprehensiveincomelossforeigncurrencytransactionandtranslationadjustmentbeforetax": -452000000,
        "othercomprehensiveincomeunrealizedholdinggainlossonsecuritiesarisingduringperiodbeforetax": 32000000,
        "othercomprehensiveincomelossavailableforsalesecuritiesadjustmentbeforetax": 32000000,
        "othercomprehensiveincomeunrealizedgainlossonderivativesarisingduringperiodbeforetax": 619000000,
        "othercomprehensiveincomelossreclassificationadjustmentfromaocionderivativesbeforetax": 160000000,
        "othercomprehensiveincomelossderivativesqualifyingashedgesbeforetax": 370000000,
        "othercomprehensiveincomedefinedbenefitplannetpriorservicecostcreditarisingduringperiodbeforetax": -5000000,
        "othercomprehensiveincomelosspensionandotherpostretirementbenefitplansnetunamortizedgainlossarisingduringperiodbeforetax": -77000000,
        "othercomprehensiveincomelossfinalizationofpensionandnonpensionpostretirementplanvaluationbeforetax": 4000000,
        "othercomprehensiveincomelossamortizationadjustmentfromaocipensionandotherpostretirementbenefitplansfornetpriorservicecostcreditbeforetax": -26000000,
        "othercomprehensiveincomelossreclassificationadjustmentfromaocipensionandotherpostretirementbenefitplansfornetgainlossbeforetax": -835000000,
        "othercomprehensiveincomelosspensionandotherpostretirementbenefitplansadjustmentbeforetax": -740000000,
        "othercomprehensiveincomelossbeforetax": 690000000,
        "othercomprehensiveincomelosstax": 657000000,
        "othercomprehensiveincomelossnetoftax": 20000000,
        "comprehensiveincomenetoftaxincludingportionattributabletononcontrollinginterest": 2361000000
    },
    {
        "date": "2013-12-30",
        "symbol": "IBM",
        "period": "Q4",
        "salesrevenueservicesnet": -41511000000,
        "salesrevenuegoodsnet": 12314000000,
        "financialservicesrevenue": 540000000,
        "revenues": 6206000000,
        "costofservices": 9614000000,
        "costofgoodssold": 3464000000,
        "financialservicescosts": 305000000,
        "costofrevenue": 13383000000,
        "grossprofit": 14315000000,
        "sellinggeneralandadministrativeexpense": 5990000000,
        "researchanddevelopmentexpense": 1565000000,
        "intellectualpropertyandcustomdevelopmentincome": 201000000,
        "otherincomeandexpense": -114000000,
        "interestexpense": 113000000,
        "expenseandotherincome": 7354000000,
        "incomelossfromcontinuingoperationsbeforeincometaxesextraordinaryitemsnoncontrollinginterest": -13229000000,
        "incometaxexpensebenefit": -216000000,
        "profitloss": 6184000000,
        "earningspersharediluted": 5.659999999999999,
        "earningspersharebasic": 5.709999999999999,
        "weightedaveragenumberofdilutedsharesoutstanding": -1112457844,
        "weightedaveragenumberofsharesoutstandingbasic": -1103713396,
        "othercomprehensiveincomelossforeigncurrencytransactionandtranslationadjustmentbeforetax": -376000000,
        "othercomprehensiveincomeunrealizedholdinggainlossonsecuritiesarisingduringperiodbeforetax": -5000000,
        "othercomprehensiveincomeunrealizedgainlossonderivativesarisingduringperiodbeforetax": 102000000,
        "othercomprehensiveincomelossderivativesqualifyingashedgesbeforetax": 66000000,
        "othercomprehensiveincomelosspensionandotherpostretirementbenefitplansnetunamortizedgainlossarisingduringperiodbeforetax": -5000000,
        "othercomprehensiveincomelosspensionandotherpostretirementbenefitplansadjustmentbeforetax": -7796000000,
        "othercomprehensiveincomelossbeforetax": 5580000000,
        "othercomprehensiveincomelosstax": 2211000000,
        "othercomprehensiveincomelossnetoftax": 2088000000,
        "comprehensiveincomenetoftaxincludingportionattributabletononcontrollinginterest": 9555000000
    },
    {
        "date": "2013-09-29",
        "symbol": "IBM",
        "period": "Q3",
        "salesrevenueservicesnet": 14225000000,
        "salesrevenuegoodsnet": 8987000000,
        "financialservicesrevenue": 509000000,
        "revenues": -1863000000,
        "costofservices": 9098000000,
        "costofgoodssold": 2975000000,
        "financialservicescosts": 268000000,
        "costofrevenue": 12341000000,
        "grossprofit": 11380000000,
        "sellinggeneralandadministrativeexpense": 5255000000,
        "researchanddevelopmentexpense": 1468000000,
        "intellectualpropertyandcustomdevelopmentincome": 191000000,
        "otherincomeandexpense": -62000000,
        "interestexpense": 97000000,
        "expenseandotherincome": 6567000000,
        "incomelossfromcontinuingoperationsbeforeincometaxesextraordinaryitemsnoncontrollinginterest": 5579000000,
        "incometaxexpensebenefit": 772000000,
        "profitloss": 4041000000,
        "earningspersharediluted": 3.68,
        "earningspersharebasic": 3.7,
        "weightedaveragenumberofdilutedsharesoutstanding": 1098800000,
        "weightedaveragenumberofsharesoutstandingbasic": 1090900000,
        "commonstockdividendspersharecashpaid": 0.95,
        "othercomprehensiveincomelossforeigncurrencytransactionandtranslationadjustmentbeforetax": 382000000,
        "othercomprehensiveincomeunrealizedholdinggainlossonsecuritiesarisingduringperiodbeforetax": 3000000,
        "othercomprehensiveincomelossreclassificationadjustmentfromaociforsaleofsecuritiesbeforetax": 5000000,
        "othercomprehensiveincomeavailableforsalesecuritiessubsequentchangesinpreviouslyimpairedsecuritiesarisingduringperiodbeforetax": 1000000,
        "othercomprehensiveincomelossavailableforsalesecuritiesadjustmentbeforetax": -1000000,
        "othercomprehensiveincomeunrealizedgainlossonderivativesarisingduringperiodbeforetax": -409000000,
        "othercomprehensiveincomelossreclassificationadjustmentfromaocionderivativesbeforetax": 30000000,
        "othercomprehensiveincomelossderivativesqualifyingashedgesbeforetax": -436000000,
        "othercomprehensiveincomelosspensionandotherpostretirementbenefitplansnetunamortizedgainlossarisingduringperiodbeforetax": -105000000,
        "othercomprehensiveincomelossamortizationadjustmentfromaocipensionandotherpostretirementbenefitplansfornetpriorservicecostcreditbeforetax": 28000000,
        "othercomprehensiveincomelossreclassificationadjustmentfromaocipensionandotherpostretirementbenefitplansfornetgainlossbeforetax": 872000000,
        "othercomprehensiveincomelosspensionandotherpostretirementbenefitplansadjustmentbeforetax": 949000000,
        "othercomprehensiveincomelossbeforetax": 895000000,
        "othercomprehensiveincomelosstax": 91000000,
        "othercomprehensiveincomelossnetoftax": 804000000,
        "comprehensiveincomenetoftaxincludingportionattributabletononcontrollinginterest": 4844000000
    },
    {
        "date": "2013-06-29",
        "symbol": "IBM",
        "period": "Q2",
        "profitloss": 3226000000,
        "othercomprehensiveincomelossforeigncurrencytransactionandtranslationadjustmentbeforetax": -936000000,
        "othercomprehensiveincomeunrealizedholdinggainlossonsecuritiesarisingduringperiodbeforetax": 1000000,
        "othercomprehensiveincomeavailableforsalesecuritiessubsequentchangesinpreviouslyimpairedsecuritiesarisingduringperiodbeforetax": 0,
        "othercomprehensiveincomelossavailableforsalesecuritiesadjustmentbeforetax": 0,
        "othercomprehensiveincomeunrealizedgainlossonderivativesarisingduringperiodbeforetax": -10000000,
        "othercomprehensiveincomelossderivativesqualifyingashedgesbeforetax": -58000000,
        "othercomprehensiveincomedefinedbenefitplannetpriorservicecostcreditarisingduringperiodbeforetax": 0,
        "othercomprehensiveincomelosspensionandotherpostretirementbenefitplansnetunamortizedgainlossarisingduringperiodbeforetax": 210000000,
        "othercomprehensiveincomelosspensionandotherpostretirementbenefitplansadjustmentbeforetax": -1045000000,
        "othercomprehensiveincomelossbeforetax": 53000000,
        "othercomprehensiveincomelosstax": 362000000,
        "othercomprehensiveincomelossnetoftax": 679000000,
        "comprehensiveincomenetoftaxincludingportionattributabletononcontrollinginterest": 2917000000,
        "salesrevenueservicesnet": 14312000000,
        "salesrevenuegoodsnet": 10119000000,
        "financialservicesrevenue": 493000000,
        "revenues": 115000000,
        "costofservices": 9326000000,
        "costofgoodssold": 3202000000,
        "financialservicescosts": 264000000,
        "costofrevenue": 12792000000,
        "grossprofit": 12132000000,
        "sellinggeneralandadministrativeexpense": 6680000000,
        "researchanddevelopmentexpense": 1549000000,
        "intellectualpropertyandcustomdevelopmentincome": 247000000,
        "otherincomeandexpense": -91000000,
        "interestexpense": 98000000,
        "expenseandotherincome": 7988000000,
        "incomelossfromcontinuingoperationsbeforeincometaxesextraordinaryitemsnoncontrollinginterest": 8089000000,
        "incometaxexpensebenefit": 918000000,
        "earningspersharediluted": 2.8999999999999995,
        "earningspersharebasic": 2.93,
        "weightedaveragenumberofdilutedsharesoutstanding": -7300000,
        "weightedaveragenumberofsharesoutstandingbasic": -6400000,
        "commonstockdividendspersharecashpaid": 0.9500000000000001
    },
    {
        "date": "2013-03-30",
        "symbol": "IBM",
        "period": "Q1",
        "profitloss": 3032000000,
        "othercomprehensiveincomelossforeigncurrencytransactionandtranslationadjustmentbeforetax": -405000000,
        "othercomprehensiveincomeunrealizedholdinggainlossonsecuritiesarisingduringperiodbeforetax": -3000000,
        "othercomprehensiveincomelossreclassificationadjustmentforsaleofsecuritiesincludedinnetincomebeforetax": 1000000,
        "othercomprehensiveincomeavailableforsalesecuritiessubsequentchangesinpreviouslyimpairedsecuritiesarisingduringperiodbeforetax": 1000000,
        "othercomprehensiveincomelossavailableforsalesecuritiesadjustmentbeforetax": -1000000,
        "othercomprehensiveincomeunrealizedgainlossonderivativesarisingduringperiodbeforetax": 360000000,
        "othercomprehensiveincomelossreclassificationadjustmentonderivativesincludedinnetincomebeforetax": -56000000,
        "othercomprehensiveincomelossderivativesqualifyingashedgesbeforetax": 305000000,
        "othercomprehensiveincomedefinedbenefitplannetpriorservicecostcreditarisingduringperiodbeforetax": -33000000,
        "othercomprehensiveincomelosspensionandotherpostretirementbenefitplansnetunamortizedgainlossarisingduringperiodbeforetax": -15000000,
        "othercomprehensiveincomelossamortizationpensionandotherpostretirementbenefitplansnetpriorservicecostrecognizedinnetperiodicbenefitcostbeforetax": 30000000,
        "othercomprehensiveincomereclassificationofdefinedbenefitplansnetgainlossrecognizedinnetperiodicbenefitcostbeforetax": 886000000,
        "othercomprehensiveincomelosspensionandotherpostretirementbenefitplansadjustmentbeforetax": -875000000,
        "othercomprehensiveincomelossbeforetax": 773000000,
        "othercomprehensiveincomelosstax": 480000000,
        "othercomprehensiveincomelossnetoftax": 586000000,
        "comprehensiveincomenetoftaxincludingportionattributabletononcontrollinginterest": 3325000000,
        "salesrevenueservicesnet": 14274000000,
        "salesrevenuegoodsnet": 8629000000,
        "financialservicesrevenue": 505000000,
        "revenues": 142000000,
        "costofservices": 9526000000,
        "costofgoodssold": 2931000000,
        "financialservicescosts": 273000000,
        "costofrevenue": 12730000000,
        "grossprofit": 10678000000,
        "sellinggeneralandadministrativeexpense": 5577000000,
        "researchanddevelopmentexpense": 1644000000,
        "intellectualpropertyandcustomdevelopmentincome": 183000000,
        "otherincomeandexpense": -60000000,
        "interestexpense": 94000000,
        "expenseandotherincome": 7072000000,
        "incomelossfromcontinuingoperationsbeforeincometaxesextraordinaryitemsnoncontrollinginterest": -339000000,
        "incometaxexpensebenefit": 574000000,
        "earningspersharediluted": 2.7,
        "earningspersharebasic": 2.72,
        "weightedaveragenumberofdilutedsharesoutstanding": 1124000000,
        "weightedaveragenumberofsharesoutstandingbasic": 1113700000,
        "commonstockdividendspersharecashpaid": 0.85
    },
    {
        "date": "2012-12-30",
        "symbol": "IBM",
        "period": "Q4",
        "salesrevenueservicesnet": 15174000000,
        "salesrevenuegoodsnet": 13590000000,
        "financialservicesrevenue": 541000000,
        "revenues": 57049000000,
        "costofservices": 9881000000,
        "costofgoodssold": 3954000000,
        "financialservicescosts": 303000000,
        "costofrevenue": 14136000000,
        "grossprofit": 15167000000,
        "sellinggeneralandadministrativeexpense": 5922000000,
        "researchanddevelopmentexpense": 1580000000,
        "intellectualpropertyandcustomdevelopmentincome": 227000000,
        "otherincomeandexpense": -47000000,
        "interestexpense": 108000000,
        "expenseandotherincome": 7336000000,
        "incomelossfromcontinuingoperationsbeforeincometaxesextraordinaryitemsnoncontrollinginterest": -10071000000,
        "incometaxexpensebenefit": -584000000,
        "profitloss": 5833000000,
        "earningspersharediluted": 5.09,
        "earningspersharebasic": 5.140000000000001,
        "weightedaveragenumberofdilutedsharesoutstanding": -2329950683,
        "weightedaveragenumberofsharesoutstandingbasic": -2302791479,
        "othercomprehensiveincomeunrealizedholdinggainlossonsecuritiesarisingduringperiodbeforetax": -6000000,
        "othercomprehensiveincomeavailableforsalesecuritiessubsequentchangesinpreviouslyimpairedsecuritiesarisingduringperiodbeforetax": 0,
        "othercomprehensiveincomeunrealizedgainlossonderivativesarisingduringperiodbeforetax": -33000000,
        "othercomprehensiveincomereclassificationofdefinedbenefitplansnetgainlossrecognizedinnetperiodicbenefitcostbeforetax": -1828000000,
        "othercomprehensiveincomelosstax": -2193000000,
        "comprehensiveincomenetoftaxincludingportionattributabletononcontrollinginterest": 795000000
    },
    {
        "date": "2012-09-29",
        "symbol": "IBM",
        "period": "Q3",
        "salesrevenueservicesnet": 14626000000,
        "salesrevenuegoodsnet": 9642000000,
        "financialservicesrevenue": 479000000,
        "revenues": 154000000,
        "costofservices": 9515000000,
        "costofgoodssold": 3242000000,
        "financialservicescosts": 258000000,
        "costofrevenue": 13016000000,
        "grossprofit": 11732000000,
        "sellinggeneralandadministrativeexpense": 5908000000,
        "researchanddevelopmentexpense": 1534000000,
        "intellectualpropertyandcustomdevelopmentincome": 303000000,
        "otherincomeandexpense": -606000000,
        "interestexpense": 124000000,
        "expenseandotherincome": 6657000000,
        "incomelossfromcontinuingoperationsbeforeincometaxesextraordinaryitemsnoncontrollinginterest": 5074000000,
        "incometaxexpensebenefit": 1251000000,
        "profitloss": 3824000000,
        "earningspersharediluted": 3.33,
        "earningspersharebasic": 3.36,
        "weightedaveragenumberofdilutedsharesoutstanding": 1149300000,
        "weightedaveragenumberofsharesoutstandingbasic": 1137200000,
        "commonstockdividendspersharecashpaid": 0.85,
        "othercomprehensiveincomelossforeigncurrencytransactionandtranslationadjustmentbeforetax": 501000000,
        "othercomprehensiveincomeunrealizedholdinggainlossonsecuritiesarisingduringperiodbeforetax": 11000000,
        "othercomprehensiveincomelossreclassificationadjustmentforsaleofsecuritiesincludedinnetincomebeforetax": -27000000,
        "othercomprehensiveincomeavailableforsalesecuritiessubsequentchangesinpreviouslyimpairedsecuritiesarisingduringperiodbeforetax": -7000000,
        "othercomprehensiveincomelossavailableforsalesecuritiesadjustmentbeforetax": -24000000,
        "othercomprehensiveincomeunrealizedgainlossonderivativesarisingduringperiodbeforetax": -54000000,
        "othercomprehensiveincomelossreclassificationadjustmentonderivativesincludedinnetincomebeforetax": -112000000,
        "othercomprehensiveincomelossderivativesqualifyingashedgesbeforetax": -165000000,
        "othercomprehensiveincomelosspensionandotherpostretirementbenefitplansnetunamortizedgainlossarisingduringperiodbeforetax": 1000000,
        "othercomprehensiveincomelossfinalizationofpensionandnonpensionpostretirementplanvaluationbeforetax": -2000000,
        "othercomprehensiveincomelossamortizationpensionandotherpostretirementbenefitplansnetpriorservicecostrecognizedinnetperiodicbenefitcostbeforetax": 37000000,
        "othercomprehensiveincomereclassificationofdefinedbenefitplansnetgainlossrecognizedinnetperiodicbenefitcostbeforetax": 613000000,
        "othercomprehensiveincomelosspensionandotherpostretirementbenefitplansadjustmentbeforetax": -575000000,
        "othercomprehensiveincomelossbeforetax": 887000000,
        "othercomprehensiveincomelosstax": 109000000,
        "othercomprehensiveincomelossnetoftax": 778000000,
        "comprehensiveincomenetoftaxincludingportionattributabletononcontrollinginterest": 4601000000
    },
    {
        "date": "2012-06-29",
        "symbol": "IBM",
        "period": "Q2",
        "salesrevenueservicesnet": 14833000000,
        "salesrevenuegoodsnet": 10426000000,
        "financialservicesrevenue": 523000000,
        "revenues": 175000000,
        "costofservices": 9785000000,
        "costofgoodssold": 3435000000,
        "financialservicescosts": 282000000,
        "costofrevenue": 13502000000,
        "grossprofit": 12281000000,
        "sellinggeneralandadministrativeexpense": 5837000000,
        "researchanddevelopmentexpense": 1587000000,
        "intellectualpropertyandcustomdevelopmentincome": 289000000,
        "otherincomeandexpense": -132000000,
        "interestexpense": 117000000,
        "expenseandotherincome": 7120000000,
        "incomelossfromcontinuingoperationsbeforeincometaxesextraordinaryitemsnoncontrollinginterest": -36000000,
        "incometaxexpensebenefit": 1280000000,
        "profitloss": 3881000000,
        "earningspersharediluted": 3.34,
        "earningspersharebasic": 3.38,
        "weightedaveragenumberofdilutedsharesoutstanding": 1161900000,
        "weightedaveragenumberofsharesoutstandingbasic": 1149000000,
        "commonstockdividendspersharecashpaid": 0.85,
        "othercomprehensiveincomelossforeigncurrencytransactionandtranslationadjustmentbeforetax": -724000000,
        "othercomprehensiveincomeunrealizedholdinggainlossonsecuritiesarisingduringperiodbeforetax": -3000000,
        "othercomprehensiveincomelossreclassificationadjustmentforsaleofsecuritiesincludedinnetincomebeforetax": -2000000,
        "othercomprehensiveincomeavailableforsalesecuritiessubsequentchangesinpreviouslyimpairedsecuritiesarisingduringperiodbeforetax": 9000000,
        "othercomprehensiveincomelossavailableforsalesecuritiesadjustmentbeforetax": 4000000,
        "othercomprehensiveincomeunrealizedgainlossonderivativesarisingduringperiodbeforetax": 68000000,
        "othercomprehensiveincomelossreclassificationadjustmentonderivativesincludedinnetincomebeforetax": -111000000,
        "othercomprehensiveincomelossderivativesqualifyingashedgesbeforetax": -42000000,
        "othercomprehensiveincomelosspensionandotherpostretirementbenefitplansnetunamortizedgainlossarisingduringperiodbeforetax": 70000000,
        "othercomprehensiveincomelossamortizationpensionandotherpostretirementbenefitplansnetpriorservicecostrecognizedinnetperiodicbenefitcostbeforetax": 37000000,
        "othercomprehensiveincomereclassificationofdefinedbenefitplansnetgainlossrecognizedinnetperiodicbenefitcostbeforetax": 613000000,
        "othercomprehensiveincomelosspensionandotherpostretirementbenefitplansadjustmentbeforetax": -647000000,
        "othercomprehensiveincomelossbeforetax": -115000000,
        "othercomprehensiveincomelosstax": 268000000,
        "othercomprehensiveincomelossnetoftax": -383000000,
        "comprehensiveincomenetoftaxincludingportionattributabletononcontrollinginterest": 3498000000
    },
    {
        "date": "2012-03-30",
        "symbol": "IBM",
        "period": "Q1",
        "salesrevenueservicesnet": 14820000000,
        "salesrevenuegoodsnet": 9356000000,
        "financialservicesrevenue": 497000000,
        "revenues": 162000000,
        "costofservices": 9985000000,
        "costofgoodssold": 3325000000,
        "financialservicescosts": 244000000,
        "costofrevenue": 13555000000,
        "grossprofit": 11118000000,
        "sellinggeneralandadministrativeexpense": 5886000000,
        "researchanddevelopmentexpense": 1601000000,
        "intellectualpropertyandcustomdevelopmentincome": 255000000,
        "otherincomeandexpense": -58000000,
        "interestexpense": 110000000,
        "expenseandotherincome": 7283000000,
        "incomelossfromcontinuingoperationsbeforeincometaxesextraordinaryitemsnoncontrollinginterest": 3836000000,
        "incometaxexpensebenefit": 769000000,
        "profitloss": 3066000000,
        "earningspersharediluted": 2.61,
        "earningspersharebasic": 2.65,
        "weightedaveragenumberofdilutedsharesoutstanding": 1174200000,
        "weightedaveragenumberofsharesoutstandingbasic": 1159100000,
        "commonstockdividendspersharecashpaid": 0.75,
        "othercomprehensiveincomeforeigncurrencytransactionandtranslationadjustmentbeforetaxperiodincreasedecrease": 387000000,
        "othercomprehensiveincomeunrealizedholdinggainlossonsecuritiesarisingduringperiodbeforetax": 6000000,
        "othercomprehensiveincomereclassificationadjustmentforsaleofsecuritiesincludedinnetincomebeforetax": 14000000,
        "othercomprehensiveincomeavailableforsalesecuritiessubsequentchangesinpreviouslyimpairedsecuritiesarisingduringperiodbeforetax": 18000000,
        "othercomprehensiveincomeavailableforsalesecuritiesadjustmentbeforetaxperiodincreasedecrease": 10000000,
        "othercomprehensiveincomeunrealizedgainlossonderivativesarisingduringperiodbeforetax": 51000000,
        "othercomprehensiveincomereclassificationadjustmentonderivativesincludedinnetincomebeforetax": 24000000,
        "othercomprehensiveincomederivativesqualifyingashedgesbeforetaxperiodincreasedecrease": 27000000,
        "othercomprehensiveincomedefinedbenefitplansnetunamortizedgainlossarisingduringperiodbeforetax": -6000000,
        "othercomprehensiveincomeamortizationofdefinedbenefitplannetpriorservicecostcreditrecognizedinnetperiodicbenefitcostbeforetax": -37000000,
        "othercomprehensiveincomereclassificationofdefinedbenefitplansnetgainlossrecognizedinnetperiodicbenefitcostbeforetax": 619000000,
        "othercomprehensiveincomedefinedbenefitplansadjustmentbeforetaxperiodincreasedecrease": 576000000,
        "othercomprehensiveincomelossbeforetaxperiodincreasedecrease": 1000000000,
        "othercomprehensiveincomelosstax": 229000000,
        "othercomprehensiveincomelossnetoftaxperiodincreasedecrease": 770000000,
        "comprehensiveincomenetoftaxincludingportionattributabletononcontrollinginterest": 3837000000
    },
    {
        "date": "2011-09-29",
        "symbol": "IBM",
        "period": "Q3",
        "salesrevenueservicesnet": 15299000000,
        "salesrevenuegoodsnet": 10331000000,
        "financialservicesrevenue": 527000000,
        "revenues": 26157000000,
        "costofservices": 10138000000,
        "costofgoodssold": 3570000000,
        "financialservicescosts": 276000000,
        "costofrevenue": 13984000000,
        "grossprofit": 12173000000,
        "sellinggeneralandadministrativeexpense": 5662000000,
        "researchanddevelopmentexpense": 1546000000,
        "intellectualpropertyandcustomdevelopmentincome": 298000000,
        "otherincomeandexpense": 128000000,
        "interestexpense": 107000000,
        "expenseandotherincome": 7146000000,
        "incomelossfromcontinuingoperationsbeforeincometaxesextraordinaryitemsnoncontrollinginterest": -306000000,
        "incometaxexpensebenefit": 1188000000,
        "profitloss": 3839000000,
        "earningspersharediluted": 3.19,
        "earningspersharebasic": 3.23,
        "weightedaveragenumberofdilutedsharesoutstanding": 1204900000,
        "weightedaveragenumberofsharesoutstandingbasic": 1188600000,
        "commonstockdividendspersharecashpaid": 0.75
    },
    {
        "date": "2011-06-29",
        "symbol": "IBM",
        "period": "Q2",
        "salesrevenueservicesnet": 15246000000,
        "salesrevenuegoodsnet": 10894000000,
        "financialservicesrevenue": 526000000,
        "revenues": 26666000000,
        "costofservices": 10315000000,
        "costofgoodssold": 3698000000,
        "financialservicescosts": 269000000,
        "costofrevenue": 14282000000,
        "grossprofit": 12385000000,
        "sellinggeneralandadministrativeexpense": 6030000000,
        "researchanddevelopmentexpense": 1569000000,
        "intellectualpropertyandcustomdevelopmentincome": 295000000,
        "otherincomeandexpense": 97000000,
        "interestexpense": 97000000,
        "expenseandotherincome": 7500000000,
        "incomelossfromcontinuingoperationsbeforeincometaxesextraordinaryitemsnoncontrollinginterest": 5370000000,
        "incometaxexpensebenefit": 1221000000,
        "profitloss": 3664000000,
        "earningspersharediluted": 3,
        "earningspersharebasic": 3.04,
        "weightedaveragenumberofdilutedsharesoutstanding": 1221400000,
        "weightedaveragenumberofsharesoutstandingbasic": 1204800000,
        "commonstockdividendspersharecashpaid": 0.75
    },
    {
        "date": "2011-03-30",
        "symbol": "IBM",
        "period": "Q1",
        "salesrevenueservicesnet": 14696000000,
        "salesrevenuegoodsnet": 9387000000,
        "financialservicesrevenue": 524000000,
        "revenues": 24607000000,
        "costofservices": 10116000000,
        "costofgoodssold": 3390000000,
        "financialservicescosts": 243000000,
        "costofrevenue": 13749000000,
        "grossprofit": 10858000000,
        "sellinggeneralandadministrativeexpense": 5826000000,
        "researchanddevelopmentexpense": 1587000000,
        "intellectualpropertyandcustomdevelopmentincome": 262000000,
        "otherincomeandexpense": -202000000,
        "interestexpense": 93000000,
        "expenseandotherincome": 7041000000,
        "incomelossfromcontinuingoperationsbeforeincometaxesminorityinterestandincomelossfromequitymethodinvestments": 3817000000,
        "incometaxexpensebenefit": 954000000,
        "profitloss": 2863000000,
        "earningspersharediluted": 2.31,
        "earningspersharebasic": 2.34,
        "weightedaveragenumberofdilutedsharesoutstanding": 1240000000,
        "weightedaveragenumberofsharesoutstandingbasic": 1222200000,
        "commonstockdividendspersharecashpaid": 0.65
    },
    {
        "date": "2010-12-30",
        "symbol": "IBM",
        "period": "Q4",
        "salesrevenueservicesnet": 15060000000,
        "salesrevenuegoodsnet": 13323000000,
        "financialservicesrevenue": 636000000,
        "revenues": -78559000000,
        "costofservices": 10162000000,
        "costofgoodssold": 4325000000,
        "financialservicescosts": 305000000,
        "costofrevenue": 14792000000,
        "grossprofit": 14228000000,
        "sellinggeneralandadministrativeexpense": 5950000000,
        "researchanddevelopmentexpense": 1578000000,
        "intellectualpropertyandcustomdevelopmentincome": 1434000000,
        "otherincomeandexpense": -41000000,
        "interestexpense": 281000000,
        "expenseandotherincome": 7271000000,
        "incomelossfromcontinuingoperationsbeforeincometaxesminorityinterestandincomelossfromequitymethodinvestments": -3670000000,
        "incometaxexpensebenefit": 1698000000,
        "profitloss": 5257000000,
        "earningspersharediluted": 4.12,
        "earningspersharebasic": 4.18,
        "weightedaveragenumberofdilutedsharesoutstanding": -2603744612,
        "weightedaveragenumberofsharesoutstandingbasic": -2566210798
    },
    {
        "date": "2010-09-29",
        "symbol": "IBM",
        "period": "Q3",
        "salesrevenueservicesnet": 14179000000,
        "salesrevenuegoodsnet": 9556000000,
        "financialservicesrevenue": 536000000,
        "revenues": 24271000000,
        "costofservices": 9509000000,
        "costofgoodssold": 3512000000,
        "financialservicescosts": 249000000,
        "costofrevenue": 13270000000,
        "grossprofit": 11001000000,
        "sellinggeneralandadministrativeexpense": 5149000000,
        "researchanddevelopmentexpense": 1464000000,
        "intellectualpropertyandcustomdevelopmentincome": 278000000,
        "otherincomeandexpense": -106000000,
        "interestexpense": 95000000,
        "expenseandotherincome": 6324000000,
        "incomelossfromcontinuingoperationsbeforeincometaxesminorityinterestandincomelossfromequitymethodinvestments": 4677000000,
        "incometaxexpensebenefit": 1088000000,
        "profitloss": 3589000000,
        "earningspersharediluted": 2.82,
        "earningspersharebasic": 2.86,
        "weightedaveragenumberofdilutedsharesoutstanding": 1272800000,
        "weightedaveragenumberofsharesoutstandingbasic": 1255200000,
        "commonstockdividendspersharecashpaid": 0.65
    },
    {
        "date": "2010-06-29",
        "symbol": "IBM",
        "period": "Q2",
        "salesrevenueservicesnet": 13824000000,
        "salesrevenuegoodsnet": 9349000000,
        "financialservicesrevenue": 550000000,
        "revenues": 23724000000,
        "costofservices": 9328000000,
        "costofgoodssold": 3313000000,
        "financialservicescosts": 273000000,
        "costofrevenue": 12915000000,
        "grossprofit": 10809000000,
        "sellinggeneralandadministrativeexpense": 5061000000,
        "researchanddevelopmentexpense": 1475000000,
        "intellectualpropertyandcustomdevelopmentincome": -297000000,
        "otherincomeandexpense": -95000000,
        "interestexpense": 90000000,
        "expenseandotherincome": 6234000000,
        "incomelossfromcontinuingoperationsbeforeincometaxesminorityinterestandincomelossfromequitymethodinvestments": 4575000000,
        "incometaxexpensebenefit": 1190000000,
        "profitloss": 3386000000,
        "earningspersharediluted": 2.61,
        "earningspersharebasic": 2.65,
        "weightedaveragenumberofdilutedsharesoutstanding": 1296700000,
        "weightedaveragenumberofsharesoutstandingbasic": 1278600000,
        "commonstockdividendspersharecashpaid": 0.65
    },
    {
        "date": "2010-03-30",
        "symbol": "IBM",
        "period": "Q1",
        "salesrevenueservicesnet": 13805000000,
        "salesrevenuegoodsnet": 8508000000,
        "financialservicesrevenue": 545000000,
        "revenues": 22857000000,
        "costofservices": 9384000000,
        "costofgoodssold": 3224000000,
        "financialservicescosts": 273000000,
        "costofrevenue": 12880000000,
        "grossprofit": 9976000000,
        "sellinggeneralandadministrativeexpense": 5677000000,
        "researchanddevelopmentexpense": 1509000000,
        "intellectualpropertyandcustomdevelopmentincome": -261000000,
        "otherincomeandexpense": -545000000,
        "interestexpense": 82000000,
        "expenseandotherincome": 6462000000,
        "incomelossfromcontinuingoperationsbeforeincometaxesminorityinterestandincomelossfromequitymethodinvestments": 3515000000,
        "incometaxexpensebenefit": 914000000,
        "profitloss": 2601000000,
        "earningspersharediluted": 1.97,
        "earningspersharebasic": 2,
        "weightedaveragenumberofdilutedsharesoutstanding": 1321600000,
        "weightedaveragenumberofsharesoutstandingbasic": 1301200000,
        "commonstockdividendspersharecashpaid": 0.55
    },
    {
        "date": "2009-09-29",
        "symbol": "IBM",
        "period": "Q3",
        "salesrevenueservicesnet": 13806000000,
        "salesrevenuegoodsnet": 9216000000,
        "financialservicesrevenue": 544000000,
        "revenues": 23566000000,
        "costofservices": 9233000000,
        "costofgoodssold": 3404000000,
        "financialservicescosts": 301000000,
        "costofrevenue": 12938000000,
        "grossprofit": 10627000000,
        "sellinggeneralandadministrativeexpense": 5013000000,
        "researchanddevelopmentexpense": 1446000000,
        "intellectualpropertyandcustomdevelopmentincome": -294000000,
        "otherincomeandexpense": 5000000,
        "interestexpense": 84000000,
        "expenseandotherincome": 6255000000,
        "incomelossfromcontinuingoperationsbeforeincometaxesminorityinterestandincomelossfromequitymethodinvestments": 4373000000,
        "incometaxexpensebenefit": 1159000000,
        "profitloss": 3214000000,
        "earningspersharediluted": 2.4,
        "earningspersharebasic": 2.44,
        "weightedaveragenumberofdilutedsharesoutstanding": 1338200000,
        "weightedaveragenumberofsharesoutstandingbasic": 1319900000,
        "commonstockdividendspersharecashpaid": 0.55
    },
    {
        "date": "2009-06-29",
        "symbol": "IBM",
        "period": "Q2",
        "salesrevenueservicesnet": 13479000000,
        "salesrevenuegoodsnet": 9198000000,
        "financialservicesrevenue": 574000000,
        "revenues": 23250000000,
        "costofservices": 9145000000,
        "costofgoodssold": 3221000000,
        "financialservicescosts": 303000000,
        "costofrevenue": 12669000000,
        "grossprofit": 10581000000,
        "sellinggeneralandadministrativeexpense": 5115000000,
        "researchanddevelopmentexpense": 1434000000,
        "intellectualpropertyandcustomdevelopmentincome": -302000000,
        "otherincomeandexpense": -28000000,
        "interestexpense": 101000000,
        "expenseandotherincome": 6319000000,
        "incomelossfromcontinuingoperationsbeforeincometaxesminorityinterestandincomelossfromequitymethodinvestments": 4262000000,
        "incometaxexpensebenefit": 1159000000,
        "profitloss": 3103000000,
        "earningspersharediluted": 2.32,
        "earningspersharebasic": 2.34,
        "weightedaveragenumberofdilutedsharesoutstanding": 1336900000,
        "weightedaveragenumberofsharesoutstandingbasic": 1326100000,
        "commonstockdividendspersharecashpaid": 0.55
    }
]