[
    {
        "date": "2024-09-29",
        "symbol": "MOH",
        "period": "Q3",
        "premiumsearnednet": 9694000000,
        "healthcareorganizationpremiumtaxrevenue": 508000000,
        "netinvestmentincome": 118000000,
        "interestanddividendincomeoperating": 20000000,
        "revenues": 10340000000,
        "costofgoodsandservicessold": 8643000000,
        "generalandadministrativeexpense": 676000000,
        "premiumtaxexpenses": 508000000,
        "depreciationandamortization": 47000000,
        "otheroperatingincomeexpensenet": 1000000,
        "costsandexpenses": 1211000000,
        "operatingincomeloss": 467000000,
        "interestexpensenonoperating": 29000000,
        "incomelossfromcontinuingoperationsbeforeincometaxesextraordinaryitemsnoncontrollinginterest": 438000000,
        "incometaxexpensebenefit": 112000000,
        "netincomeloss": 326000000,
        "earningspersharebasic": 5.67,
        "earningspersharediluted": 5.65,
        "othercomprehensiveincomeunrealizedholdinggainlossonsecuritiesarisingduringperiodbeforetax": 100000000,
        "othercomprehensiveincomeunrealizedholdinggainlossonsecuritiesarisingduringperiodtax": 24000000,
        "othercomprehensiveincomelossnetoftaxportionattributabletoparent": 76000000,
        "comprehensiveincomenetoftax": 402000000
    },
    {
        "date": "2023-09-29",
        "symbol": "MOH",
        "period": "Q3",
        "premiumsearnednet": 8240000000,
        "healthcareorganizationpremiumtaxrevenue": 176000000,
        "netinvestmentincome": 112000000,
        "interestanddividendincomeoperating": 20000000,
        "revenues": 8548000000,
        "costofgoodsandservicessold": 7306000000,
        "generalandadministrativeexpense": 608000000,
        "premiumtaxexpenses": 176000000,
        "depreciationandamortization": 42000000,
        "othercostandexpenseoperating": 57000000,
        "costsandexpenses": 8189000000,
        "operatingincomeloss": 359000000,
        "interestexpense": 27000000,
        "nonoperatingincomeexpense": -27000000,
        "incomelossfromcontinuingoperationsbeforeincometaxesextraordinaryitemsnoncontrollinginterest": 332000000,
        "incometaxexpensebenefit": 87000000,
        "netincomeloss": 245000000,
        "earningspersharebasic": 4.24,
        "earningspersharediluted": 4.21,
        "othercomprehensiveincomeunrealizedholdinggainlossonsecuritiesarisingduringperiodbeforetax": -24000000,
        "othercomprehensiveincomeunrealizedholdinggainlossonsecuritiesarisingduringperiodtax": -5000000,
        "othercomprehensiveincomelossnetoftaxportionattributabletoparent": -19000000,
        "comprehensiveincomenetoftax": 226000000
    },
    {
        "date": "2023-06-29",
        "symbol": "MOH",
        "period": "Q2",
        "premiumsearnednet": 8042000000,
        "healthcareorganizationpremiumtaxrevenue": 169000000,
        "netinvestmentincome": 97000000,
        "interestanddividendincomeoperating": 19000000,
        "revenues": 265000000,
        "costofgoodsandservicessold": 7038000000,
        "generalandadministrativeexpense": 618000000,
        "premiumtaxexpenses": 169000000,
        "depreciationandamortization": 42000000,
        "othercostandexpenseoperating": 17000000,
        "costsandexpenses": 829000000,
        "operatingincomeloss": 443000000,
        "interestexpense": 27000000,
        "nonoperatingincomeexpense": -27000000,
        "incomelossfromcontinuingoperationsbeforeincometaxesextraordinaryitemsnoncontrollinginterest": 416000000,
        "incometaxexpensebenefit": 107000000,
        "netincomeloss": 309000000,
        "earningspersharebasic": 5.37,
        "earningspersharediluted": 5.35,
        "othercomprehensiveincomeunrealizedholdinggainlossonsecuritiesarisingduringperiodbeforetax": -29000000,
        "othercomprehensiveincomeunrealizedholdinggainlossonsecuritiesarisingduringperiodtax": -8000000,
        "othercomprehensiveincomelossnetoftaxportionattributabletoparent": -21000000,
        "comprehensiveincomenetoftax": 288000000
    },
    {
        "date": "2023-03-30",
        "symbol": "MOH",
        "period": "Q1",
        "premiumsearnednet": 7885000000,
        "healthcareorganizationpremiumtaxrevenue": 172000000,
        "netinvestmentincome": 71000000,
        "interestanddividendincomeoperating": 21000000,
        "revenues": 246000000,
        "costofgoodsandservicessold": 6871000000,
        "generalandadministrativeexpense": 591000000,
        "premiumtaxexpenses": 172000000,
        "depreciationandamortization": 44000000,
        "othercostandexpenseoperating": 16000000,
        "costsandexpenses": 807000000,
        "operatingincomeloss": 455000000,
        "interestexpense": 28000000,
        "nonoperatingincomeexpense": -28000000,
        "incomelossfromcontinuingoperationsbeforeincometaxesextraordinaryitemsnoncontrollinginterest": 427000000,
        "incometaxexpensebenefit": 106000000,
        "netincomeloss": 321000000,
        "earningspersharebasic": 5.58,
        "earningspersharediluted": 5.52,
        "othercomprehensiveincomeunrealizedholdinggainlossonsecuritiesarisingduringperiodbeforetax": 46000000,
        "othercomprehensiveincomeunrealizedholdinggainlossonsecuritiesarisingduringperiodtax": 11000000,
        "othercomprehensiveincomelossnetoftaxportionattributabletoparent": 35000000,
        "comprehensiveincomenetoftax": 356000000
    },
    {
        "date": "2022-12-30",
        "symbol": "MOH",
        "period": "Q4",
        "premiumsearnednet": 7917000000,
        "healthcareorganizationpremiumtaxrevenue": 227000000,
        "netinvestmentincome": 61000000,
        "interestanddividendincomeoperating": -49000000,
        "revenues": 1102000000,
        "costofgoodsandservicessold": 6992000000,
        "generalandadministrativeexpense": 39000000,
        "premiumtaxexpenses": 227000000,
        "depreciationandamortization": 12000000,
        "othercostandexpenseoperating": 15000000,
        "costsandexpenses": -455000000,
        "operatingincomeloss": -1234000000,
        "interestexpense": 27000000,
        "nonoperatingincomeexpense": -27000000,
        "incomelossfromcontinuingoperationsbeforeincometaxesextraordinaryitemsnoncontrollinginterest": 78000000,
        "incometaxexpensebenefit": -291000000,
        "netincomeloss": 56000000,
        "earningspersharebasic": 0.9800000000000004,
        "earningspersharediluted": 0.9600000000000017,
        "othercomprehensiveincomeunrealizedholdinggainlossonsecuritiesarisingduringperiodbeforetax": 33000000,
        "othercomprehensiveincomeunrealizedholdinggainlossonsecuritiesarisingduringperiodtax": 8000000,
        "othercomprehensiveincomelossnetoftaxportionattributabletoparent": 25000000,
        "comprehensiveincomenetoftax": 81000000
    },
    {
        "date": "2022-09-29",
        "symbol": "MOH",
        "period": "Q3",
        "premiumsearnednet": 7636000000,
        "healthcareorganizationpremiumtaxrevenue": 223000000,
        "netinvestmentincome": 49000000,
        "interestanddividendincomeoperating": 19000000,
        "revenues": 274000000,
        "costofgoodsandservicessold": 6748000000,
        "generalandadministrativeexpense": 560000000,
        "premiumtaxexpenses": 223000000,
        "depreciationandamortization": 45000000,
        "othercostandexpenseoperating": 16000000,
        "costsandexpenses": 829000000,
        "operatingincomeloss": 335000000,
        "interestexpense": 28000000,
        "nonoperatingincomeexpense": -28000000,
        "incomelossfromcontinuingoperationsbeforeincometaxesextraordinaryitemsnoncontrollinginterest": 307000000,
        "incometaxexpensebenefit": 77000000,
        "netincomeloss": 230000000,
        "earningspersharebasic": 4,
        "earningspersharediluted": 3.95,
        "othercomprehensiveincomeunrealizedholdinggainlossonsecuritiesarisingduringperiodbeforetax": -75000000,
        "othercomprehensiveincomeunrealizedholdinggainlossonsecuritiesarisingduringperiodtax": -18000000,
        "othercomprehensiveincomelossnetoftaxportionattributabletoparent": -57000000,
        "comprehensiveincomenetoftax": 173000000
    },
    {
        "date": "2022-06-29",
        "symbol": "MOH",
        "period": "Q2",
        "premiumsearnednet": 7799000000,
        "healthcareorganizationpremiumtaxrevenue": 215000000,
        "netinvestmentincome": 22000000,
        "interestanddividendincomeoperating": 18000000,
        "revenues": 237000000,
        "costofgoodsandservicessold": 6872000000,
        "generalandadministrativeexpense": 551000000,
        "premiumtaxexpenses": 215000000,
        "depreciationandamortization": 44000000,
        "othercostandexpenseoperating": 11000000,
        "costsandexpenses": 806000000,
        "operatingincomeloss": 361000000,
        "interestexpense": 27000000,
        "nonoperatingincomeexpense": -27000000,
        "incomelossfromcontinuingoperationsbeforeincometaxesextraordinaryitemsnoncontrollinginterest": 334000000,
        "incometaxexpensebenefit": 86000000,
        "netincomeloss": 248000000,
        "earningspersharebasic": 4.29,
        "earningspersharediluted": 4.25,
        "othercomprehensiveincomeunrealizedholdinggainlossonsecuritiesarisingduringperiodbeforetax": -62000000,
        "othercomprehensiveincomeunrealizedholdinggainlossonsecuritiesarisingduringperiodtax": -15000000,
        "othercomprehensiveincomelossnetoftaxportionattributabletoparent": -47000000,
        "comprehensiveincomenetoftax": 201000000
    },
    {
        "date": "2022-03-30",
        "symbol": "MOH",
        "period": "Q1",
        "premiumsearnednet": 7531000000,
        "healthcareorganizationpremiumtaxrevenue": 208000000,
        "netinvestmentincome": 11000000,
        "interestanddividendincomeoperating": 20000000,
        "revenues": 221000000,
        "costofgoodsandservicessold": 6563000000,
        "generalandadministrativeexpense": 571000000,
        "premiumtaxexpenses": 208000000,
        "depreciationandamortization": 40000000,
        "othercostandexpenseoperating": 16000000,
        "costsandexpenses": 820000000,
        "operatingincomeloss": 372000000,
        "interestexpense": 28000000,
        "nonoperatingincomeexpense": -28000000,
        "incomelossfromcontinuingoperationsbeforeincometaxesextraordinaryitemsnoncontrollinginterest": 344000000,
        "incometaxexpensebenefit": 86000000,
        "netincomeloss": 258000000,
        "earningspersharebasic": 4.45,
        "earningspersharediluted": 4.39,
        "othercomprehensiveincomeunrealizedholdinggainlossonsecuritiesarisingduringperiodbeforetax": -100000000,
        "othercomprehensiveincomeunrealizedholdinggainlossonsecuritiesarisingduringperiodtax": -24000000,
        "othercomprehensiveincomelossnetoftaxportionattributabletoparent": -76000000,
        "comprehensiveincomenetoftax": 182000000
    },
    {
        "date": "2021-12-30",
        "symbol": "MOH",
        "period": "Q4",
        "premiumsearnednet": 7166000000,
        "healthcareorganizationpremiumtaxrevenue": 211000000,
        "netinvestmentincome": 13000000,
        "interestanddividendincomeoperating": -47000000,
        "revenues": 887000000,
        "costofgoodsandservicessold": 6362000000,
        "generalandadministrativeexpense": -65000000,
        "premiumtaxexpenses": 211000000,
        "depreciationandamortization": 2000000,
        "othercostandexpenseoperating": 31000000,
        "costsandexpenses": -622000000,
        "operatingincomeloss": -849000000,
        "interestexpense": 30000000,
        "nonoperatingincomeexpense": -55000000,
        "incometaxexpensebenefit": -204000000,
        "netincomeloss": 103000000,
        "earningspersharebasic": 1.7700000000000005,
        "earningspersharediluted": 1.7399999999999989,
        "othercomprehensiveincomeunrealizedholdinggainlossonsecuritiesarisingduringperiodbeforetax": -28000000,
        "othercomprehensiveincomeunrealizedholdinggainlossonsecuritiesarisingduringperiodtax": -6000000,
        "comprehensiveincomenetoftax": 81000000
    },
    {
        "date": "2021-09-29",
        "symbol": "MOH",
        "period": "Q3",
        "premiumsearnednet": 6800000000,
        "healthcareorganizationpremiumtaxrevenue": 204000000,
        "netinvestmentincome": 20000000,
        "interestanddividendincomeoperating": 16000000,
        "revenues": 222000000,
        "costofgoodsandservicessold": 6049000000,
        "generalandadministrativeexpense": 532000000,
        "premiumtaxexpenses": 204000000,
        "depreciationandamortization": 32000000,
        "othercostandexpenseoperating": 2000000,
        "costsandexpenses": 756000000,
        "operatingincomeloss": 221000000,
        "interestexpense": 30000000,
        "nonoperatingincomeexpense": -30000000,
        "incomelossfromcontinuingoperationsbeforeincometaxesextraordinaryitemsnoncontrollinginterest": 191000000,
        "incometaxexpensebenefit": 48000000,
        "netincomeloss": 143000000,
        "earningspersharebasic": 2.49,
        "earningspersharediluted": 2.46,
        "othercomprehensiveincomeunrealizedholdinggainlossonsecuritiesarisingduringperiodbeforetax": -13000000,
        "othercomprehensiveincomeunrealizedholdinggainlossonsecuritiesarisingduringperiodtax": -4000000,
        "othercomprehensiveincomelossnetoftaxportionattributabletoparent": -9000000,
        "comprehensiveincomenetoftax": 134000000
    },
    {
        "date": "2021-06-29",
        "symbol": "MOH",
        "period": "Q2",
        "premiumsearnednet": 6583000000,
        "healthcareorganizationpremiumtaxrevenue": 185000000,
        "netinvestmentincome": 10000000,
        "interestanddividendincomeoperating": 22000000,
        "revenues": 199000000,
        "costofgoodsandservicessold": 5819000000,
        "generalandadministrativeexpense": 484000000,
        "premiumtaxexpenses": 185000000,
        "depreciationandamortization": 31000000,
        "othercostandexpenseoperating": 8000000,
        "costsandexpenses": 693000000,
        "operatingincomeloss": 273000000,
        "interestexpense": 30000000,
        "nonoperatingincomeexpense": -30000000,
        "incomelossfromcontinuingoperationsbeforeincometaxesminorityinterestandincomelossfromequitymethodinvestments": 243000000,
        "incometaxexpensebenefit": 58000000,
        "netincomeloss": 185000000,
        "earningspersharebasic": 3.1899999999999995,
        "earningspersharediluted": 3.1599999999999997,
        "othercomprehensiveincomeunrealizedholdinggainlossonsecuritiesarisingduringperiodbeforetax": 1000000,
        "othercomprehensiveincomeunrealizedholdinggainlossonsecuritiesarisingduringperiodtax": 1000000,
        "othercomprehensiveincomelossnetoftaxportionattributabletoparent": 0,
        "comprehensiveincomenetoftax": 185000000
    },
    {
        "date": "2021-03-30",
        "symbol": "MOH",
        "period": "Q1",
        "premiumsearnednet": 6306000000,
        "healthcareorganizationpremiumtaxrevenue": 187000000,
        "netinvestmentincome": 9000000,
        "interestanddividendincomeoperating": 20000000,
        "revenues": 199000000,
        "costofgoodsandservicessold": 5474000000,
        "generalandadministrativeexpense": 473000000,
        "premiumtaxexpenses": 187000000,
        "depreciationandamortization": 33000000,
        "othercostandexpenseoperating": 20000000,
        "costsandexpenses": 700000000,
        "operatingincomeloss": 335000000,
        "interestexpense": 30000000,
        "nonoperatingincomeexpense": -30000000,
        "incomelossfromcontinuingoperationsbeforeincometaxesminorityinterestandincomelossfromequitymethodinvestments": 305000000,
        "incometaxexpensebenefit": 77000000,
        "netincomeloss": 228000000,
        "earningspersharebasic": 3.95,
        "earningspersharediluted": 3.89,
        "othercomprehensiveincomeunrealizedholdinggainlossonsecuritiesarisingduringperiodbeforetax": -15000000,
        "othercomprehensiveincomeunrealizedholdinggainlossonsecuritiesarisingduringperiodtax": -4000000,
        "othercomprehensiveincomelossnetoftaxportionattributabletoparent": -11000000,
        "comprehensiveincomenetoftax": 217000000
    },
    {
        "date": "2020-09-29",
        "symbol": "MOH",
        "period": "Q3",
        "premiumsearnednet": 4768000000,
        "healthcareorganizationpremiumtaxrevenue": 170000000,
        "healthcareorganizationinsurerfeerevenue": 69000000,
        "interestanddividendincomeoperating": 14000000,
        "revenues": 9325000000,
        "costofgoodsandservicessold": 4098000000,
        "generalandadministrativeexpense": 368000000,
        "premiumtaxexpenses": 170000000,
        "healthcareorganizationinsurerfeeexpense": 70000000,
        "depreciationandamortization": 23000000,
        "othercostandexpenseoperating": 3000000,
        "costsandexpenses": 8448000000,
        "operatingincomeloss": 289000000,
        "interestexpense": 27000000,
        "nonoperatingincomeexpense": -27000000,
        "incomelossfromcontinuingoperationsbeforeincometaxesminorityinterestandincomelossfromequitymethodinvestments": 262000000,
        "incometaxexpensebenefit": 77000000,
        "netincomeloss": 185000000,
        "earningspersharebasic": 3.130000000000001,
        "earningspersharediluted": 3.08,
        "othercomprehensiveincomeunrealizedholdinggainlossonsecuritiesarisingduringperiodbeforetax": 6000000,
        "othercomprehensiveincomeunrealizedholdinggainlossonsecuritiesarisingduringperiodtax": 1000000,
        "othercomprehensiveincomelossnetoftaxportionattributabletoparent": 5000000,
        "comprehensiveincomenetoftax": 190000000
    },
    {
        "date": "2020-06-29",
        "symbol": "MOH",
        "period": "Q2",
        "premiumsearnednet": 4372000000,
        "healthcareorganizationpremiumtaxrevenue": 157000000,
        "healthcareorganizationinsurerfeerevenue": 71000000,
        "interestanddividendincomeoperating": 18000000,
        "revenues": 4618000000,
        "costofgoodsandservicessold": 3598000000,
        "generalandadministrativeexpense": 345000000,
        "premiumtaxexpenses": 157000000,
        "healthcareorganizationinsurerfeeexpense": 71000000,
        "depreciationandamortization": 21000000,
        "othercostandexpenseoperating": 2000000,
        "costsandexpenses": 4194000000,
        "operatingincomeloss": 424000000,
        "interestexpense": 24000000,
        "othernonoperatingincomeexpense": -5000000,
        "nonoperatingincomeexpense": -29000000,
        "incomelossfromcontinuingoperationsbeforeincometaxesminorityinterestandincomelossfromequitymethodinvestments": 395000000,
        "incometaxexpensebenefit": 119000000,
        "netincomeloss": 276000000,
        "earningspersharebasic": 4.72,
        "earningspersharediluted": 4.65,
        "othercomprehensiveincomeunrealizedholdinggainlossonsecuritiesarisingduringperiodbeforetax": 62000000,
        "othercomprehensiveincomeunrealizedholdinggainlossonsecuritiesarisingduringperiodtax": 15000000,
        "othercomprehensiveincomelossnetoftaxportionattributabletoparent": 47000000,
        "comprehensiveincomenetoftax": 323000000
    },
    {
        "date": "2020-03-30",
        "symbol": "MOH",
        "period": "Q1",
        "netincomeloss": 178000000,
        "othercomprehensiveincomeunrealizedholdinggainlossonsecuritiesarisingduringperiodbeforetax": -25000000,
        "othercomprehensiveincomeunrealizedholdinggainlossonsecuritiesarisingduringperiodtax": -6000000,
        "othercomprehensiveincomelossnetoftaxportionattributabletoparent": -19000000,
        "comprehensiveincomenetoftax": 159000000,
        "premiumsearnednet": 4304000000,
        "healthcareorganizationpremiumtaxrevenue": 150000000,
        "healthcareorganizationinsurerfeerevenue": 66000000,
        "interestanddividendincomeoperating": 29000000,
        "revenues": 4549000000,
        "costofgoodsandservicessold": 3716000000,
        "generalandadministrativeexpense": 317000000,
        "premiumtaxexpenses": 150000000,
        "healthcareorganizationinsurerfeeexpense": 68000000,
        "depreciationandamortization": 20000000,
        "othercostandexpenseoperating": 4000000,
        "costsandexpenses": 4275000000,
        "operatingincomeloss": 274000000,
        "interestexpense": 21000000,
        "nonoperatingincomeexpense": -21000000,
        "incomelossfromcontinuingoperationsbeforeincometaxesminorityinterestandincomelossfromequitymethodinvestments": 253000000,
        "incometaxexpensebenefit": 75000000,
        "earningspersharebasic": 2.95,
        "earningspersharediluted": 2.92
    },
    {
        "date": "2019-12-30",
        "symbol": "MOH",
        "period": "Q4",
        "netincomeloss": 168000000,
        "comprehensiveincomenetoftax": 167000000,
        "premiumsearnednet": 4123000000,
        "healthcareorganizationpremiumtaxrevenue": 122000000,
        "interestanddividendincomeoperating": 29000000,
        "revenues": 4274000000,
        "costofgoodsandservicessold": 3545000000,
        "generalandadministrativeexpense": 343000000,
        "premiumtaxexpenses": 122000000,
        "depreciationandamortization": 21000000,
        "restructuringcosts": 1000000,
        "costsandexpenses": 4032000000,
        "operatingincomeloss": 242000000,
        "interestexpense": 20000000,
        "othernonoperatingincomeexpense": 0,
        "nonoperatingincomeexpense": -20000000,
        "incomelossfromcontinuingoperationsbeforeincometaxesminorityinterestandincomelossfromequitymethodinvestments": 222000000,
        "incometaxexpensebenefit": 54000000,
        "earningspersharebasic": 2.699999999999999,
        "earningspersharediluted": 2.67
    },
    {
        "date": "2019-09-29",
        "symbol": "MOH",
        "period": "Q3",
        "netincomeloss": 175000000,
        "othercomprehensiveincomeunrealizedholdinggainlossonsecuritiesarisingduringperiodbeforetax": 0,
        "othercomprehensiveincomeunrealizedholdinggainlossonsecuritiesarisingduringperiodtax": 0,
        "othercomprehensiveincomelossnetoftaxportionattributabletoparent": 0,
        "comprehensiveincomenetoftax": 175000000,
        "premiumsearnednet": 4084000000,
        "healthcareorganizationpremiumtaxrevenue": 119000000,
        "interestanddividendincomeoperating": 40000000,
        "revenues": 4245000000,
        "costofgoodsandservicessold": 3523000000,
        "generalandadministrativeexpense": 323000000,
        "premiumtaxexpenses": 119000000,
        "depreciationandamortization": 21000000,
        "restructuringcosts": 1000000,
        "costsandexpenses": 3986000000,
        "operatingincomeloss": 257000000,
        "interestexpense": 22000000,
        "othernonoperatingincomeexpense": -2000000,
        "nonoperatingincomeexpense": -24000000,
        "incomelossfromcontinuingoperationsbeforeincometaxesminorityinterestandincomelossfromequitymethodinvestments": 233000000,
        "incometaxexpensebenefit": 58000000,
        "earningspersharebasic": 2.81,
        "earningspersharediluted": 2.75
    },
    {
        "date": "2019-06-29",
        "symbol": "MOH",
        "period": "Q2",
        "netincomeloss": 196000000,
        "othercomprehensiveincomeunrealizedholdinggainlossonsecuritiesarisingduringperiodbeforetax": 10000000,
        "othercomprehensiveincomeunrealizedholdinggainlossonsecuritiesarisingduringperiodtax": 2000000,
        "othercomprehensiveincomelossnetoftaxportionattributabletoparent": 8000000,
        "comprehensiveincomenetoftax": 204000000,
        "premiumsearnednet": 4049000000,
        "healthcareorganizationpremiumtaxrevenue": 110000000,
        "interestanddividendincomeoperating": 34000000,
        "revenues": 4193000000,
        "costofgoodsandservicessold": 3466000000,
        "generalandadministrativeexpense": 328000000,
        "premiumtaxexpenses": 110000000,
        "depreciationandamortization": 22000000,
        "restructuringcosts": 2000000,
        "costsandexpenses": 3928000000,
        "operatingincomeloss": 265000000,
        "interestexpense": 22000000,
        "othernonoperatingincomeexpense": 14000000,
        "nonoperatingincomeexpense": -8000000,
        "incomelossfromcontinuingoperationsbeforeincometaxesminorityinterestandincomelossfromequitymethodinvestments": 257000000,
        "incometaxexpensebenefit": 61000000,
        "earningspersharebasic": 3.15,
        "earningspersharediluted": 3.06
    },
    {
        "date": "2019-03-30",
        "symbol": "MOH",
        "period": "Q1",
        "netincomeloss": 198000000,
        "othercomprehensiveincomeunrealizedholdinggainlossonsecuritiesarisingduringperiodbeforetax": 7000000,
        "othercomprehensiveincomeunrealizedholdinggainlossonsecuritiesarisingduringperiodtax": 2000000,
        "othercomprehensiveincomelossnetoftaxportionattributabletoparent": 5000000,
        "comprehensiveincomenetoftax": 203000000,
        "premiumsearnednet": 3952000000,
        "healthcareorganizationpremiumtaxrevenue": 138000000,
        "interestanddividendincomeoperating": 29000000,
        "revenues": 4117000000,
        "costofgoodsandservicessold": 3371000000,
        "generalandadministrativeexpense": 302000000,
        "premiumtaxexpenses": 138000000,
        "depreciationandamortization": 25000000,
        "restructuringcosts": 2000000,
        "costsandexpenses": 3839000000,
        "operatingincomeloss": 280000000,
        "interestexpense": 23000000,
        "othernonoperatingincomeexpense": 3000000,
        "nonoperatingincomeexpense": -20000000,
        "incomelossfromcontinuingoperationsbeforeincometaxesminorityinterestandincomelossfromequitymethodinvestments": 260000000,
        "incometaxexpensebenefit": 62000000,
        "earningspersharebasic": 3.19,
        "earningspersharediluted": 2.99
    },
    {
        "date": "2018-09-29",
        "symbol": "MOH",
        "period": "Q3",
        "netincomeloss": -412000000,
        "othercomprehensiveincomeunrealizedholdinggainlossonsecuritiesarisingduringperiodbeforetax": 1000000,
        "othercomprehensiveincomelossnetoftaxportionattributabletoparent": 13000000,
        "comprehensiveincomenetoftax": -168000000,
        "healthcareorganizationpremiumtaxrevenue": 110000000,
        "healthcareorganizationinsurerfeerevenue": 83000000,
        "interestanddividendincomeoperating": 37000000,
        "revenues": 79000000,
        "generalandadministrativeexpense": -271000000,
        "premiumtaxexpenses": 110000000,
        "healthcareorganizationinsurerfeeexpense": 87000000,
        "depreciationandamortization": 17000000,
        "restructuringcosts": -31000000,
        "costsandexpenses": 538000000,
        "operatingincomeloss": 58000000,
        "interestexpense": 26000000,
        "othernonoperatingincomeexpense": -10000000,
        "nonoperatingincomeexpense": -36000000,
        "incomelossfromcontinuingoperationsbeforeincometaxesminorityinterestandincomelossfromequitymethodinvestments": 22000000,
        "incometaxexpensebenefit": -6000000,
        "earningspersharebasic": 3.24,
        "earningspersharediluted": 2.9400000000000004
    },
    {
        "date": "2018-06-29",
        "symbol": "MOH",
        "period": "Q2",
        "netincomeloss": -249000000,
        "othercomprehensiveincomeunrealizedholdinggainlossonsecuritiesarisingduringperiodbeforetax": 1000000,
        "othercomprehensiveincomeunrealizedholdinggainlossonsecuritiesarisingduringperiodtax": -1000000,
        "othercomprehensiveincomelossnetoftaxportionattributabletoparent": -2000000,
        "comprehensiveincomenetoftax": -251000000,
        "revenuefromcontractwithcustomerincludingassessedtax": 127000000,
        "healthcareorganizationpremiumtaxrevenue": 106000000,
        "healthcareorganizationinsurerfeerevenue": 104000000,
        "interestanddividendincomeoperating": 32000000,
        "revenues": 83000000,
        "costofgoodsandservicessold": 118000000,
        "generalandadministrativeexpense": -261000000,
        "premiumtaxexpenses": 106000000,
        "healthcareorganizationinsurerfeeexpense": 99000000,
        "depreciationandamortization": 18000000,
        "restructuringcosts": 8000000,
        "costsandexpenses": 573000000,
        "operatingincomeloss": -11000000,
        "interestexpense": 31000000,
        "othernonoperatingincomeexpense": -5000000,
        "nonoperatingincomeexpense": -37000000,
        "incomelossfromcontinuingoperationsbeforeincometaxesminorityinterestandincomelossfromequitymethodinvestments": -47000000,
        "incometaxexpensebenefit": 1000000,
        "earningspersharebasic": 3.29,
        "earningspersharediluted": 3.02
    },
    {
        "date": "2018-03-30",
        "symbol": "MOH",
        "period": "Q1",
        "netincomeloss": 107000000,
        "othercomprehensiveincomeunrealizedholdinggainlossonsecuritiesarisingduringperiodbeforetax": -7000000,
        "othercomprehensiveincomelossnetoftaxportionattributabletoparent": -7000000,
        "comprehensiveincomenetoftax": -131000000,
        "healthcareorganizationpremiumrevenue": 4323000000,
        "technologyservicesrevenue": 134000000,
        "healthcareorganizationpremiumtaxrevenue": 104000000,
        "healthcareorganizationinsurerfeerevenue": 61000000,
        "interestanddividendincomeoperating": 24000000,
        "revenues": 86000000,
        "policyholderbenefitsandclaimsincurredhealthcare": 4000000,
        "technologyservicescosts": 77000000,
        "generalandadministrativeexpense": -331000000,
        "premiumtaxexpenses": 104000000,
        "healthcareorganizationinsurerfeeexpense": 75000000,
        "depreciationandamortization": 18000000,
        "restructuringcosts": 26000000,
        "costsandexpenses": 582000000,
        "operatingincomeloss": 18000000,
        "interestexpense": 33000000,
        "othernonoperatingincomeexpense": -10000000,
        "nonoperatingincomeexpense": -43000000,
        "incomelossfromcontinuingoperationsbeforeincometaxesminorityinterestandincomelossfromequitymethodinvestments": -25000000,
        "incometaxexpensebenefit": 9000000,
        "earningspersharebasic": 1.79,
        "earningspersharediluted": 1.64
    },
    {
        "date": "2017-09-29",
        "symbol": "MOH",
        "period": "Q3",
        "netincomeloss": 166000000,
        "comprehensiveincomenetoftax": 166000000,
        "healthcareorganizationpremiumrevenue": 85000000,
        "technologyservicesrevenue": 130000000,
        "healthcareorganizationpremiumtaxrevenue": 106000000,
        "interestanddividendincomeoperating": 18000000,
        "revenues": 85000000,
        "policyholderbenefitsandclaimsincurredhealthcare": 3000000,
        "technologyservicescosts": 81000000,
        "generalandadministrativeexpense": -379000000,
        "premiumtaxexpenses": 106000000,
        "depreciationandamortization": 23000000,
        "costsandexpenses": 769000000,
        "operatingincomeloss": 33000000,
        "interestexpense": 32000000,
        "nonoperatingincomeexpense": -32000000,
        "incomelossfromcontinuingoperationsbeforeincometaxesminorityinterestandincomelossfromequitymethodinvestments": 1000000,
        "incometaxexpensebenefit": 9000000,
        "earningspersharebasic": -1.7000000000000002,
        "earningspersharediluted": -1.7000000000000002
    },
    {
        "date": "2017-06-29",
        "symbol": "MOH",
        "period": "Q2",
        "netincomeloss": 241000000,
        "othercomprehensiveincomeunrealizedholdinggainlossonsecuritiesarisingduringperiodbeforetax": 0,
        "othercomprehensiveincomelossnetoftaxportionattributabletoparent": 0,
        "comprehensiveincomenetoftax": 241000000,
        "healthcareorganizationpremiumrevenue": 179000000,
        "technologyservicesrevenue": 129000000,
        "healthcareorganizationpremiumtaxrevenue": 114000000,
        "interestanddividendincomeoperating": 16000000,
        "revenues": 84000000,
        "policyholderbenefitsandclaimsincurredhealthcare": 3000000,
        "technologyservicescosts": 81000000,
        "generalandadministrativeexpense": -293000000,
        "premiumtaxexpenses": 114000000,
        "depreciationandamortization": 25000000,
        "costsandexpenses": 671000000,
        "operatingincomeloss": -40000000,
        "interestexpense": 27000000,
        "othernonoperatingincomeexpense": 0,
        "nonoperatingincomeexpense": -27000000,
        "incomelossfromcontinuingoperationsbeforeincometaxesminorityinterestandincomelossfromequitymethodinvestments": -67000000,
        "incometaxexpensebenefit": -14000000,
        "earningspersharebasic": -4.12,
        "earningspersharediluted": -4.11
    },
    {
        "date": "2017-03-30",
        "symbol": "MOH",
        "period": "Q1",
        "netincomeloss": -44000000,
        "othercomprehensiveincomeunrealizedholdinggainlossonsecuritiesarisingduringperiodbeforetax": 1000000,
        "othercomprehensiveincomelossnetoftaxportionattributabletoparent": -1000000,
        "comprehensiveincomenetoftax": -45000000,
        "healthcareorganizationpremiumrevenue": 183000000,
        "technologyservicesrevenue": 131000000,
        "healthcareorganizationpremiumtaxrevenue": 111000000,
        "interestanddividendincomeoperating": 14000000,
        "revenues": 87000000,
        "policyholderbenefitsandclaimsincurredhealthcare": 4000000,
        "technologyservicescosts": 80000000,
        "generalandadministrativeexpense": -342000000,
        "premiumtaxexpenses": 111000000,
        "depreciationandamortization": 27000000,
        "costsandexpenses": 589000000,
        "operatingincomeloss": 13000000,
        "interestexpense": 26000000,
        "othernonoperatingincomeexpense": 75000000,
        "nonoperatingincomeexpense": 49000000,
        "incomelossfromcontinuingoperationsbeforeincometaxesminorityinterestandincomelossfromequitymethodinvestments": 62000000,
        "incometaxexpensebenefit": 31000000,
        "earningspersharebasic": 1.38,
        "earningspersharediluted": 1.37
    },
    {
        "date": "2016-12-30",
        "symbol": "MOH",
        "period": "Q4",
        "netincomeloss": 60000000,
        "othercomprehensiveincomeunrealizedholdinggainlossonsecuritiesarisingduringperiodbeforetax": -7000000,
        "othercomprehensiveincomeunrealizedholdinggainlossonsecuritiesarisingduringperiodtax": -2000000,
        "othercomprehensiveincomelossnetoftaxportionattributabletoparent": -7000000,
        "comprehensiveincomenetoftax": -121000000,
        "healthcareorganizationpremiumrevenue": -11820000000,
        "technologyservicesrevenue": 131000000,
        "healthcareorganizationpremiumtaxrevenue": 123000000,
        "healthcareorganizationinsurerfeerevenue": 94000000,
        "interestanddividendincomeoperating": 13000000,
        "revenues": 159000000,
        "policyholderbenefitsandclaimsincurredhealthcare": -7227000000,
        "technologyservicescosts": -211000000,
        "generalandadministrativeexpense": -1498000000,
        "premiumtaxexpenses": 123000000,
        "healthcareorganizationinsurerfeeexpense": 54000000,
        "depreciationandamortization": 4000000,
        "costsandexpenses": -1651000000,
        "operatingincomeloss": -190000000,
        "interestexpense": 25000000,
        "incomelossfromcontinuingoperationsbeforeincometaxesminorityinterestandincomelossfromequitymethodinvestments": -215000000,
        "incometaxexpensebenefit": -115000000,
        "earningspersharebasic": -0.8599999999999999,
        "earningspersharediluted": -0.8499999999999999
    },
    {
        "date": "2016-09-29",
        "symbol": "MOH",
        "period": "Q3",
        "netincomeloss": -65000000,
        "othercomprehensiveincomeunrealizedholdinggainlossonsecuritiesarisingduringperiodbeforetax": -3000000,
        "othercomprehensiveincomeunrealizedholdinggainlossonsecuritiesarisingduringperiodtax": -2000000,
        "othercomprehensiveincomelossnetoftaxportionattributabletoparent": 1000000,
        "comprehensiveincomenetoftax": -64000000,
        "healthcareorganizationpremiumrevenue": 4191000000,
        "technologyservicesrevenue": 133000000,
        "healthcareorganizationpremiumtaxrevenue": 127000000,
        "healthcareorganizationinsurerfeerevenue": 85000000,
        "interestanddividendincomeoperating": 9000000,
        "healthcareorganizationotherrevenue": 1000000,
        "revenues": 86000000,
        "policyholderbenefitsandclaimsincurredhealthcare": -13000000,
        "technologyservicescosts": 10000000,
        "generalandadministrativeexpense": -274000000,
        "premiumtaxexpenses": 127000000,
        "healthcareorganizationinsurerfeeexpense": 55000000,
        "depreciationandamortization": 25000000,
        "costsandexpenses": -561000000,
        "operatingincomeloss": 7000000,
        "interestexpense": 26000000,
        "incomelossfromcontinuingoperationsbeforeincometaxesminorityinterestandincomelossfromequitymethodinvestments": -19000000,
        "incometaxexpensebenefit": 4000000,
        "earningspersharebasic": 0.77,
        "earningspersharediluted": 0.76
    },
    {
        "date": "2016-06-29",
        "symbol": "MOH",
        "period": "Q2",
        "netincomeloss": 33000000,
        "othercomprehensiveincomeunrealizedholdinggainlossonsecuritiesarisingduringperiodbeforetax": 4000000,
        "othercomprehensiveincomeunrealizedholdinggainlossonsecuritiesarisingduringperiodtax": 2000000,
        "othercomprehensiveincomelossnetoftaxportionattributabletoparent": 2000000,
        "comprehensiveincomenetoftax": 35000000,
        "healthcareorganizationpremiumrevenue": 4029000000,
        "technologyservicesrevenue": 135000000,
        "healthcareorganizationpremiumtaxrevenue": 109000000,
        "healthcareorganizationinsurerfeerevenue": 76000000,
        "interestanddividendincomeoperating": 8000000,
        "healthcareorganizationotherrevenue": 2000000,
        "revenues": 18000000,
        "policyholderbenefitsandclaimsincurredhealthcare": 3594000000,
        "technologyservicescosts": 116000000,
        "generalandadministrativeexpense": 351000000,
        "premiumtaxexpenses": 109000000,
        "healthcareorganizationinsurerfeeexpense": 50000000,
        "depreciationandamortization": 34000000,
        "costsandexpenses": -544000000,
        "operatingincomeloss": 105000000,
        "interestexpense": 25000000,
        "incomelossfromcontinuingoperationsbeforeincometaxesminorityinterestandincomelossfromequitymethodinvestments": 80000000,
        "incometaxexpensebenefit": 47000000,
        "earningspersharebasic": 0.58,
        "earningspersharediluted": 0.58
    },
    {
        "date": "2016-03-30",
        "symbol": "MOH",
        "period": "Q1",
        "netincomeloss": 24000000,
        "othercomprehensiveincomeunrealizedholdinggainlossonsecuritiesarisingduringperiodbeforetax": 9000000,
        "othercomprehensiveincomeunrealizedholdinggainlossonsecuritiesarisingduringperiodtax": 3000000,
        "othercomprehensiveincomelossnetoftaxportionattributabletoparent": 6000000,
        "comprehensiveincomenetoftax": 30000000,
        "healthcareorganizationpremiumrevenue": 3995000000,
        "technologyservicesrevenue": 140000000,
        "healthcareorganizationpremiumtaxrevenue": 109000000,
        "healthcareorganizationinsurerfeerevenue": 90000000,
        "interestanddividendincomeoperating": 8000000,
        "healthcareorganizationotherrevenue": 1000000,
        "revenues": 90000000,
        "policyholderbenefitsandclaimsincurredhealthcare": 3588000000,
        "technologyservicescosts": 127000000,
        "generalandadministrativeexpense": 340000000,
        "premiumtaxexpenses": 109000000,
        "healthcareorganizationinsurerfeeexpense": 58000000,
        "depreciationandamortization": 32000000,
        "costsandexpenses": 539000000,
        "operatingincomeloss": 89000000,
        "interestexpense": 25000000,
        "incomelossfromcontinuingoperationsbeforeincometaxesminorityinterestandincomelossfromequitymethodinvestments": 64000000,
        "incometaxexpensebenefit": 40000000,
        "earningspersharebasic": 0.44,
        "earningspersharediluted": 0.43
    },
    {
        "date": "2015-12-30",
        "symbol": "MOH",
        "period": "Q4",
        "netincomeloss": 29605000,
        "othercomprehensiveincomeunrealizedholdinggainlossonsecuritiesarisingduringperiodbeforetax": -3465000,
        "othercomprehensiveincomeunrealizedholdinggainlossonsecuritiesarisingduringperiodtax": -2213000,
        "othercomprehensiveincomelossnetoftaxportionattributabletoparent": -3318000,
        "comprehensiveincomenetoftax": 26287000,
        "healthcareorganizationpremiumrevenue": -7135280000,
        "technologyservicesrevenue": 106348000,
        "healthcareorganizationpremiumtaxrevenue": 107997000,
        "healthcareorganizationinsurerfeerevenue": 61004000,
        "interestanddividendincomeoperating": 6325000,
        "healthcareorganizationotherrevenue": 4000,
        "revenues": -6610013000,
        "policyholderbenefitsandclaimsincurredhealthcare": 3213311000,
        "technologyservicescosts": 89706000,
        "generalandadministrativeexpense": -33277000,
        "premiumtaxexpenses": 107997000,
        "healthcareorganizationinsurerfeeexpense": 39585000,
        "depreciationandamortization": 6013000,
        "costsandexpenses": -8192665000,
        "operatingincomeloss": -40787000,
        "interestexpense": -20315000,
        "othernonoperatingincomeexpense": 918000,
        "nonoperatingincomeexpense": -19991000,
        "incomelossfromcontinuingoperationsbeforeincometaxesminorityinterestandincomelossfromequitymethodinvestments": 56298000,
        "incometaxexpensebenefit": -173335000,
        "incomelossfromcontinuingoperations": 29633000,
        "incomelossfromcontinuingoperationsperbasicshare": 0.5500000000000002,
        "earningspersharebasic": 0.5500000000000002,
        "incomelossfromcontinuingoperationsperdilutedshare": 0.53,
        "earningspersharediluted": 0.53
    },
    {
        "date": "2015-09-29",
        "symbol": "MOH",
        "period": "Q3",
        "netincomeloss": 46299000,
        "othercomprehensiveincomeunrealizedholdinggainlossonsecuritiesarisingduringperiodbeforetax": 1792000,
        "othercomprehensiveincomeunrealizedholdinggainlossonsecuritiesarisingduringperiodtax": 663000,
        "othercomprehensiveincomelossnetoftaxportionattributabletoparent": 1129000,
        "comprehensiveincomenetoftax": 47428000,
        "healthcareorganizationpremiumrevenue": 2517474000,
        "technologyservicesrevenue": 47551000,
        "healthcareorganizationpremiumtaxrevenue": 99047000,
        "healthcareorganizationinsurerfeerevenue": 81158000,
        "interestanddividendincomeoperating": 4832000,
        "healthcareorganizationotherrevenue": 1745000,
        "revenues": -20000000,
        "policyholderbenefitsandclaimsincurredhealthcare": 3015371000,
        "technologyservicescosts": 34573000,
        "generalandadministrativeexpense": 287691000,
        "premiumtaxexpenses": 99047000,
        "healthcareorganizationinsurerfeeexpense": 35985000,
        "depreciationandamortization": 25843000,
        "costsandexpenses": 3498510000,
        "operatingincomeloss": 10954000,
        "interestexpense": 15269000,
        "othernonoperatingincomeexpense": 40000,
        "nonoperatingincomeexpense": -15229000,
        "incomelossfromcontinuingoperationsbeforeincometaxesminorityinterestandincomelossfromequitymethodinvestments": 97624000,
        "incometaxexpensebenefit": 51329000,
        "incomelossfromcontinuingoperations": 46295000,
        "incomelossfromdiscontinuedoperationsnetoftaxattributabletoreportingentity": 4000,
        "incomelossfromcontinuingoperationsperbasicshare": 0.84,
        "earningspersharebasic": 0.84,
        "incomelossfromcontinuingoperationsperdilutedshare": 0.77,
        "earningspersharediluted": 0.77
    },
    {
        "date": "2015-06-29",
        "symbol": "MOH",
        "period": "Q2",
        "netincomeloss": 38943000,
        "othercomprehensiveincomeunrealizedholdinggainlossonsecuritiesarisingduringperiodbeforetax": -3377000,
        "othercomprehensiveincomeunrealizedholdinggainlossonsecuritiesarisingduringperiodtax": -1250000,
        "othercomprehensiveincomelossnetoftaxportionattributabletoparent": -2127000,
        "comprehensiveincomenetoftax": 36816000,
        "healthcareorganizationpremiumrevenue": 2525571000,
        "technologyservicesrevenue": 47243000,
        "healthcareorganizationpremiumtaxrevenue": 94609000,
        "healthcareorganizationinsurerfeerevenue": 73890000,
        "interestanddividendincomeoperating": 3828000,
        "healthcareorganizationotherrevenue": 948000,
        "revenues": 3524890000,
        "policyholderbenefitsandclaimsincurredhealthcare": 2929534000,
        "technologyservicescosts": 32819000,
        "generalandadministrativeexpense": 286496000,
        "premiumtaxexpenses": 94609000,
        "healthcareorganizationinsurerfeeexpense": 40652000,
        "depreciationandamortization": 25152000,
        "costsandexpenses": 3409262000,
        "operatingincomeloss": 13043000,
        "interestexpense": 14946000,
        "othernonoperatingincomeexpense": 32000,
        "nonoperatingincomeexpense": -14914000,
        "incomelossfromcontinuingoperationsbeforeincometaxesminorityinterestandincomelossfromequitymethodinvestments": 100714000,
        "incometaxexpensebenefit": 61783000,
        "incomelossfromcontinuingoperations": 38931000,
        "incomelossfromdiscontinuedoperationsnetoftaxattributabletoreportingentity": 12000,
        "incomelossfromcontinuingoperationsperbasicshare": 0.78,
        "earningspersharebasic": 0.78,
        "incomelossfromcontinuingoperationsperdilutedshare": 0.72,
        "earningspersharediluted": 0.72
    },
    {
        "date": "2015-03-30",
        "symbol": "MOH",
        "period": "Q1",
        "netincomeloss": 28153000,
        "othercomprehensiveincomeunrealizedholdinggainlossonsecuritiesarisingduringperiodbeforetax": 50000,
        "othercomprehensiveincomeunrealizedholdinggainlossonsecuritiesarisingduringperiodtax": 800000,
        "othercomprehensiveincomelossnetoftaxportionattributabletoparent": 1316000,
        "comprehensiveincomenetoftax": 29469000,
        "healthcareorganizationpremiumrevenue": 2353235000,
        "technologyservicesrevenue": 51858000,
        "healthcareorganizationpremiumtaxrevenue": 95347000,
        "healthcareorganizationinsurerfeerevenue": 47948000,
        "interestanddividendincomeoperating": 3015000,
        "healthcareorganizationotherrevenue": 2303000,
        "revenues": 3171123000,
        "policyholderbenefitsandclaimsincurredhealthcare": 2635784000,
        "technologyservicescosts": 35902000,
        "generalandadministrativeexpense": 256090000,
        "premiumtaxexpenses": 95347000,
        "healthcareorganizationinsurerfeeexpense": 40778000,
        "depreciationandamortization": 24992000,
        "costsandexpenses": 3088893000,
        "operatingincomeloss": 13790000,
        "interestexpense": 3100000,
        "othernonoperatingincomeexpense": 10000,
        "nonoperatingincomeexpense": -14866000,
        "incomelossfromcontinuingoperationsbeforeincometaxesminorityinterestandincomelossfromequitymethodinvestments": 67364000,
        "incometaxexpensebenefit": 39223000,
        "incomelossfromcontinuingoperations": 28141000,
        "incomelossfromdiscontinuedoperationsnetoftaxattributabletoreportingentity": 12000,
        "incomelossfromcontinuingoperationsperbasicshare": 0.58,
        "earningspersharebasic": 0.58,
        "incomelossfromcontinuingoperationsperdilutedshare": 0.56,
        "earningspersharediluted": 0.56
    },
    {
        "date": "2014-09-29",
        "symbol": "MOH",
        "period": "Q3",
        "netincomeloss": 16122000,
        "othercomprehensiveincomeunrealizedholdinggainlossonsecuritiesarisingduringperiodbeforetax": -221000,
        "othercomprehensiveincomeunrealizedholdinggainlossonsecuritiesarisingduringperiodtax": -404000,
        "othercomprehensiveincomelossnetoftaxportionattributabletoparent": -657000,
        "comprehensiveincomenetoftax": 15465000,
        "healthcareorganizationpremiumrevenue": 2316759000,
        "technologyservicesrevenue": 52557000,
        "healthcareorganizationpremiumtaxrevenue": 81240000,
        "healthcareorganizationinsurerfeerevenue": 29427000,
        "interestanddividendincomeoperating": 2041000,
        "healthcareorganizationotherrevenue": 2327000,
        "revenues": 2484351000,
        "policyholderbenefitsandclaimsincurredhealthcare": 2097836000,
        "technologyservicescosts": 40067000,
        "generalandadministrativeexpense": 178879000,
        "premiumtaxexpenses": 81240000,
        "healthcareorganizationinsurerfeeexpense": 22308000,
        "depreciationandamortization": 24242000,
        "costsandexpenses": 2444572000,
        "operatingincomeloss": 33645000,
        "interestexpense": -18515000,
        "othernonoperatingincomeexpense": -863000,
        "nonoperatingincomeexpense": -15282000,
        "incomelossfromcontinuingoperationsbeforeincometaxesminorityinterestandincomelossfromequitymethodinvestments": 24497000,
        "incometaxexpensebenefit": 8427000,
        "incomelossfromcontinuingoperations": 16070000,
        "incomelossfromdiscontinuedoperationsnetoftaxattributabletoreportingentity": 52000,
        "incomelossfromcontinuingoperationsperbasicshare": 0.33999999999999997,
        "earningspersharebasic": 0.33999999999999997,
        "incomelossfromcontinuingoperationsperdilutedshare": 0.33999999999999997,
        "earningspersharediluted": 0.33999999999999997
    },
    {
        "date": "2014-06-29",
        "symbol": "MOH",
        "period": "Q2",
        "netincomeloss": 7811000,
        "othercomprehensiveincomeunrealizedholdinggainlossonsecuritiesarisingduringperiodbeforetax": 391000,
        "othercomprehensiveincomeunrealizedholdinggainlossonsecuritiesarisingduringperiodtax": -31000,
        "othercomprehensiveincomelossnetoftaxportionattributabletoparent": 422000,
        "comprehensiveincomenetoftax": 8233000,
        "healthcareorganizationpremiumrevenue": 2167142000,
        "technologyservicesrevenue": 50232000,
        "healthcareorganizationpremiumtaxrevenue": 70120000,
        "healthcareorganizationinsurerfeerevenue": 19662000,
        "interestanddividendincomeoperating": 1945000,
        "healthcareorganizationotherrevenue": 2938000,
        "revenues": 2312039000,
        "policyholderbenefitsandclaimsincurredhealthcare": 1934299000,
        "technologyservicescosts": 37107000,
        "generalandadministrativeexpense": 193239000,
        "premiumtaxexpenses": 70120000,
        "healthcareorganizationinsurerfeeexpense": 21945000,
        "depreciationandamortization": 22902000,
        "costsandexpenses": 2279612000,
        "operatingincomeloss": 21986000,
        "interestexpense": 13993000,
        "othernonoperatingincomeexpense": 9000,
        "nonoperatingincomeexpense": -13984000,
        "incomelossfromcontinuingoperationsbeforeincometaxesminorityinterestandincomelossfromequitymethodinvestments": 18443000,
        "incometaxexpensebenefit": 10702000,
        "incomelossfromcontinuingoperations": 7741000,
        "incomelossfromdiscontinuedoperationsnetoftaxattributabletoreportingentity": 70000,
        "incomelossfromcontinuingoperationsperbasicshare": 0.17,
        "earningspersharebasic": 0.17,
        "incomelossfromcontinuingoperationsperdilutedshare": 0.16,
        "earningspersharediluted": 0.16
    },
    {
        "date": "2014-03-30",
        "symbol": "MOH",
        "period": "Q1",
        "netincomeloss": 4498000,
        "othercomprehensiveincomeunrealizedholdinggainlossonsecuritiesarisingduringperiodbeforetax": 30000,
        "othercomprehensiveincomeunrealizedholdinggainlossonsecuritiesarisingduringperiodtax": 722000,
        "othercomprehensiveincomelossnetoftaxportionattributabletoparent": 704000,
        "comprehensiveincomenetoftax": 5202000,
        "healthcareorganizationpremiumrevenue": 1940337000,
        "technologyservicesrevenue": 53630000,
        "healthcareorganizationpremiumtaxrevenue": 51693000,
        "healthcareorganizationinsurerfeerevenue": 18696000,
        "interestanddividendincomeoperating": 1629000,
        "healthcareorganizationotherrevenue": 3258000,
        "revenues": 2069243000,
        "policyholderbenefitsandclaimsincurredhealthcare": 1721658000,
        "technologyservicescosts": 40657000,
        "generalandadministrativeexpense": 188087000,
        "premiumtaxexpenses": 51693000,
        "healthcareorganizationinsurerfeeexpense": 22190000,
        "depreciationandamortization": 20691000,
        "costsandexpenses": 2044976000,
        "operatingincomeloss": 10248000,
        "interestexpense": 13822000,
        "othernonoperatingincomeexpense": 44000,
        "nonoperatingincomeexpense": -13778000,
        "incomelossfromcontinuingoperationsbeforeincometaxesminorityinterestandincomelossfromequitymethodinvestments": 10489000,
        "incometaxexpensebenefit": 5655000,
        "incomelossfromcontinuingoperations": 4834000,
        "incomelossfromdiscontinuedoperationsnetoftaxattributabletoreportingentity": -336000,
        "incomelossfromcontinuingoperationsperbasicshare": 0.11,
        "incomelossfromdiscontinuedoperationsnetoftaxperbasicshare": -0.01,
        "earningspersharebasic": 0.1,
        "incomelossfromcontinuingoperationsperdilutedshare": 0.1,
        "incomelossfromdiscontinuedoperationsnetoftaxperdilutedshare": -0.01,
        "earningspersharediluted": 0.09
    },
    {
        "date": "2013-09-29",
        "symbol": "MOH",
        "period": "Q3",
        "netincomeloss": 7569000,
        "othercomprehensiveincomelossnetoftaxportionattributabletoparent": 1294000,
        "comprehensiveincomenetoftax": 8863000,
        "healthcareorganizationpremiumrevenue": 1500598000,
        "technologyservicesrevenue": 51100000,
        "interestanddividendincomeoperating": 1727000,
        "operatingleasesincomestatementleaserevenue": 5860000,
        "revenues": 1686891000,
        "policyholderbenefitsandclaimsincurredhealthcare": 1382374000,
        "technologyservicescosts": 40113000,
        "generalandadministrativeexpense": 176104000,
        "premiumtaxexpenses": 43723000,
        "depreciationandamortization": 18869000,
        "costsandexpenses": 1661183000,
        "operatingincomeloss": 7997000,
        "interestexpense": 13532000,
        "othernonoperatingincomeexpense": -13508000,
        "incomelossfromcontinuingoperationsbeforeincometaxesminorityinterestandincomelossfromequitymethodinvestments": 12200000,
        "incometaxexpensebenefit": 4040000,
        "earningspersharebasic": 0.17000000000000004,
        "earningspersharediluted": 0.16000000000000003,
        "weightedaveragenumberofsharesoutstandingbasic": -45719000,
        "weightedaveragenumberofdilutedsharesoutstanding": -46183000
    },
    {
        "date": "2013-06-29",
        "symbol": "MOH",
        "period": "Q2",
        "netincomeloss": 24571000,
        "othercomprehensiveincomeunrealizedholdinggainlossonsecuritiesarisingduringperiodbeforetax": -4045000,
        "othercomprehensiveincomeunrealizedholdinggainlossonsecuritiesarisingduringperiodtax": -1537000,
        "othercomprehensiveincomelossnetoftaxportionattributabletoparent": -2508000,
        "comprehensiveincomenetoftax": 22063000,
        "discontinuedoperationtaxeffectofdiscontinuedoperation": -9968000,
        "healthcareorganizationpremiumrevenue": 1548612000,
        "technologyservicesrevenue": 49672000,
        "interestanddividendincomeoperating": 1628000,
        "operatingleasesincomestatementleaserevenue": 5922000,
        "revenues": 1605834000,
        "policyholderbenefitsandclaimsincurredhealthcare": 1294706000,
        "technologyservicescosts": 39305000,
        "generalandadministrativeexpense": 161479000,
        "premiumtaxexpenses": 46883000,
        "depreciationandamortization": 17015000,
        "costsandexpenses": 1559388000,
        "operatingincomeloss": 6295000,
        "interestexpense": 11667000,
        "othernonoperatingexpense": 3502000,
        "othernonoperatingincomeexpense": -15169000,
        "incomelossfromcontinuingoperationsbeforeincometaxesminorityinterestandincomelossfromequitymethodinvestments": 31277000,
        "incometaxexpensebenefit": 15481000,
        "incomelossfromcontinuingoperations": 15796000,
        "incomelossfromdiscontinuedoperationsnetoftaxattributabletoreportingentity": 8775000,
        "incomelossfromcontinuingoperationsperbasicshare": 0.35,
        "incomelossfromdiscontinuedoperationsnetoftaxperbasicshare": 0.19,
        "earningspersharebasic": 0.54,
        "incomelossfromcontinuingoperationsperdilutedshare": 0.34,
        "incomelossfromdiscontinuedoperationsnetoftaxperdilutedshare": 0.19,
        "earningspersharediluted": 0.53,
        "weightedaveragenumberofsharesoutstandingbasic": 45446000,
        "weightedaveragenumberofdilutedsharesoutstanding": 46507000
    },
    {
        "date": "2013-03-30",
        "symbol": "MOH",
        "period": "Q1",
        "netincomeloss": 29915000,
        "othercomprehensiveincomeunrealizedholdinggainlossonsecuritiesarisingduringperiodnetoftax": 260000,
        "othercomprehensiveincomelossnetoftaxportionattributabletoparent": 260000,
        "comprehensiveincomenetoftax": 30175000,
        "healthcareorganizationpremiumrevenue": 1534608000,
        "technologyservicesrevenue": 49756000,
        "interestanddividendincomeoperating": 1529000,
        "operatingleasesincomestatementleaserevenue": 4694000,
        "revenues": 1590587000,
        "policyholderbenefitsandclaimsincurredhealthcare": 1288754000,
        "technologyservicescosts": 39770000,
        "generalandadministrativeexpense": 141407000,
        "premiumtaxexpenses": 37000000,
        "depreciationandamortization": 16565000,
        "costsandexpenses": 1523496000,
        "operatingincomeloss": 6353000,
        "interestexpense": 13037000,
        "otherincome": 131000,
        "othernonoperatingincomeexpense": -12906000,
        "incomelossfromcontinuingoperationsbeforeincometaxesminorityinterestandincomelossfromequitymethodinvestments": 54185000,
        "incometaxexpensebenefit": 24270000,
        "earningspersharebasic": 0.65,
        "earningspersharediluted": 0.64,
        "weightedaveragenumberofsharesoutstandingbasic": 45981000,
        "weightedaveragenumberofdilutedsharesoutstanding": 46443000
    },
    {
        "date": "2012-09-29",
        "symbol": "MOH",
        "period": "Q3",
        "healthcareorganizationpremiumrevenue": 16279000,
        "technologyservicesrevenue": 48422000,
        "interestanddividendincomeoperating": 1171000,
        "operatingleasesincomestatementleaserevenue": 1879000,
        "revenues": 1540190000,
        "policyholderbenefitsandclaimsincurredhealthcare": 1314571000,
        "technologyservicescosts": 37004000,
        "generalandadministrativeexpense": 200000,
        "premiumtaxexpenses": 37894000,
        "depreciationandamortization": 16034000,
        "costsandexpenses": 1533003000,
        "operatingincomeloss": 8156000,
        "interestexpense": 4315000,
        "incomelossfromcontinuingoperationsbeforeincometaxesminorityinterestandincomelossfromequitymethodinvestments": 2872000,
        "incometaxexpensebenefit": -492000,
        "netincomeloss": 3364000,
        "earningspersharebasic": 0.07,
        "earningspersharediluted": 0.07,
        "weightedaveragenumberofsharesoutstandingbasic": 46546000,
        "weightedaveragenumberofdilutedsharesoutstanding": 46880000,
        "othercomprehensiveincomeunrealizedholdinggainlossonsecuritiesarisingduringperiodnetoftax": 455000,
        "othercomprehensiveincomelossnetoftaxportionattributabletoparent": 455000,
        "comprehensiveincomenetoftax": 3819000
    },
    {
        "date": "2012-06-29",
        "symbol": "MOH",
        "period": "Q2",
        "netincomeloss": -37306000,
        "othercomprehensiveincomeunrealizedholdinggainlossonsecuritiesarisingduringperiodnetoftax": 324000,
        "othercomprehensiveincomelossnetoftaxportionattributabletoparent": 324000,
        "comprehensiveincomenetoftax": -36982000,
        "healthcareorganizationpremiumrevenue": 18788000,
        "technologyservicesrevenue": 41724000,
        "interestanddividendincomeoperating": 1108000,
        "operatingleasesincomestatementleaserevenue": 1320000,
        "revenues": 1536424000,
        "policyholderbenefitsandclaimsincurredhealthcare": 1377577000,
        "technologyservicescosts": 30613000,
        "generalandadministrativeexpense": 131485000,
        "premiumtaxexpenses": 39629000,
        "depreciationandamortization": 16387000,
        "costsandexpenses": 1595691000,
        "operatingincomeloss": 6642000,
        "interestexpense": 3808000,
        "incomelossfromcontinuingoperationsbeforeincometaxesminorityinterestandincomelossfromequitymethodinvestments": -63075000,
        "incometaxexpensebenefit": -25769000,
        "earningspersharebasic": -0.8,
        "earningspersharediluted": -0.8,
        "weightedaveragenumberofsharesoutstandingbasic": 46355000,
        "weightedaveragenumberofdilutedsharesoutstanding": 46355000
    },
    {
        "date": "2012-03-30",
        "symbol": "MOH",
        "period": "Q1",
        "healthcareorganizationpremiumrevenue": 17142000,
        "technologyservicesrevenue": 42205000,
        "interestanddividendincomeoperating": 1717000,
        "operatingleasesincomestatementleaserevenue": 2209000,
        "revenues": 1373580000,
        "policyholderbenefitsandclaimsincurredhealthcare": 1130988000,
        "technologyservicescosts": 30494000,
        "generalandadministrativeexpense": 120223000,
        "premiumtaxexpenses": 43430000,
        "depreciationandamortization": 15025000,
        "costsandexpenses": 1340160000,
        "operatingincomeloss": 8409000,
        "interestexpense": 4298000,
        "incomelossfromcontinuingoperationsbeforeincometaxesminorityinterestandincomelossfromequitymethodinvestments": 29122000,
        "incometaxexpensebenefit": 11033000,
        "netincomeloss": 18089000,
        "earningspersharebasic": 0.39,
        "earningspersharediluted": 0.39,
        "weightedaveragenumberofsharesoutstandingbasic": 45998000,
        "weightedaveragenumberofdilutedsharesoutstanding": 46887000,
        "othercomprehensiveincomeunrealizedholdinggainlossonsecuritiesarisingduringperiodnetoftax": 296000,
        "othercomprehensiveincomelossnetoftaxportionattributabletoparent": 296000,
        "comprehensiveincomenetoftax": 18385000
    },
    {
        "date": "2011-09-29",
        "symbol": "MOH",
        "period": "Q3",
        "healthcareorganizationpremiumrevenue": 1138230000,
        "technologyservicesrevenue": 37728000,
        "interestanddividendincomeoperating": 764000,
        "revenues": 1176722000,
        "policyholderbenefitsandclaimsincurredhealthcare": 959158000,
        "technologyservicescosts": 34584000,
        "generalandadministrativeexpense": 99610000,
        "premiumtaxexpenses": 36374000,
        "depreciationandamortization": 13430000,
        "costsandexpenses": 1143156000,
        "operatingincomeloss": 33566000,
        "interestexpense": 4380000,
        "incomelossfromcontinuingoperationsbeforeincometaxesminorityinterestandincomelossfromequitymethodinvestments": 29186000,
        "incometaxexpensebenefit": 10236000,
        "netincomeloss": 18950000,
        "earningspersharebasic": 0.41,
        "earningspersharediluted": 0.41,
        "weightedaveragenumberofsharesoutstandingbasic": 45834000,
        "weightedaveragenumberofdilutedsharesoutstanding": 46296000,
        "othercomprehensiveincomeunrealizedholdinggainlossonsecuritiesarisingduringperiodnetoftax": -165000,
        "othercomprehensiveincomelossnetoftaxportionattributabletoparent": -165000,
        "comprehensiveincomenetoftax": 18785000
    },
    {
        "date": "2011-06-29",
        "symbol": "MOH",
        "period": "Q2",
        "healthcareorganizationpremiumrevenue": 1128770000,
        "technologyservicesrevenue": 36888000,
        "interestanddividendincomeoperating": 1446000,
        "revenues": 1167104000,
        "policyholderbenefitsandclaimsincurredhealthcare": 949359000,
        "technologyservicescosts": 39215000,
        "generalandadministrativeexpense": 96921000,
        "premiumtaxexpenses": 37709000,
        "depreciationandamortization": 12490000,
        "costsandexpenses": 1135694000,
        "operatingincomeloss": 31410000,
        "interestexpense": 3683000,
        "incomelossfromcontinuingoperationsbeforeincometaxesminorityinterestandincomelossfromequitymethodinvestments": 27727000,
        "incometaxexpensebenefit": 10287000,
        "netincomeloss": 17440000,
        "earningspersharebasic": 0.38,
        "earningspersharediluted": 0.38,
        "weightedaveragenumberofsharesoutstandingbasic": 45897000,
        "weightedaveragenumberofdilutedsharesoutstanding": 46471000,
        "othercomprehensiveincomeunrealizedholdinggainlossonsecuritiesarisingduringperiodnetoftax": 712000,
        "othercomprehensiveincomelossnetoftaxportionattributabletoparent": 712000,
        "comprehensiveincomenetoftax": 18152000
    }
]