[
    {
        "date": "2024-09-29",
        "symbol": "CME",
        "period": "Q3",
        "incomelossfromcontinuingoperationsincludingportionattributabletononcontrollinginterest": 912800000,
        "revenues": 576800000,
        "laborandrelatedexpense": 218800000,
        "informationtechnologyanddataprocessing": 66600000,
        "professionalfees": 31000000,
        "amortizationofintangibleassets": 55700000,
        "depreciation": 28200000,
        "licensingfees": 97600000,
        "othercostandexpenseoperating": 62300000,
        "costsandexpenses": 560200000,
        "operatingincomeloss": 1024200000,
        "investmentincomenonoperating": 1026800000,
        "interestanddebtexpense": 40200000,
        "incomelossfromequitymethodinvestments": 86100000,
        "othernonoperatingincomeexpense": 4731100000,
        "nonoperatingincomeexpense": 152700000,
        "incomelossfromcontinuingoperationsbeforeincometaxesextraordinaryitemsnoncontrollinginterest": 1176900000,
        "incometaxexpensebenefit": 264100000,
        "netincomelossavailabletocommonstockholdersbasic": 901300000,
        "earningspersharebasic": 2.5099999999999993,
        "earningspersharediluted": 2.4999999999999996,
        "weightedaveragenumberofsharesoutstandingbasic": 359329000,
        "weightedaveragenumberofdilutedsharesoutstanding": 359899000,
        "profitloss": 912800000,
        "othercomprehensiveincomelosscashflowhedgegainlossreclassificationbeforetax": 900000,
        "othercomprehensiveincomelosscashflowhedgegainlossreclassificationtax": 300000,
        "othercomprehensiveincomelosscashflowhedgegainlossafterreclassificationandtax": -600000,
        "othercomprehensiveincomeforeigncurrencytransactionandtranslationgainlossbeforereclassificationandtax": 88400000,
        "othercomprehensiveincomeforeigncurrencytransactionandtranslationgainlossarisingduringperiodnetoftax": 84200000,
        "othercomprehensiveincomelossnetoftax": 84100000,
        "comprehensiveincomenetoftaxincludingportionattributabletononcontrollinginterest": 996900000
    },
    {
        "date": "2024-06-29",
        "symbol": "CME",
        "period": "Q2",
        "incomelossfromcontinuingoperationsincludingportionattributabletononcontrollinginterest": 883200000,
        "revenues": 1249900000,
        "laborandrelatedexpense": 204700000,
        "informationtechnologyanddataprocessing": 64100000,
        "professionalfees": 34700000,
        "amortizationofintangibleassets": 55500000,
        "depreciation": 28700000,
        "licensingfees": 85900000,
        "othercostandexpenseoperating": 58300000,
        "costsandexpenses": 531900000,
        "operatingincomeloss": 1000600000,
        "investmentincomenonoperating": 1044500000,
        "interestanddebtexpense": 40100000,
        "incomelossfromequitymethodinvestments": 86400000,
        "othernonoperatingincomeexpense": -936900000,
        "nonoperatingincomeexpense": 153900000,
        "incomelossfromcontinuingoperationsbeforeincometaxesextraordinaryitemsnoncontrollinginterest": 1154500000,
        "incometaxexpensebenefit": 271300000,
        "netincomelossavailabletocommonstockholdersbasic": 872100000,
        "earningspersharebasic": 2.43,
        "earningspersharediluted": 2.4199999999999995,
        "weightedaveragenumberofsharesoutstandingbasic": 359294000,
        "weightedaveragenumberofdilutedsharesoutstanding": 359852000,
        "profitloss": 883200000,
        "othercomprehensiveincomelosspensionandotherpostretirementbenefitplansnetunamortizedgainlossarisingduringperiodbeforetax": 0,
        "othercomprehensiveincomelosspensionandotherpostretirementbenefitplanstax": 0,
        "othercomprehensiveincomelosspensionandotherpostretirementbenefitplansadjustmentnetoftax": 0,
        "othercomprehensiveincomelosscashflowhedgegainlossreclassificationbeforetax": 900000,
        "othercomprehensiveincomelosscashflowhedgegainlossreclassificationtax": 200000,
        "othercomprehensiveincomelosscashflowhedgegainlossafterreclassificationandtax": -700000,
        "othercomprehensiveincomeforeigncurrencytransactionandtranslationgainlossbeforereclassificationandtax": -8200000,
        "othercomprehensiveincomeforeigncurrencytransactionandtranslationgainlossarisingduringperiodnetoftax": -8200000,
        "othercomprehensiveincomelossnetoftax": -8900000,
        "comprehensiveincomenetoftaxincludingportionattributabletononcontrollinginterest": 874300000
    },
    {
        "date": "2024-03-30",
        "symbol": "CME",
        "period": "Q1",
        "revenues": 1208900000,
        "laborandrelatedexpense": 206000000,
        "informationtechnologyanddataprocessing": 59400000,
        "professionalfees": 33100000,
        "amortizationofintangibleassets": 55200000,
        "depreciation": 30100000,
        "licensingfees": 87900000,
        "othercostandexpenseoperating": 56600000,
        "costsandexpenses": 528300000,
        "operatingincomeloss": 959600000,
        "investmentincomenonoperating": 1071300000,
        "interestanddebtexpense": 39900000,
        "incomelossfromequitymethodinvestments": 87200000,
        "othernonoperatingincomeexpense": -964800000,
        "nonoperatingincomeexpense": 153800000,
        "incomelossfromcontinuingoperationsbeforeincometaxesextraordinaryitemsnoncontrollinginterest": 1113400000,
        "incometaxexpensebenefit": 258200000,
        "incomelossfromcontinuingoperationsincludingportionattributabletononcontrollinginterest": 855200000,
        "netincomelossavailabletocommonstockholdersbasic": 844400000,
        "earningspersharebasic": 2.35,
        "earningspersharediluted": 2.35,
        "weightedaveragenumberofsharesoutstandingbasic": 359258000,
        "weightedaveragenumberofdilutedsharesoutstanding": 359833000,
        "profitloss": 855200000,
        "othercomprehensiveincomelosspensionandotherpostretirementbenefitplansnetunamortizedgainlossarisingduringperiodbeforetax": -5900000,
        "othercomprehensiveincomelosspensionandotherpostretirementbenefitplanstax": 1500000,
        "othercomprehensiveincomelosspensionandotherpostretirementbenefitplansadjustmentnetoftax": 4400000,
        "othercomprehensiveincomelosscashflowhedgegainlossreclassificationbeforetax": 900000,
        "othercomprehensiveincomelosscashflowhedgegainlossreclassificationtax": 200000,
        "othercomprehensiveincomelosscashflowhedgegainlossafterreclassificationandtax": -700000,
        "othercomprehensiveincomeforeigncurrencytransactionandtranslationgainlossbeforereclassificationandtax": -25400000,
        "othercomprehensiveincomeforeigncurrencytransactionandtranslationgainlossarisingduringperiodnetoftax": -25400000,
        "othercomprehensiveincomelossnetoftax": -30500000,
        "comprehensiveincomenetoftaxincludingportionattributabletononcontrollinginterest": 824700000
    },
    {
        "date": "2023-12-30",
        "symbol": "CME",
        "period": "Q4",
        "revenues": 1184500000,
        "laborandrelatedexpense": 212900000,
        "informationtechnologyanddataprocessing": 58500000,
        "professionalfees": 36100000,
        "amortizationofintangibleassets": 55600000,
        "licensingfees": 80400000,
        "othercostandexpenseoperating": 101900000,
        "costsandexpenses": 576100000,
        "operatingincomeloss": 863200000,
        "investmentincomenonoperating": 1076900000,
        "interestanddebtexpense": 39700000,
        "incomelossfromequitymethodinvestments": 66800000,
        "othernonoperatingincomeexpense": -961200000,
        "nonoperatingincomeexpense": 142800000,
        "incometaxexpensebenefit": 191400000,
        "netincomelossavailabletocommonstockholdersbasic": 804300000,
        "earningspersharebasic": 2.239999999999998,
        "earningspersharediluted": 2.2399999999999998,
        "weightedaveragenumberofsharesoutstandingbasic": 359023000,
        "weightedaveragenumberofdilutedsharesoutstanding": 359500000,
        "profitloss": 814600000,
        "othercomprehensiveincomeunrealizedholdinggainlossonsecuritiesarisingduringperiodbeforetax": 700000,
        "othercomprehensiveincomeunrealizedholdinggainlossonsecuritiesarisingduringperiodnetoftax": 600000,
        "othercomprehensiveincomelosscashflowhedgegainlossreclassificationbeforetax": 900000,
        "othercomprehensiveincomelosscashflowhedgegainlossreclassificationtax": 200000,
        "othercomprehensiveincomelosscashflowhedgegainlossafterreclassificationandtax": -700000,
        "othercomprehensiveincomeforeigncurrencytransactionandtranslationgainlossbeforereclassificationandtax": 50100000,
        "othercomprehensiveincomeforeigncurrencytransactionandtranslationgainlossarisingduringperiodnetoftax": 59800000,
        "othercomprehensiveincomelossnetoftax": 61700000,
        "comprehensiveincomenetoftaxincludingportionattributabletononcontrollinginterest": 876300000
    },
    {
        "date": "2023-09-29",
        "symbol": "CME",
        "period": "Q3",
        "revenues": 1085500000,
        "laborandrelatedexpense": 205500000,
        "informationtechnologyanddataprocessing": 55600000,
        "professionalfees": 32200000,
        "amortizationofintangibleassets": 57200000,
        "depreciation": 31100000,
        "licensingfees": 79500000,
        "othercostandexpenseoperating": 56500000,
        "costsandexpenses": 517600000,
        "operatingincomeloss": 820200000,
        "investmentincomenonoperating": 1272500000,
        "interestanddebtexpense": 39600000,
        "incomelossfromequitymethodinvestments": 76800000,
        "othernonoperatingincomeexpense": -1155600000,
        "nonoperatingincomeexpense": 154100000,
        "incomelossfromcontinuingoperationsbeforeincometaxesextraordinaryitemsnoncontrollinginterest": 974300000,
        "incometaxexpensebenefit": 224100000,
        "incomelossfromcontinuingoperationsincludingportionattributabletononcontrollinginterest": 750200000,
        "netincomelossavailabletocommonstockholdersbasic": 740800000,
        "earningspersharebasic": 2.06,
        "earningspersharediluted": 2.06,
        "weightedaveragenumberofsharesoutstandingbasic": 28000,
        "weightedaveragenumberofdilutedsharesoutstanding": 77000,
        "profitloss": 750200000,
        "othercomprehensiveincomeunrealizedholdinggainlossonsecuritiesarisingduringperiodbeforetax": -400000,
        "othercomprehensiveincomeunrealizedholdinggainlossonsecuritiesarisingduringperiodnetoftax": -300000,
        "othercomprehensiveincomelosscashflowhedgegainlossreclassificationbeforetax": 800000,
        "othercomprehensiveincomelosscashflowhedgegainlossreclassificationtax": 200000,
        "othercomprehensiveincomelosscashflowhedgegainlossafterreclassificationandtax": -600000,
        "othercomprehensiveincomeforeigncurrencytransactionandtranslationgainlossbeforereclassificationandtax": -16200000,
        "othercomprehensiveincomeforeigncurrencytransactionandtranslationgainlossarisingduringperiodnetoftax": -16200000,
        "othercomprehensiveincomelossnetoftax": -17100000,
        "comprehensiveincomenetoftaxincludingportionattributabletononcontrollinginterest": 733100000
    },
    {
        "date": "2023-06-29",
        "symbol": "CME",
        "period": "Q2",
        "revenues": 1062200000,
        "laborandrelatedexpense": 205700000,
        "informationtechnologyanddataprocessing": 53300000,
        "professionalfees": 37800000,
        "amortizationofintangibleassets": 57000000,
        "depreciation": 32300000,
        "licensingfees": 78200000,
        "othercostandexpenseoperating": 57300000,
        "costsandexpenses": 521600000,
        "operatingincomeloss": 838600000,
        "investmentincomenonoperating": 1568200000,
        "interestanddebtexpense": 40200000,
        "incomelossfromequitymethodinvestments": 75100000,
        "othernonoperatingincomeexpense": -3741600000,
        "nonoperatingincomeexpense": 177800000,
        "incomelossfromcontinuingoperationsbeforeincometaxesextraordinaryitemsnoncontrollinginterest": 1016400000,
        "incometaxexpensebenefit": 238800000,
        "incomelossfromcontinuingoperationsincludingportionattributabletononcontrollinginterest": 777600000,
        "netincomelossavailabletocommonstockholdersbasic": 767800000,
        "earningspersharebasic": 2.14,
        "earningspersharediluted": 2.1299999999999994,
        "weightedaveragenumberofsharesoutstandingbasic": 4000,
        "weightedaveragenumberofdilutedsharesoutstanding": 58000,
        "profitloss": 777600000,
        "othercomprehensiveincomeunrealizedholdinggainlossonsecuritiesarisingduringperiodbeforetax": -100000,
        "othercomprehensiveincomeunrealizedholdinggainlossonsecuritiesarisingduringperiodtax": 0,
        "othercomprehensiveincomeunrealizedholdinggainlossonsecuritiesarisingduringperiodnetoftax": -100000,
        "othercomprehensiveincomelosspensionandotherpostretirementbenefitplansnetunamortizedgainlossarisingduringperiodbeforetax": 0,
        "othercomprehensiveincomelosspensionandotherpostretirementbenefitplanstax": 0,
        "othercomprehensiveincomelosspensionandotherpostretirementbenefitplansadjustmentnetoftax": 0,
        "othercomprehensiveincomelosscashflowhedgegainlossreclassificationbeforetax": 700000,
        "othercomprehensiveincomelosscashflowhedgegainlossreclassificationtax": 200000,
        "othercomprehensiveincomelosscashflowhedgegainlossafterreclassificationandtax": -500000,
        "othercomprehensiveincomeforeigncurrencytransactionandtranslationgainlossbeforereclassificationandtax": 31000000,
        "othercomprehensiveincomeforeigncurrencytransactionandtranslationgainlossarisingduringperiodnetoftax": 31000000,
        "othercomprehensiveincomelossnetoftax": 30400000,
        "comprehensiveincomenetoftaxincludingportionattributabletononcontrollinginterest": 808000000
    },
    {
        "date": "2023-03-30",
        "symbol": "CME",
        "period": "Q1",
        "revenues": 1256300000,
        "laborandrelatedexpense": 204500000,
        "informationtechnologyanddataprocessing": 51300000,
        "professionalfees": 38300000,
        "amortizationofintangibleassets": 56800000,
        "depreciation": 31900000,
        "licensingfees": 84700000,
        "othercostandexpenseoperating": 60400000,
        "costsandexpenses": 527900000,
        "operatingincomeloss": 913700000,
        "investmentincomenonoperating": 1357700000,
        "interestanddebtexpense": 39900000,
        "incomelossfromequitymethodinvestments": 78200000,
        "othernonoperatingincomeexpense": 1163500000,
        "nonoperatingincomeexpense": 243200000,
        "incomelossfromcontinuingoperationsbeforeincometaxesextraordinaryitemsnoncontrollinginterest": 1156900000,
        "incometaxexpensebenefit": 273100000,
        "incomelossfromcontinuingoperationsincludingportionattributabletononcontrollinginterest": 883800000,
        "netincomelossavailabletocommonstockholdersbasic": 872700000,
        "earningspersharebasic": 2.43,
        "earningspersharediluted": 2.43,
        "weightedaveragenumberofsharesoutstandingbasic": 358933000,
        "weightedaveragenumberofdilutedsharesoutstanding": 359313000,
        "profitloss": 883800000,
        "othercomprehensiveincomeunrealizedholdinggainlossonsecuritiesarisingduringperiodbeforetax": 400000,
        "othercomprehensiveincomeunrealizedholdinggainlossonsecuritiesarisingduringperiodtax": 100000,
        "othercomprehensiveincomeunrealizedholdinggainlossonsecuritiesarisingduringperiodnetoftax": 300000,
        "othercomprehensiveincomelosspensionandotherpostretirementbenefitplansnetunamortizedgainlossarisingduringperiodbeforetax": -3500000,
        "othercomprehensiveincomelosspensionandotherpostretirementbenefitplanstax": 900000,
        "othercomprehensiveincomelosspensionandotherpostretirementbenefitplansadjustmentnetoftax": 2600000,
        "othercomprehensiveincomelosscashflowhedgegainlossreclassificationbeforetax": 1200000,
        "othercomprehensiveincomelosscashflowhedgegainlossreclassificationtax": 300000,
        "othercomprehensiveincomelosscashflowhedgegainlossafterreclassificationandtax": -900000,
        "othercomprehensiveincomeforeigncurrencytransactionandtranslationgainlossbeforereclassificationandtax": 5900000,
        "othercomprehensiveincomeforeigncurrencytransactionandtranslationgainlossarisingduringperiodnetoftax": 5900000,
        "othercomprehensiveincomelossnetoftax": 2700000,
        "comprehensiveincomenetoftaxincludingportionattributabletononcontrollinginterest": 886500000
    },
    {
        "date": "2022-09-29",
        "symbol": "CME",
        "period": "Q3",
        "revenues": 790100000,
        "laborandrelatedexpense": 189600000,
        "informationtechnologyanddataprocessing": 46800000,
        "professionalfees": 35100000,
        "amortizationofintangibleassets": 55500000,
        "depreciation": 34500000,
        "licensingfees": 83600000,
        "othercostandexpenseoperating": 43900000,
        "costsandexpenses": 489000000,
        "operatingincomeloss": 738800000,
        "investmentincomenonoperating": 686200000,
        "interestanddebtexpense": 40400000,
        "incomelossfromequitymethodinvestments": 76500000,
        "othernonoperatingincomeexpense": -581100000,
        "nonoperatingincomeexpense": 141200000,
        "incomelossfromcontinuingoperationsbeforeincometaxesextraordinaryitemsnoncontrollinginterest": 880000000,
        "incometaxexpensebenefit": 200400000,
        "profitloss": 679600000,
        "netincomeloss": 679600000,
        "netincomelossavailabletocommonstockholdersbasic": 671100000,
        "earningspersharebasic": 1.87,
        "earningspersharediluted": 1.8699999999999994,
        "weightedaveragenumberofsharesoutstandingbasic": -358595000,
        "weightedaveragenumberofdilutedsharesoutstanding": -359179000,
        "othercomprehensiveincomeunrealizedholdinggainlossonsecuritiesarisingduringperiodbeforetax": -700000,
        "othercomprehensiveincomeunrealizedholdinggainlossonsecuritiesarisingduringperiodtax": -100000,
        "othercomprehensiveincomeunrealizedholdinggainlossonsecuritiesarisingduringperiodnetoftax": -600000,
        "othercomprehensiveincomelossreclassificationadjustmentfromaocipensionandotherpostretirementbenefitplansfornetgainlossbeforetax": -300000,
        "othercomprehensiveincomelosspensionandotherpostretirementbenefitplanstax": -100000,
        "othercomprehensiveincomelosspensionandotherpostretirementbenefitplansadjustmentnetoftax": -200000,
        "othercomprehensiveincomelosscashflowhedgegainlossreclassificationbeforetax": 900000,
        "othercomprehensiveincomelosscashflowhedgegainlossreclassificationtax": 200000,
        "othercomprehensiveincomelosscashflowhedgegainlossafterreclassificationandtax": -700000,
        "othercomprehensiveincomeforeigncurrencytransactionandtranslationgainlossbeforereclassificationandtax": -67000000,
        "othercomprehensiveincomeforeigncurrencytransactionandtranslationgainlossarisingduringperiodnetoftax": -67000000,
        "othercomprehensiveincomelossnetoftax": -68100000,
        "comprehensiveincomenetoftaxincludingportionattributabletononcontrollinginterest": 611500000,
        "comprehensiveincomenetoftax": 611500000
    },
    {
        "date": "2022-06-29",
        "symbol": "CME",
        "period": "Q2",
        "revenues": 1024600000,
        "laborandrelatedexpense": 185300000,
        "informationtechnologyanddataprocessing": 45900000,
        "professionalfees": 32000000,
        "amortizationofintangibleassets": 57100000,
        "depreciation": 33000000,
        "licensingfees": 83100000,
        "othercostandexpenseoperating": 51100000,
        "costsandexpenses": 487500000,
        "operatingincomeloss": 749700000,
        "investmentincomenonoperating": 286900000,
        "interestanddebtexpense": 39900000,
        "incomelossfromequitymethodinvestments": 87300000,
        "othernonoperatingincomeexpense": -217300000,
        "nonoperatingincomeexpense": 117000000,
        "incomelossfromcontinuingoperationsbeforeincometaxesextraordinaryitemsnoncontrollinginterest": 866700000,
        "incometaxexpensebenefit": 204200000,
        "profitloss": 662500000,
        "netincomeloss": 662500000,
        "netincomelossavailabletocommonstockholdersbasic": 654100000,
        "earningspersharebasic": 1.82,
        "earningspersharediluted": 1.82,
        "weightedaveragenumberofsharesoutstandingbasic": 358641000,
        "weightedaveragenumberofdilutedsharesoutstanding": 359205000,
        "othercomprehensiveincomeunrealizedholdinggainlossonsecuritiesarisingduringperiodbeforetax": -1000000,
        "othercomprehensiveincomeunrealizedholdinggainlossonsecuritiesarisingduringperiodtax": -300000,
        "othercomprehensiveincomeunrealizedholdinggainlossonsecuritiesarisingduringperiodnetoftax": -700000,
        "othercomprehensiveincomelossreclassificationadjustmentfromaocipensionandotherpostretirementbenefitplansfornetgainlossbeforetax": -300000,
        "othercomprehensiveincomelosspensionandotherpostretirementbenefitplanstax": -100000,
        "othercomprehensiveincomelosspensionandotherpostretirementbenefitplansadjustmentnetoftax": -200000,
        "othercomprehensiveincomelosscashflowhedgegainlossreclassificationbeforetax": 900000,
        "othercomprehensiveincomelosscashflowhedgegainlossreclassificationtax": 200000,
        "othercomprehensiveincomelosscashflowhedgegainlossafterreclassificationandtax": -700000,
        "othercomprehensiveincomeforeigncurrencytransactionandtranslationgainlossbeforereclassificationandtax": -58500000,
        "othercomprehensiveincomeforeigncurrencytransactionandtranslationgainlossarisingduringperiodnetoftax": -58500000,
        "othercomprehensiveincomelossnetoftax": -59700000,
        "comprehensiveincomenetoftaxincludingportionattributabletononcontrollinginterest": 602800000,
        "comprehensiveincomenetoftax": 602800000
    },
    {
        "date": "2022-03-30",
        "symbol": "CME",
        "period": "Q1",
        "revenues": 1346600000,
        "laborandrelatedexpense": 185200000,
        "informationtechnologyanddataprocessing": 45900000,
        "professionalfees": 31800000,
        "amortizationofintangibleassets": 58400000,
        "depreciation": 33500000,
        "licensingfees": 80900000,
        "othercostandexpenseoperating": 51800000,
        "costsandexpenses": 487500000,
        "operatingincomeloss": 859100000,
        "investmentincomenonoperating": 73100000,
        "interestanddebtexpense": 42500000,
        "incomelossfromequitymethodinvestments": 73300000,
        "othernonoperatingincomeexpense": -46700000,
        "nonoperatingincomeexpense": 57200000,
        "incomelossfromcontinuingoperationsbeforeincometaxesextraordinaryitemsnoncontrollinginterest": 916300000,
        "incometaxexpensebenefit": 205300000,
        "profitloss": 711000000,
        "netincomeloss": 711000000,
        "netincomelossavailabletocommonstockholdersbasic": 702000000,
        "earningspersharebasic": 1.96,
        "earningspersharediluted": 1.95,
        "weightedaveragenumberofsharesoutstandingbasic": 358609000,
        "weightedaveragenumberofdilutedsharesoutstanding": 359180000,
        "othercomprehensiveincomeunrealizedholdinggainlossonsecuritiesarisingduringperiodbeforetax": -1300000,
        "othercomprehensiveincomeunrealizedholdinggainlossonsecuritiesarisingduringperiodtax": -300000,
        "othercomprehensiveincomeunrealizedholdinggainlossonsecuritiesarisingduringperiodnetoftax": -1000000,
        "othercomprehensiveincomelosspensionandotherpostretirementbenefitplansnetunamortizedgainlossarisingduringperiodbeforetax": -3700000,
        "othercomprehensiveincomelossreclassificationadjustmentfromaocipensionandotherpostretirementbenefitplansfornetgainlossbeforetax": -300000,
        "othercomprehensiveincomelosspensionandotherpostretirementbenefitplanstax": 900000,
        "othercomprehensiveincomelosspensionandotherpostretirementbenefitplansadjustmentnetoftax": 2500000,
        "othercomprehensiveincomelosscashflowhedgegainlossreclassificationbeforetax": -800000,
        "othercomprehensiveincomelosscashflowhedgegainlossreclassificationtax": -200000,
        "othercomprehensiveincomelosscashflowhedgegainlossafterreclassificationandtax": 600000,
        "othercomprehensiveincomeforeigncurrencytransactionandtranslationgainlossbeforereclassificationandtax": -22600000,
        "othercomprehensiveincomeforeigncurrencytransactionandtranslationgainlossarisingduringperiodnetoftax": -22600000,
        "othercomprehensiveincomelossnetoftax": -25500000,
        "comprehensiveincomenetoftaxincludingportionattributabletononcontrollinginterest": 685500000,
        "comprehensiveincomenetoftax": 685500000
    },
    {
        "date": "2021-09-29",
        "symbol": "CME",
        "period": "Q3",
        "revenues": 632600000,
        "laborandrelatedexpense": 198600000,
        "informationtechnologyanddataprocessing": 49300000,
        "professionalfees": 45200000,
        "amortizationofintangibleassets": 59000000,
        "depreciation": 37200000,
        "licensingfees": 57600000,
        "othercostandexpenseoperating": 49300000,
        "costsandexpenses": 496199999.99999994,
        "operatingincomeloss": 613700000,
        "investmentincomenonoperating": 145800000,
        "interestanddebtexpense": 41800000,
        "incomelossfromequitymethodinvestments": 66400000,
        "othernonoperatingincomeexpense": 311800000,
        "nonoperatingincomeexpense": 482200000,
        "incomelossfromcontinuingoperationsbeforeincometaxesextraordinaryitemsnoncontrollinginterest": 1095900000,
        "incometaxexpensebenefit": 169600000,
        "profitloss": 926300000,
        "netincomelossattributabletononcontrollinginterest": 600000,
        "netincomeloss": 926500000,
        "earningspersharebasic": 2.5900000000000003,
        "earningspersharediluted": 2.5799999999999996,
        "weightedaveragenumberofsharesoutstandingbasic": -358150000,
        "weightedaveragenumberofdilutedsharesoutstanding": -358811000,
        "othercomprehensiveincomeunrealizedholdinggainlossonsecuritiesarisingduringperiodbeforetax": -200000,
        "othercomprehensiveincomeunrealizedholdinggainlossonsecuritiesarisingduringperiodtax": 0,
        "othercomprehensiveincomeunrealizedholdinggainlossonsecuritiesarisingduringperiodnetoftax": 0,
        "othercomprehensiveincomelossreclassificationadjustmentfromaocipensionandotherpostretirementbenefitplansfornetgainlossbeforetax": -1100000,
        "othercomprehensiveincomelosspensionandotherpostretirementbenefitplanstax": -200000,
        "othercomprehensiveincomelosspensionandotherpostretirementbenefitplansadjustmentnetoftax": -900000,
        "othercomprehensiveincomeforeigncurrencytransactionandtranslationgainlossbeforereclassificationandtax": -29000000,
        "othercomprehensiveincomeforeigncurrencytransactionandtranslationgainlossarisingduringperiodnetoftax": -69300000,
        "othercomprehensiveincomelossnetoftax": -68700000,
        "comprehensiveincomenetoftaxincludingportionattributabletononcontrollinginterest": 857600000,
        "comprehensiveincomenetoftaxattributabletononcontrollinginterest": -200000,
        "comprehensiveincomenetoftax": 857800000
    },
    {
        "date": "2021-06-29",
        "symbol": "CME",
        "period": "Q2",
        "revenues": 929900000,
        "laborandrelatedexpense": 211700000,
        "informationtechnologyanddataprocessing": 49300000,
        "professionalfees": 36800000,
        "amortizationofintangibleassets": 59400000,
        "depreciation": 37100000,
        "licensingfees": 54200000,
        "othercostandexpenseoperating": 56000000,
        "costsandexpenses": 504500000,
        "operatingincomeloss": 674700000,
        "investmentincomenonoperating": 62400000,
        "interestanddebtexpense": 41700000,
        "incomelossfromequitymethodinvestments": 55700000,
        "othernonoperatingincomeexpense": -25000000,
        "nonoperatingincomeexpense": 51400000,
        "incomelossfromcontinuingoperationsbeforeincometaxesextraordinaryitemsnoncontrollinginterest": 726100000,
        "incometaxexpensebenefit": 215500000,
        "profitloss": 510600000,
        "netincomelossattributabletononcontrollinginterest": 300000,
        "netincomeloss": 510300000,
        "earningspersharebasic": 1.42,
        "earningspersharediluted": 1.42,
        "weightedaveragenumberofsharesoutstandingbasic": 358261000,
        "weightedaveragenumberofdilutedsharesoutstanding": 358888000,
        "othercomprehensiveincomeunrealizedholdinggainlossonsecuritiesarisingduringperiodbeforetax": 400000,
        "othercomprehensiveincomeunrealizedholdinggainlossonsecuritiesarisingduringperiodtax": 100000,
        "othercomprehensiveincomeunrealizedholdinggainlossonsecuritiesarisingduringperiodnetoftax": 300000,
        "othercomprehensiveincomelossreclassificationadjustmentfromaocipensionandotherpostretirementbenefitplansfornetgainlossbeforetax": -1100000,
        "othercomprehensiveincomelosspensionandotherpostretirementbenefitplanstax": -300000,
        "othercomprehensiveincomelosspensionandotherpostretirementbenefitplansadjustmentnetoftax": -800000,
        "othercomprehensiveincomelossreclassificationadjustmentfromaocionderivativesbeforetax": 300000,
        "othercomprehensiveincomelossderivativesqualifyingashedgestax": -100000,
        "othercomprehensiveincomelossderivativesqualifyingashedgesnetoftax": -200000,
        "othercomprehensiveincomeforeigncurrencytransactionandtranslationgainlossbeforereclassificationandtax": 21600000,
        "othercomprehensiveincomeforeigncurrencytransactionandtranslationgainlossarisingduringperiodnetoftax": 21600000,
        "othercomprehensiveincomelossnetoftax": 22500000,
        "comprehensiveincomenetoftaxincludingportionattributabletononcontrollinginterest": 533100000,
        "comprehensiveincomenetoftaxattributabletononcontrollinginterest": 300000,
        "comprehensiveincomenetoftax": 532800000
    },
    {
        "date": "2021-03-30",
        "symbol": "CME",
        "period": "Q1",
        "revenues": 1253300000,
        "laborandrelatedexpense": 225000000,
        "informationtechnologyanddataprocessing": 48200000,
        "professionalfees": 37400000,
        "amortizationofintangibleassets": 60600000,
        "depreciation": 37600000,
        "licensingfees": 64700000,
        "othercostandexpenseoperating": 54700000,
        "costsandexpenses": 528200000.00000006,
        "operatingincomeloss": 725100000,
        "investmentincomenonoperating": 30900000,
        "interestanddebtexpense": 41500000,
        "incomelossfromequitymethodinvestments": 56200000,
        "othernonoperatingincomeexpense": -18400000,
        "nonoperatingincomeexpense": 27200000,
        "incomelossfromcontinuingoperationsbeforeincometaxesextraordinaryitemsnoncontrollinginterest": 752300000,
        "incometaxexpensebenefit": 177500000,
        "profitloss": 574800000,
        "netincomelossattributabletononcontrollinginterest": -400000,
        "netincomeloss": 574400000,
        "earningspersharebasic": 1.6,
        "earningspersharediluted": 1.6,
        "weightedaveragenumberofsharesoutstandingbasic": 358147000,
        "weightedaveragenumberofdilutedsharesoutstanding": 358817000,
        "othercomprehensiveincomeunrealizedholdinggainlossonsecuritiesarisingduringperiodbeforetax": -1100000,
        "othercomprehensiveincomeunrealizedholdinggainlossonsecuritiesarisingduringperiodtax": -300000,
        "othercomprehensiveincomeunrealizedholdinggainlossonsecuritiesarisingduringperiodnetoftax": -800000,
        "othercomprehensiveincomelossreclassificationadjustmentfromaocipensionandotherpostretirementbenefitplansfornetgainlossbeforetax": -1100000,
        "othercomprehensiveincomelosspensionandotherpostretirementbenefitplanstax": -300000,
        "othercomprehensiveincomelosspensionandotherpostretirementbenefitplansadjustmentnetoftax": -800000,
        "othercomprehensiveincomelossreclassificationadjustmentfromaocionderivativesbeforetax": 300000,
        "othercomprehensiveincomelossderivativesqualifyingashedgestax": -100000,
        "othercomprehensiveincomelossderivativesqualifyingashedgesnetoftax": -200000,
        "othercomprehensiveincomeforeigncurrencytransactionandtranslationgainlossbeforereclassificationandtax": -51200000,
        "othercomprehensiveincomeforeigncurrencytransactionandtranslationgainlossarisingduringperiodnetoftax": -51200000,
        "othercomprehensiveincomelossnetoftax": -51400000,
        "comprehensiveincomenetoftaxincludingportionattributabletononcontrollinginterest": 523400000,
        "comprehensiveincomenetoftaxattributabletononcontrollinginterest": 400000,
        "comprehensiveincomenetoftax": 523000000
    },
    {
        "date": "2020-12-30",
        "symbol": "CME",
        "period": "Q4",
        "revenues": 112300000,
        "laborandrelatedexpense": 215600000,
        "informationtechnologyanddataprocessing": 53600000,
        "professionalfees": 50000000,
        "amortizationofintangibleassets": 79000000,
        "licensingfees": 57900000,
        "othercostandexpenseoperating": 85900000,
        "costsandexpenses": 583500000,
        "operatingincomeloss": 515000000,
        "investmentincomenonoperating": 31100000,
        "interestanddebtexpense": 41700000,
        "incomelossfromequitymethodinvestments": 46600000,
        "othernonoperatingincomeexpense": -16000000,
        "nonoperatingincomeexpense": 20000000,
        "incometaxexpensebenefit": 110200000,
        "netincomelossattributabletononcontrollinginterest": 800000,
        "netincomeloss": 424000000,
        "earningspersharebasic": 1.1799999999999997,
        "earningspersharediluted": 1.1799999999999997,
        "weightedaveragenumberofsharesoutstandingbasic": 95000,
        "weightedaveragenumberofdilutedsharesoutstanding": 32000,
        "profitloss": 424800000,
        "othercomprehensiveincomelossreclassificationadjustmentfromaocipensionandotherpostretirementbenefitplansfornetgainlossbeforetax": -8200000,
        "othercomprehensiveincomelosspensionandotherpostretirementbenefitplanstax": 300000,
        "othercomprehensiveincomelosspensionandotherpostretirementbenefitplansadjustmentnetoftax": 900000,
        "othercomprehensiveincomelossreclassificationadjustmentfromaocionderivativesbeforetax": 300000,
        "othercomprehensiveincomelossderivativesqualifyingashedgesnetoftax": -200000,
        "othercomprehensiveincomelossnetoftax": 91200000,
        "comprehensiveincomenetoftaxincludingportionattributabletononcontrollinginterest": 516000000,
        "comprehensiveincomenetoftax": 515200000
    },
    {
        "date": "2020-09-29",
        "symbol": "CME",
        "period": "Q3",
        "revenuefromcontractwithcustomerexcludingassessedtax": 835400000,
        "revenues": 1080700000,
        "laborandrelatedexpense": 216400000,
        "informationtechnologyanddataprocessing": 48100000,
        "professionalfees": 48400000,
        "amortizationofintangibleassets": 78300000,
        "depreciation": 39700000,
        "licensingfees": 57700000,
        "othercostandexpenseoperating": 67100000,
        "costsandexpenses": 555700000,
        "operatingincomeloss": 525000000,
        "investmentincomenonoperating": 23600000,
        "interestanddebtexpense": 41700000,
        "incomelossfromequitymethodinvestments": 44000000,
        "othernonoperatingincomeexpense": -14400000,
        "nonoperatingincomeexpense": 11500000,
        "incomelossfromcontinuingoperationsbeforeincometaxesextraordinaryitemsnoncontrollinginterest": 536500000,
        "incometaxexpensebenefit": 125000000,
        "profitloss": 411500000,
        "netincomelossattributabletononcontrollinginterest": -200000,
        "netincomeloss": 411700000,
        "earningspersharebasic": 1.1500000000000004,
        "earningspersharediluted": 1.1500000000000004,
        "weightedaveragenumberofsharesoutstandingbasic": 62000,
        "weightedaveragenumberofdilutedsharesoutstanding": 39000,
        "othercomprehensiveincomeunrealizedholdinggainlossonsecuritiesarisingduringperiodbeforetax": 0,
        "othercomprehensiveincomeunrealizedholdinggainlossonsecuritiesarisingduringperiodtax": 0,
        "othercomprehensiveincomeunrealizedholdinggainlossonsecuritiesarisingduringperiodnetoftax": 0,
        "othercomprehensiveincomelossreclassificationadjustmentfromaocipensionandotherpostretirementbenefitplansfornetgainlossbeforetax": 1200000,
        "othercomprehensiveincomelosspensionandotherpostretirementbenefitplanstax": 300000,
        "othercomprehensiveincomelosspensionandotherpostretirementbenefitplansadjustmentnetoftax": 900000,
        "othercomprehensiveincomelossreclassificationadjustmentfromaocionderivativesbeforetax": 300000,
        "othercomprehensiveincomelossderivativesqualifyingashedgesnetoftax": -100000,
        "othercomprehensiveincomelossforeigncurrencytransactionandtranslationadjustmentbeforetax": 56000000,
        "othercomprehensiveincomelossforeigncurrencytransactionandtranslationadjustmentnetoftax": 56000000,
        "othercomprehensiveincomelossnetoftax": 56800000,
        "comprehensiveincomenetoftaxincludingportionattributabletononcontrollinginterest": 468300000,
        "comprehensiveincomenetoftax": 468500000
    },
    {
        "date": "2020-06-29",
        "symbol": "CME",
        "period": "Q2",
        "revenuefromcontractwithcustomerexcludingassessedtax": 2215600000,
        "revenues": 1182300000,
        "laborandrelatedexpense": 217000000,
        "informationtechnologyanddataprocessing": 49100000,
        "professionalfees": 51200000,
        "amortizationofintangibleassets": 76600000,
        "depreciation": 36700000,
        "licensingfees": 55400000,
        "othercostandexpenseoperating": 58800000,
        "costsandexpenses": 544800000,
        "operatingincomeloss": 637500000,
        "investmentincomenonoperating": 32100000,
        "interestanddebtexpense": 41900000,
        "incomelossfromequitymethodinvestments": 48800000,
        "othernonoperatingincomeexpense": -15200000,
        "nonoperatingincomeexpense": 23800000,
        "incomelossfromcontinuingoperationsbeforeincometaxesextraordinaryitemsnoncontrollinginterest": 661300000,
        "incometaxexpensebenefit": 158000000,
        "profitloss": 503300000,
        "netincomelossattributabletononcontrollinginterest": 1200000,
        "netincomeloss": 503300000,
        "earningspersharebasic": 1.4099999999999997,
        "earningspersharediluted": 1.4,
        "weightedaveragenumberofsharesoutstandingbasic": 83000,
        "weightedaveragenumberofdilutedsharesoutstanding": -2000,
        "othercomprehensiveincomeunrealizedholdinggainlossonsecuritiesarisingduringperiodbeforetax": 1400000,
        "othercomprehensiveincomeunrealizedholdinggainlossonsecuritiesarisingduringperiodtax": 400000,
        "othercomprehensiveincomeunrealizedholdinggainlossonsecuritiesarisingduringperiodnetoftax": 1000000,
        "othercomprehensiveincomelosspensionandotherpostretirementbenefitplansadjustmentbeforetax": 0,
        "othercomprehensiveincomelossreclassificationadjustmentfromaocipensionandotherpostretirementbenefitplansfornetgainlossbeforetax": 1100000,
        "othercomprehensiveincomelosspensionandotherpostretirementbenefitplanstax": 300000,
        "othercomprehensiveincomelosspensionandotherpostretirementbenefitplansadjustmentnetoftax": 800000,
        "othercomprehensiveincomelossreclassificationadjustmentfromaocionderivativesbeforetax": 300000,
        "othercomprehensiveincomelossderivativesqualifyingashedgestax": 0,
        "othercomprehensiveincomelossderivativesqualifyingashedgesnetoftax": -300000,
        "othercomprehensiveincomelossforeigncurrencytransactionandtranslationadjustmentbeforetax": 11600000,
        "othercomprehensiveincomelossforeigncurrencytransactionandtranslationreclassificationadjustmentfromaocirealizeduponsaleorliquidationbeforetax": 0,
        "othercomprehensiveincomelossforeigncurrencytransactionandtranslationadjustmentnetoftax": 11600000,
        "othercomprehensiveincomelossnetoftax": 13100000,
        "comprehensiveincomenetoftaxincludingportionattributabletononcontrollinginterest": 516400000,
        "comprehensiveincomenetoftaxattributabletononcontrollinginterest": 0,
        "comprehensiveincomenetoftax": 516400000
    },
    {
        "date": "2020-03-30",
        "symbol": "CME",
        "period": "Q1",
        "profitloss": 766800000,
        "othercomprehensiveincomeunrealizedholdinggainlossonsecuritiesarisingduringperiodbeforetax": -600000,
        "othercomprehensiveincomeunrealizedholdinggainlossonsecuritiesarisingduringperiodtax": -200000,
        "othercomprehensiveincomeunrealizedholdinggainlossonsecuritiesarisingduringperiodnetoftax": -400000,
        "othercomprehensiveincomelosspensionandotherpostretirementbenefitplansadjustmentbeforetax": -2000000,
        "othercomprehensiveincomelossreclassificationadjustmentfromaocipensionandotherpostretirementbenefitplansfornetgainlossbeforetax": 1200000,
        "othercomprehensiveincomelosspensionandotherpostretirementbenefitplanstax": -200000,
        "othercomprehensiveincomelosspensionandotherpostretirementbenefitplansadjustmentnetoftax": -600000,
        "othercomprehensiveincomelossreclassificationadjustmentfromaocionderivativesbeforetax": 1800000,
        "othercomprehensiveincomelossderivativesqualifyingashedgestax": -400000,
        "othercomprehensiveincomelossderivativesqualifyingashedgesnetoftax": -1400000,
        "othercomprehensiveincomelossforeigncurrencytransactionandtranslationadjustmentbeforetax": -27800000,
        "othercomprehensiveincomelossforeigncurrencytransactionandtranslationreclassificationadjustmentfromaocirealizeduponsaleorliquidationbeforetax": 600000,
        "othercomprehensiveincomelossforeigncurrencytransactionandtranslationadjustmentnetoftax": -27200000,
        "othercomprehensiveincomelossnetoftax": -29600000,
        "comprehensiveincomenetoftaxincludingportionattributabletononcontrollinginterest": 737200000,
        "comprehensiveincomenetoftaxattributabletononcontrollinginterest": 600000,
        "comprehensiveincomenetoftax": 736600000,
        "revenuefromcontractwithcustomerexcludingassessedtax": 3400000,
        "revenues": 1522100000,
        "laborandrelatedexpense": 207500000,
        "informationtechnologyanddataprocessing": 47700000,
        "professionalfees": 41700000,
        "amortizationofintangibleassets": 77300000,
        "depreciation": 35300000,
        "licensingfees": 73900000,
        "othercostandexpenseoperating": 78800000,
        "costsandexpenses": 562200000,
        "operatingincomeloss": 959900000,
        "investmentincomenonoperating": 95900000,
        "interestanddebtexpense": 40900000,
        "incomelossfromequitymethodinvestments": 51200000,
        "othernonoperatingincomeexpense": -76800000,
        "nonoperatingincomeexpense": 29400000,
        "incomelossfromcontinuingoperationsbeforeincometaxesextraordinaryitemsnoncontrollinginterest": 989300000,
        "incometaxexpensebenefit": 222500000,
        "netincomelossattributabletononcontrollinginterest": -600000,
        "netincomeloss": 766200000,
        "earningspersharebasic": 2.14,
        "earningspersharediluted": 2.14,
        "weightedaveragenumberofsharesoutstandingbasic": 357524000,
        "weightedaveragenumberofdilutedsharesoutstanding": 358455000
    },
    {
        "date": "2019-12-30",
        "symbol": "CME",
        "period": "Q4",
        "profitloss": 469000000,
        "othercomprehensiveincomeunrealizedholdinggainlossonsecuritiesarisingduringperiodbeforetax": -500000,
        "othercomprehensiveincomeunrealizedholdinggainlossonsecuritiesarisingduringperiodnetoftax": -200000,
        "othercomprehensiveincomelossreclassificationadjustmentfromaocipensionandotherpostretirementbenefitplansfornetgainlossbeforetax": 1200000,
        "othercomprehensiveincomelosspensionandotherpostretirementbenefitplanstax": 100000,
        "othercomprehensiveincomelosspensionandotherpostretirementbenefitplansadjustmentnetoftax": -2000000,
        "othercomprehensiveincomeunrealizedgainlossonderivativesarisingduringperiodbeforetax": 300000,
        "othercomprehensiveincomelossreclassificationadjustmentfromaocionderivativesbeforetax": -2100000,
        "othercomprehensiveincomelossforeigncurrencytransactionandtranslationadjustmentbeforetax": 37900000,
        "othercomprehensiveincomelossnetoftax": 35600000,
        "comprehensiveincomenetoftaxincludingportionattributabletononcontrollinginterest": 504600000,
        "comprehensiveincomenetoftax": 505100000,
        "revenues": 216500000,
        "laborandrelatedexpense": 217600000,
        "informationtechnologyanddataprocessing": 53100000,
        "professionalfees": 49800000,
        "amortizationofintangibleassets": 78100000,
        "depreciationandamortization": 38000000,
        "licensingfees": 41300000,
        "othercostandexpenseoperating": 87500000,
        "costsandexpenses": 565400000,
        "operatingincomeloss": 573000000,
        "investmentincomenonoperating": 147600000,
        "interestanddebtexpense": 42000000,
        "incomelossfromequitymethodinvestments": 44500000,
        "othernonoperatingincomeexpense": -99000000,
        "nonoperatingincomeexpense": 51100000,
        "incomelossfromcontinuingoperationsbeforeincometaxesextraordinaryitemsnoncontrollinginterest": 624100000,
        "incometaxexpensebenefit": 155100000,
        "netincomeloss": 469500000,
        "earningspersharebasic": 1.3199999999999996,
        "earningspersharediluted": 1.3100000000000003,
        "weightedaveragenumberofsharesoutstandingbasic": 101000,
        "weightedaveragenumberofdilutedsharesoutstanding": 38000
    },
    {
        "date": "2019-09-29",
        "symbol": "CME",
        "period": "Q3",
        "profitloss": 636300000,
        "othercomprehensiveincomeunrealizedholdinggainlossonsecuritiesarisingduringperiodbeforetax": -200000,
        "othercomprehensiveincomeunrealizedholdinggainlossonsecuritiesarisingduringperiodtax": 0,
        "othercomprehensiveincomeunrealizedholdinggainlossonsecuritiesarisingduringperiodnetoftax": -300000,
        "othercomprehensiveincomelossreclassificationadjustmentfromaocipensionandotherpostretirementbenefitplansfornetgainlossbeforetax": 1300000,
        "othercomprehensiveincomelosspensionandotherpostretirementbenefitplanstax": 400000,
        "othercomprehensiveincomelosspensionandotherpostretirementbenefitplansadjustmentnetoftax": 900000,
        "othercomprehensiveincomeunrealizedgainlossonderivativesarisingduringperiodbeforetax": 500000,
        "othercomprehensiveincomelossreclassificationadjustmentfromaocionderivativesbeforetax": 300000,
        "othercomprehensiveincomelossforeigncurrencytransactionandtranslationadjustmentbeforetax": -35500000,
        "othercomprehensiveincomelossforeigncurrencytransactionandtranslationadjustmentnetoftax": -38500000,
        "othercomprehensiveincomelossnetoftax": -37800000,
        "comprehensiveincomenetoftaxincludingportionattributabletononcontrollinginterest": 598500000,
        "comprehensiveincomenetoftaxattributabletononcontrollinginterest": 0,
        "comprehensiveincomenetoftax": 598500000,
        "revenuefromcontractwithcustomerexcludingassessedtax": 1715600000,
        "revenues": 1277300000,
        "laborandrelatedexpense": 223500000,
        "informationtechnologyanddataprocessing": 52700000,
        "professionalfees": 43200000,
        "amortizationofintangibleassets": 79800000,
        "depreciationandamortization": 41400000,
        "licensingfees": 45600000,
        "othercostandexpenseoperating": 105900000,
        "costsandexpenses": 592100000,
        "operatingincomeloss": 685200000,
        "investmentincomenonoperating": 172300000,
        "interestanddebtexpense": 42800000,
        "incomelossfromequitymethodinvestments": 48000000,
        "othernonoperatingincomeexpense": -139500000,
        "nonoperatingincomeexpense": 38000000,
        "incomelossfromcontinuingoperationsbeforeincometaxesextraordinaryitemsnoncontrollinginterest": 723200000,
        "incometaxexpensebenefit": 86900000,
        "netincomelossattributabletononcontrollinginterest": 2000000,
        "netincomeloss": 636300000,
        "earningspersharebasic": 1.7800000000000005,
        "earningspersharediluted": 1.78,
        "weightedaveragenumberofsharesoutstandingbasic": -356892000,
        "weightedaveragenumberofdilutedsharesoutstanding": -358001000
    },
    {
        "date": "2019-06-29",
        "symbol": "CME",
        "period": "Q2",
        "profitloss": 514600000,
        "othercomprehensiveincomeunrealizedholdinggainlossonsecuritiesarisingduringperiodbeforetax": 900000,
        "othercomprehensiveincomelossreclassificationadjustmentfromaociforsaleofsecuritiesbeforetax": -100000,
        "othercomprehensiveincomeunrealizedholdinggainlossonsecuritiesarisingduringperiodtax": 200000,
        "othercomprehensiveincomeunrealizedholdinggainlossonsecuritiesarisingduringperiodnetoftax": 600000,
        "othercomprehensiveincomelossreclassificationadjustmentfromaocipensionandotherpostretirementbenefitplansfornetgainlossbeforetax": 1200000,
        "othercomprehensiveincomelosspensionandotherpostretirementbenefitplanstax": 300000,
        "othercomprehensiveincomelosspensionandotherpostretirementbenefitplansadjustmentnetoftax": 900000,
        "othercomprehensiveincomeunrealizedgainlossonderivativesarisingduringperiodbeforetax": -500000,
        "othercomprehensiveincomelossreclassificationadjustmentfromaocionderivativesbeforetax": 300000,
        "othercomprehensiveincomelossderivativesqualifyingashedgestax": -100000,
        "othercomprehensiveincomelossderivativesqualifyingashedgesnetoftax": -700000,
        "othercomprehensiveincomelossforeigncurrencytransactionandtranslationadjustmentbeforetax": 1000000,
        "othercomprehensiveincomelossforeigncurrencytranslationadjustmenttax": 3000000,
        "othercomprehensiveincomelossforeigncurrencytransactionandtranslationadjustmentnetoftax": 4000000,
        "othercomprehensiveincomelossnetoftax": 4800000,
        "comprehensiveincomenetoftaxincludingportionattributabletononcontrollinginterest": 519400000,
        "comprehensiveincomenetoftaxattributabletononcontrollinginterest": -800000,
        "comprehensiveincomenetoftax": 518600000,
        "revenuefromcontractwithcustomerexcludingassessedtax": 1051800000,
        "revenues": 1272700000,
        "laborandrelatedexpense": 227300000,
        "informationtechnologyanddataprocessing": 48600000,
        "professionalfees": 41700000,
        "amortizationofintangibleassets": 76100000,
        "depreciationandamortization": 46300000,
        "licensingfees": 44800000,
        "othercostandexpenseoperating": 89300000,
        "costsandexpenses": 574100000,
        "operatingincomeloss": 698600000,
        "investmentincomenonoperating": 139300000,
        "interestanddebtexpense": 45100000,
        "incomelossfromequitymethodinvestments": 43800000,
        "othernonoperatingincomeexpense": -134500000,
        "nonoperatingincomeexpense": 3500000,
        "incomelossfromcontinuingoperationsbeforeincometaxesextraordinaryitemsnoncontrollinginterest": 702100000,
        "incometaxexpensebenefit": 187500000,
        "netincomelossattributabletononcontrollinginterest": -800000,
        "netincomeloss": 513800000,
        "earningspersharebasic": 1.44,
        "earningspersharediluted": 1.43,
        "weightedaveragenumberofsharesoutstandingbasic": 357060000,
        "weightedaveragenumberofdilutedsharesoutstanding": 358155000
    },
    {
        "date": "2019-03-30",
        "symbol": "CME",
        "period": "Q1",
        "profitloss": 495900000,
        "othercomprehensiveincomeunrealizedholdinggainlossonsecuritiesarisingduringperiodbeforetax": 800000,
        "othercomprehensiveincomeunrealizedholdinggainlossonsecuritiesarisingduringperiodtax": 200000,
        "othercomprehensiveincomeunrealizedholdinggainlossonsecuritiesarisingduringperiodnetoftax": 600000,
        "othercomprehensiveincomelosspensionandotherpostretirementbenefitplansadjustmentbeforetax": -2700000,
        "othercomprehensiveincomelossreclassificationadjustmentfromaocipensionandotherpostretirementbenefitplansfornetgainlossbeforetax": 1200000,
        "othercomprehensiveincomelosspensionandotherpostretirementbenefitplanstax": -400000,
        "othercomprehensiveincomelosspensionandotherpostretirementbenefitplansadjustmentnetoftax": -1100000,
        "othercomprehensiveincomeunrealizedgainlossonderivativesarisingduringperiodbeforetax": 300000,
        "othercomprehensiveincomelossreclassificationadjustmentfromaocionderivativesbeforetax": 300000,
        "othercomprehensiveincomelossforeigncurrencytransactionandtranslationadjustmentbeforetax": -4000000,
        "othercomprehensiveincomelossforeigncurrencytransactionandtranslationadjustmentnetoftax": -4000000,
        "othercomprehensiveincomelossnetoftax": -4500000,
        "comprehensiveincomenetoftaxincludingportionattributabletononcontrollinginterest": 491400000,
        "comprehensiveincomenetoftaxattributabletononcontrollinginterest": 1000000,
        "comprehensiveincomenetoftax": 492400000,
        "revenuefromcontractwithcustomerexcludingassessedtax": 277700000,
        "revenues": 1179600000,
        "laborandrelatedexpense": 230300000,
        "informationtechnologyanddataprocessing": 47100000,
        "professionalfees": 39400000,
        "amortizationofintangibleassets": 80700000,
        "depreciationandamortization": 32900000,
        "licensingfees": 40500000,
        "othercostandexpenseoperating": 77700000,
        "costsandexpenses": 548600000,
        "operatingincomeloss": 631000000,
        "investmentincomenonoperating": 178700000,
        "interestanddebtexpense": 48100000,
        "incomelossfromequitymethodinvestments": 40500000,
        "othernonoperatingincomeexpense": -161900000,
        "nonoperatingincomeexpense": 9200000,
        "incomelossfromcontinuingoperationsbeforeincometaxesextraordinaryitemsnoncontrollinginterest": 640200000,
        "incometaxexpensebenefit": 144300000,
        "netincomelossattributabletononcontrollinginterest": -1000000,
        "netincomeloss": 496900000,
        "earningspersharebasic": 1.39,
        "earningspersharediluted": 1.39,
        "weightedaveragenumberofsharesoutstandingbasic": 356886000,
        "weightedaveragenumberofdilutedsharesoutstanding": 358047000
    },
    {
        "date": "2018-09-29",
        "symbol": "CME",
        "period": "Q3",
        "profitloss": 411800000,
        "othercomprehensiveincomelossreclassificationadjustmentfromaocipensionandotherpostretirementbenefitplansfornetgainlossbeforetax": 700000,
        "othercomprehensiveincomelosspensionandotherpostretirementbenefitplanstax": 100000,
        "othercomprehensiveincomelosspensionandotherpostretirementbenefitplansadjustmentnetoftax": 600000,
        "othercomprehensiveincomelossreclassificationadjustmentfromaocionderivativesbeforetax": 300000,
        "othercomprehensiveincomelossderivativesqualifyingashedgestax": 0,
        "othercomprehensiveincomelossderivativesqualifyingashedgesnetoftax": -300000,
        "othercomprehensiveincomelossforeigncurrencytransactionandtranslationadjustmentbeforetax": -200000,
        "othercomprehensiveincomelossforeigncurrencytransactionandtranslationadjustmentnetoftax": -200000,
        "othercomprehensiveincomelossnetoftax": 100000,
        "comprehensiveincomenetoftax": 411900000,
        "revenues": 2757300000,
        "laborandrelatedexpense": 144900000,
        "communication": 6500000,
        "informationtechnologyanddataprocessing": 18200000,
        "professionalfees": 31300000,
        "amortizationofintangibleassets": 23700000,
        "depreciationandamortization": 30200000,
        "occupancynet": 21000000,
        "othercostandexpenseoperating": 45100000,
        "costsandexpenses": 354300000,
        "operatingincomeloss": 549900000,
        "investmentincomenonoperating": 161500000,
        "interestanddebtexpense": 45000000,
        "incomelossfromequitymethodinvestments": 37100000,
        "othernonoperatingincomeexpense": -141700000,
        "nonoperatingincomeexpense": 11900000,
        "incomelossfromcontinuingoperationsbeforeincometaxesextraordinaryitemsnoncontrollinginterest": 561800000,
        "incometaxexpensebenefit": 150000000,
        "earningspersharebasic": 1.2099999999999997,
        "earningspersharediluted": 1.2,
        "weightedaveragenumberofsharesoutstandingbasic": 67000,
        "weightedaveragenumberofdilutedsharesoutstanding": 69000
    },
    {
        "date": "2018-06-29",
        "symbol": "CME",
        "period": "Q2",
        "profitloss": 566100000,
        "othercomprehensiveincomeunrealizedholdinggainlossonsecuritiesarisingduringperiodbeforetax": 0,
        "othercomprehensiveincomeunrealizedholdinggainlossonsecuritiesarisingduringperiodtax": 0,
        "othercomprehensiveincomeunrealizedholdinggainlossonsecuritiesarisingduringperiodnetoftax": 0,
        "othercomprehensiveincomelosspensionandotherpostretirementbenefitplansadjustmentbeforetax": 0,
        "othercomprehensiveincomelossreclassificationadjustmentfromaocipensionandotherpostretirementbenefitplansfornetgainlossbeforetax": 600000,
        "othercomprehensiveincomelosspensionandotherpostretirementbenefitplanstax": 200000,
        "othercomprehensiveincomelosspensionandotherpostretirementbenefitplansadjustmentnetoftax": 400000,
        "othercomprehensiveincomelossreclassificationadjustmentfromaocionderivativesbeforetax": 300000,
        "othercomprehensiveincomelossderivativesqualifyingashedgestax": -100000,
        "othercomprehensiveincomelossderivativesqualifyingashedgesnetoftax": -200000,
        "othercomprehensiveincomelossforeigncurrencytransactionandtranslationadjustmentbeforetax": -1500000,
        "othercomprehensiveincomelossforeigncurrencytransactionandtranslationadjustmentnetoftax": -1500000,
        "othercomprehensiveincomelossnetoftax": -1300000,
        "comprehensiveincomenetoftax": 564800000,
        "clearingfeesrevenue": 16800000,
        "marketdatarevenue": 113800000,
        "accessandcommunicationfees": 26200000,
        "othersalesrevenuenet": 13500000,
        "revenues": 166700000,
        "laborandrelatedexpense": 150800000,
        "communication": 5900000,
        "informationtechnologyanddataprocessing": 19300000,
        "professionalfees": 31900000,
        "amortizationofintangibleassets": 23600000,
        "depreciationandamortization": 27500000,
        "occupancynet": 20200000,
        "licensecosts": 39900000,
        "othercostandexpenseoperating": 73600000,
        "costsandexpenses": 392700000,
        "operatingincomeloss": 666900000,
        "investmentincomenonoperating": 241900000,
        "interestanddebtexpense": 33100000,
        "incomelossfromequitymethodinvestments": 36400000,
        "othernonoperatingincomeexpense": -155300000,
        "nonoperatingincomeexpense": 89900000,
        "incomelossfromcontinuingoperationsbeforeincometaxesextraordinaryitemsnoncontrollinginterest": 756800000,
        "incometaxexpensebenefit": 190700000,
        "earningspersharebasic": 1.6700000000000002,
        "earningspersharediluted": 1.66,
        "weightedaveragenumberofsharesoutstandingbasic": 81000,
        "weightedaveragenumberofdilutedsharesoutstanding": 91000
    },
    {
        "date": "2018-03-30",
        "symbol": "CME",
        "period": "Q1",
        "profitloss": 598800000,
        "othercomprehensiveincomeunrealizedholdinggainlossonsecuritiesarisingduringperiodbeforetax": -900000,
        "othercomprehensiveincomeunrealizedholdinggainlossonsecuritiesarisingduringperiodtax": -200000,
        "othercomprehensiveincomeunrealizedholdinggainlossonsecuritiesarisingduringperiodnetoftax": -700000,
        "othercomprehensiveincomelosspensionandotherpostretirementbenefitplansadjustmentbeforetax": 1700000,
        "othercomprehensiveincomelossreclassificationadjustmentfromaocipensionandotherpostretirementbenefitplansfornetgainlossbeforetax": 700000,
        "othercomprehensiveincomelosspensionandotherpostretirementbenefitplanstax": 600000,
        "othercomprehensiveincomelosspensionandotherpostretirementbenefitplansadjustmentnetoftax": 1800000,
        "othercomprehensiveincomelossreclassificationadjustmentfromaocionderivativesbeforetax": 300000,
        "othercomprehensiveincomelossderivativesqualifyingashedgestax": -100000,
        "othercomprehensiveincomelossderivativesqualifyingashedgesnetoftax": -200000,
        "othercomprehensiveincomelossforeigncurrencytransactionandtranslationadjustmentbeforetax": 900000,
        "othercomprehensiveincomelossforeigncurrencytransactionandtranslationadjustmentnetoftax": 900000,
        "othercomprehensiveincomelossnetoftax": 1800000,
        "comprehensiveincomenetoftax": 600600000,
        "clearingfeesrevenue": 17100000,
        "marketdatarevenue": 94900000,
        "accessandcommunicationfees": 26000000,
        "othersalesrevenuenet": 14500000,
        "revenues": 148800000,
        "laborandrelatedexpense": 152700000,
        "communication": 5900000,
        "informationtechnologyanddataprocessing": 19600000,
        "professionalfees": 42600000,
        "amortizationofintangibleassets": 23700000,
        "depreciationandamortization": 28100000,
        "occupancynet": 20000000,
        "licensecosts": 49500000,
        "othercostandexpenseoperating": 26000000,
        "costsandexpenses": 368100000,
        "operatingincomeloss": 740900000,
        "investmentincomenonoperating": 156400000,
        "interestanddebtexpense": 30100000,
        "incomelossfromequitymethodinvestments": 40100000,
        "othernonoperatingincomeexpense": -118600000,
        "nonoperatingincomeexpense": 47800000,
        "incomelossfromcontinuingoperationsbeforeincometaxesextraordinaryitemsnoncontrollinginterest": 788700000,
        "incometaxexpensebenefit": 189900000,
        "earningspersharebasic": 1.76,
        "earningspersharediluted": 1.76,
        "weightedaveragenumberofsharesoutstandingbasic": 339305000,
        "weightedaveragenumberofdilutedsharesoutstanding": 340747000
    },
    {
        "date": "2017-09-29",
        "symbol": "CME",
        "period": "Q3",
        "profitloss": 308600000,
        "othercomprehensiveincomeunrealizedholdinggainlossonsecuritiesarisingduringperiodbeforetax": -1000000,
        "othercomprehensiveincomelossreclassificationadjustmentfromaociforsaleofsecuritiesbeforetax": -2000000,
        "othercomprehensiveincomeunrealizedholdinggainlossonsecuritiesarisingduringperiodtax": -1600000,
        "othercomprehensiveincomeunrealizedholdinggainlossonsecuritiesarisingduringperiodnetoftax": -1400000,
        "othercomprehensiveincomelossreclassificationadjustmentfromaocipensionandotherpostretirementbenefitplansfornetgainlossbeforetax": 700000,
        "othercomprehensiveincomelosspensionandotherpostretirementbenefitplanstax": 1200000,
        "othercomprehensiveincomelosspensionandotherpostretirementbenefitplansadjustmentnetoftax": -400000,
        "othercomprehensiveincomelossreclassificationadjustmentfromaocionderivativesbeforetax": 300000,
        "othercomprehensiveincomelossderivativesqualifyingashedgestax": -100000,
        "othercomprehensiveincomelossderivativesqualifyingashedgesnetoftax": -200000,
        "othercomprehensiveincomelossforeigncurrencytransactionandtranslationadjustmentbeforetax": 800000,
        "othercomprehensiveincomelossforeigncurrencytransactionandtranslationadjustmentnetoftax": 800000,
        "othercomprehensiveincomelossnetoftax": -1200000,
        "comprehensiveincomenetoftaxincludingportionattributabletononcontrollinginterest": 307400000,
        "clearingfeesrevenue": 756200000,
        "marketdatarevenue": 96900000,
        "accessandcommunicationfees": 25700000,
        "othersalesrevenuenet": 12000000,
        "revenues": 890800000,
        "laborandrelatedexpense": 141400000,
        "communication": 6100000,
        "informationtechnologyanddataprocessing": 19300000,
        "professionalfees": 25800000,
        "amortizationofintangibleassets": 23800000,
        "depreciationandamortization": 26900000,
        "occupancynet": 19800000,
        "licensecosts": 41500000,
        "othercostandexpenseoperating": 18300000,
        "costsandexpenses": 322900000,
        "operatingincomeloss": 567900000,
        "investmentincomenonoperating": 139900000,
        "interestanddebtexpense": 29100000,
        "incomelossfromequitymethodinvestments": 33900000,
        "othernonoperatingincomeexpense": -105300000,
        "nonoperatingincomeexpense": 39400000,
        "incomelossfromcontinuingoperationsbeforeincometaxesextraordinaryitemsnoncontrollinginterest": 607300000,
        "incometaxexpensebenefit": 298700000,
        "earningspersharebasic": 0.9099999999999999,
        "earningspersharediluted": 0.9099999999999999,
        "weightedaveragenumberofsharesoutstandingbasic": 109000,
        "weightedaveragenumberofdilutedsharesoutstanding": 140000
    },
    {
        "date": "2017-06-29",
        "symbol": "CME",
        "period": "Q2",
        "profitloss": 415800000,
        "othercomprehensiveincomeunrealizedholdinggainlossonsecuritiesarisingduringperiodbeforetax": 1700000,
        "othercomprehensiveincomelossreclassificationadjustmentfromaociforsaleofsecuritiesbeforetax": -174200000,
        "othercomprehensiveincomeunrealizedholdinggainlossonsecuritiesarisingduringperiodtax": 500000,
        "othercomprehensiveincomeunrealizedholdinggainlossonsecuritiesarisingduringperiodnetoftax": 1200000,
        "othercomprehensiveincomelosspensionandotherpostretirementbenefitplansadjustmentbeforetax": 0,
        "othercomprehensiveincomelossreclassificationadjustmentfromaocipensionandotherpostretirementbenefitplansfornetgainlossbeforetax": 700000,
        "othercomprehensiveincomelosspensionandotherpostretirementbenefitplanstax": 300000,
        "othercomprehensiveincomelosspensionandotherpostretirementbenefitplansadjustmentnetoftax": 400000,
        "othercomprehensiveincomelossreclassificationadjustmentfromaocionderivativesbeforetax": 300000,
        "othercomprehensiveincomelossderivativesqualifyingashedgestax": -100000,
        "othercomprehensiveincomelossderivativesqualifyingashedgesnetoftax": -200000,
        "othercomprehensiveincomelossforeigncurrencytransactionandtranslationadjustmentbeforetax": 1100000,
        "othercomprehensiveincomelossforeigncurrencytranslationadjustmenttax": 0,
        "othercomprehensiveincomelossforeigncurrencytransactionandtranslationadjustmentnetoftax": 1100000,
        "othercomprehensiveincomelossnetoftax": 2500000,
        "comprehensiveincomenetoftaxincludingportionattributabletononcontrollinginterest": 418300000,
        "clearingfeesrevenue": 792000000,
        "marketdatarevenue": 96100000,
        "accessandcommunicationfees": 24900000,
        "othersalesrevenuenet": 11600000,
        "revenues": 924600000,
        "laborandrelatedexpense": 139300000,
        "communication": 6000000,
        "informationtechnologyanddataprocessing": 18200000,
        "professionalfees": 28600000,
        "amortizationofintangibleassets": 24000000,
        "depreciationandamortization": 28800000,
        "occupancynet": 19200000,
        "licensecosts": 32900000,
        "othercostandexpenseoperating": 22000000,
        "costsandexpenses": 319000000,
        "operatingincomeloss": 605600000,
        "investmentincomenonoperating": 112400000,
        "interestanddebtexpense": 29000000,
        "incomelossfromequitymethodinvestments": 31800000,
        "othernonoperatingincomeexpense": -83500000,
        "nonoperatingincomeexpense": 31700000,
        "incomelossfromcontinuingoperationsbeforeincometaxesextraordinaryitemsnoncontrollinginterest": 637300000,
        "incometaxexpensebenefit": 221500000,
        "earningspersharebasic": 1.2300000000000002,
        "earningspersharediluted": 1.22,
        "weightedaveragenumberofsharesoutstandingbasic": 109000,
        "weightedaveragenumberofdilutedsharesoutstanding": 28000
    },
    {
        "date": "2017-03-30",
        "symbol": "CME",
        "period": "Q1",
        "profitloss": 399800000,
        "othercomprehensiveincomeunrealizedholdinggainlossonsecuritiesarisingduringperiodbeforetax": 29400000,
        "othercomprehensiveincomelossreclassificationadjustmentfromaociforsaleofsecuritiesbeforetax": 87100000,
        "othercomprehensiveincomeunrealizedholdinggainlossonsecuritiesarisingduringperiodtax": -76600000,
        "othercomprehensiveincomeunrealizedholdinggainlossonsecuritiesarisingduringperiodnetoftax": 18900000,
        "othercomprehensiveincomelosspensionandotherpostretirementbenefitplansadjustmentbeforetax": 400000,
        "othercomprehensiveincomelossreclassificationadjustmentfromaocipensionandotherpostretirementbenefitplansfornetgainlossbeforetax": 700000,
        "othercomprehensiveincomelosspensionandotherpostretirementbenefitplanstax": 400000,
        "othercomprehensiveincomelosspensionandotherpostretirementbenefitplansadjustmentnetoftax": 700000,
        "othercomprehensiveincomelossreclassificationadjustmentfromaocionderivativesbeforetax": 300000,
        "othercomprehensiveincomelossderivativesqualifyingashedgestax": -100000,
        "othercomprehensiveincomelossderivativesqualifyingashedgesnetoftax": -200000,
        "othercomprehensiveincomelossforeigncurrencytransactionandtranslationadjustmentbeforetax": 8400000,
        "othercomprehensiveincomelossforeigncurrencytranslationadjustmenttax": 2900000,
        "othercomprehensiveincomelossforeigncurrencytransactionandtranslationadjustmentnetoftax": 5500000,
        "othercomprehensiveincomelossnetoftax": 24900000,
        "comprehensiveincomenetoftaxincludingportionattributabletononcontrollinginterest": 424700000,
        "clearingfeesrevenue": 792000000,
        "marketdatarevenue": 96800000,
        "accessandcommunicationfees": 24300000,
        "othersalesrevenuenet": 16200000,
        "revenues": 929300000,
        "laborandrelatedexpense": 142300000,
        "communication": 6300000,
        "informationtechnologyanddataprocessing": 18700000,
        "professionalfees": 28600000,
        "amortizationofintangibleassets": 24000000,
        "depreciationandamortization": 29400000,
        "occupancynet": 20100000,
        "licensecosts": 33800000,
        "othercostandexpenseoperating": 24900000,
        "costsandexpenses": 328100000,
        "operatingincomeloss": 601200000,
        "investmentincomenonoperating": 138900000,
        "interestanddebtexpense": 29800000,
        "incomelossfromequitymethodinvestments": 30800000,
        "othernonoperatingincomeexpense": -34100000,
        "nonoperatingincomeexpense": 105800000,
        "incomelossfromcontinuingoperationsbeforeincometaxesextraordinaryitemsnoncontrollinginterest": 707000000,
        "incometaxexpensebenefit": 307200000,
        "earningspersharebasic": 1.18,
        "earningspersharediluted": 1.18,
        "weightedaveragenumberofsharesoutstandingbasic": 338339000,
        "weightedaveragenumberofdilutedsharesoutstanding": 339946000
    },
    {
        "date": "2016-09-29",
        "symbol": "CME",
        "period": "Q3",
        "profitloss": 472800000,
        "othercomprehensiveincomeunrealizedholdinggainlossonsecuritiesarisingduringperiodbeforetax": -17700000,
        "othercomprehensiveincomeunrealizedholdinggainlossonsecuritiesarisingduringperiodtax": 65300000,
        "othercomprehensiveincomeunrealizedholdinggainlossonsecuritiesarisingduringperiodnetoftax": -89300000,
        "othercomprehensiveincomelossreclassificationadjustmentfromaocipensionandotherpostretirementbenefitplansfornetgainlossbeforetax": 800000,
        "othercomprehensiveincomelosspensionandotherpostretirementbenefitplanstax": 300000,
        "othercomprehensiveincomelosspensionandotherpostretirementbenefitplansadjustmentnetoftax": 500000,
        "othercomprehensiveincomelossreclassificationadjustmentfromaocionderivativesbeforetax": 300000,
        "othercomprehensiveincomelossderivativesqualifyingashedgestax": -100000,
        "othercomprehensiveincomelossderivativesqualifyingashedgesnetoftax": -200000,
        "othercomprehensiveincomelossforeigncurrencytransactionandtranslationadjustmentbeforetax": -600000,
        "othercomprehensiveincomelossforeigncurrencytranslationadjustmenttax": 800000,
        "othercomprehensiveincomelossforeigncurrencytransactionandtranslationadjustmentnetoftax": -1400000,
        "othercomprehensiveincomelossnetoftax": 106900000,
        "comprehensiveincomenetoftaxincludingportionattributabletononcontrollinginterest": 382400000,
        "clearingfeesrevenue": 704200000,
        "marketdatarevenue": 101100000,
        "accessandcommunicationfees": 23800000,
        "othersalesrevenuenet": 12600000,
        "revenues": 841700000,
        "laborandrelatedexpense": 130600000,
        "communication": 6900000,
        "informationtechnologyanddataprocessing": 17300000,
        "professionalfees": 33500000,
        "amortizationofintangibleassets": 24000000,
        "depreciationandamortization": 31200000,
        "occupancynet": 19600000,
        "licensecosts": 31500000,
        "othercostandexpenseoperating": 21800000,
        "costsandexpenses": 316400000,
        "operatingincomeloss": 525300000,
        "investmentincomenonoperating": 36500000,
        "interestanddebtexpense": 31100000,
        "incomelossfromequitymethodinvestments": 28600000,
        "othernonoperatingincomeexpense": -10500000,
        "nonoperatingincomeexpense": 23500000,
        "incomelossfromcontinuingoperationsbeforeincometaxesextraordinaryitemsnoncontrollinginterest": 548800000,
        "incometaxexpensebenefit": 76000000,
        "earningspersharebasic": 1.4000000000000001,
        "earningspersharediluted": 1.4000000000000001,
        "weightedaveragenumberofsharesoutstandingbasic": 147000,
        "weightedaveragenumberofdilutedsharesoutstanding": 235000
    },
    {
        "date": "2016-06-29",
        "symbol": "CME",
        "period": "Q2",
        "profitloss": 320100000,
        "othercomprehensiveincomeunrealizedholdinggainlossonsecuritiesarisingduringperiodbeforetax": 85800000,
        "othercomprehensiveincomeunrealizedholdinggainlossonsecuritiesarisingduringperiodtax": 1400000,
        "othercomprehensiveincomeunrealizedholdinggainlossonsecuritiesarisingduringperiodnetoftax": 86000000,
        "othercomprehensiveincomelosspensionandotherpostretirementbenefitplansadjustmentbeforetax": 0,
        "othercomprehensiveincomelossreclassificationadjustmentfromaocipensionandotherpostretirementbenefitplansfornetgainlossbeforetax": 800000,
        "othercomprehensiveincomelosspensionandotherpostretirementbenefitplanstax": 3300000,
        "othercomprehensiveincomelosspensionandotherpostretirementbenefitplansadjustmentnetoftax": 500000,
        "othercomprehensiveincomelossreclassificationadjustmentfromaocionderivativesbeforetax": 900000,
        "othercomprehensiveincomelossderivativesqualifyingashedgestax": -100000,
        "othercomprehensiveincomelossderivativesqualifyingashedgesnetoftax": -200000,
        "othercomprehensiveincomelossforeigncurrencytransactionandtranslationadjustmentbeforetax": -1700000,
        "othercomprehensiveincomelossforeigncurrencytranslationadjustmenttax": -3000000,
        "othercomprehensiveincomelossforeigncurrencytransactionandtranslationadjustmentnetoftax": -1100000,
        "othercomprehensiveincomelossnetoftax": -1100000,
        "comprehensiveincomenetoftaxincludingportionattributabletononcontrollinginterest": 405300000,
        "clearingfeesrevenue": 767600000,
        "marketdatarevenue": 102900000,
        "accessandcommunicationfees": 22300000,
        "othersalesrevenuenet": 13600000,
        "revenues": 906400000,
        "laborandrelatedexpense": 131700000,
        "communication": 6300000,
        "informationtechnologyanddataprocessing": 17700000,
        "professionalfees": 39000000,
        "amortizationofintangibleassets": 24000000,
        "depreciationandamortization": 30400000,
        "occupancynet": 24400000,
        "licensecosts": 32800000,
        "othercostandexpenseoperating": 36800000,
        "costsandexpenses": 343100000,
        "operatingincomeloss": 563300000,
        "investmentincomenonoperating": 17200000,
        "interestanddebtexpense": 31000000,
        "incomelossfromequitymethodinvestments": 27000000,
        "othernonoperatingincomeexpense": -10400000,
        "nonoperatingincomeexpense": 2800000,
        "incomelossfromcontinuingoperationsbeforeincometaxesextraordinaryitemsnoncontrollinginterest": 566100000,
        "incometaxexpensebenefit": 246000000,
        "earningspersharebasic": 0.95,
        "earningspersharediluted": 0.9399999999999997,
        "weightedaveragenumberofsharesoutstandingbasic": 138000,
        "weightedaveragenumberofdilutedsharesoutstanding": 50000
    },
    {
        "date": "2016-03-30",
        "symbol": "CME",
        "period": "Q1",
        "profitloss": 367800000,
        "othercomprehensiveincomeunrealizedholdinggainlossonsecuritiesarisingduringperiodbeforetax": 109600000,
        "othercomprehensiveincomeunrealizedholdinggainlossonsecuritiesarisingduringperiodtax": -800000,
        "othercomprehensiveincomeunrealizedholdinggainlossonsecuritiesarisingduringperiodnetoftax": 108800000,
        "othercomprehensiveincomelosspensionandotherpostretirementbenefitplansadjustmentbeforetax": 3100000,
        "othercomprehensiveincomelossreclassificationadjustmentfromaocipensionandotherpostretirementbenefitplansfornetgainlossbeforetax": 800000,
        "othercomprehensiveincomelosspensionandotherpostretirementbenefitplanstax": -1500000,
        "othercomprehensiveincomelosspensionandotherpostretirementbenefitplansadjustmentnetoftax": 2400000,
        "othercomprehensiveincomelossreclassificationadjustmentfromaocionderivativesbeforetax": -300000,
        "othercomprehensiveincomelossderivativesqualifyingashedgestax": -100000,
        "othercomprehensiveincomelossderivativesqualifyingashedgesnetoftax": -200000,
        "othercomprehensiveincomelossforeigncurrencytransactionandtranslationadjustmentbeforetax": -3300000,
        "othercomprehensiveincomelossforeigncurrencytranslationadjustmenttax": 1200000,
        "othercomprehensiveincomelossforeigncurrencytransactionandtranslationadjustmentnetoftax": -2100000,
        "othercomprehensiveincomelossnetoftax": -2100000,
        "comprehensiveincomenetoftaxincludingportionattributabletononcontrollinginterest": 476700000,
        "clearingfeesrevenue": 796100000,
        "marketdatarevenue": 102400000,
        "accessandcommunicationfees": 21600000,
        "othersalesrevenuenet": 14100000,
        "revenues": 934200000,
        "laborandrelatedexpense": 131900000,
        "communication": 6700000,
        "informationtechnologyanddataprocessing": 17400000,
        "professionalfees": 31700000,
        "amortizationofintangibleassets": 24000000,
        "depreciationandamortization": 33900000,
        "occupancynet": 21300000,
        "licensecosts": 39000000,
        "othercostandexpenseoperating": 54400000,
        "costsandexpenses": 360300000,
        "operatingincomeloss": 573900000,
        "investmentincomenonoperating": 17600000,
        "interestanddebtexpense": 29800000,
        "incomelossfromequitymethodinvestments": 26800000,
        "othernonoperatingincomeexpense": -10000000,
        "nonoperatingincomeexpense": 4600000,
        "incomelossfromcontinuingoperationsbeforeincometaxesextraordinaryitemsnoncontrollinginterest": 578500000,
        "incometaxexpensebenefit": 210700000,
        "earningspersharebasic": 1.09,
        "earningspersharediluted": 1.09,
        "weightedaveragenumberofsharesoutstandingbasic": 337014000,
        "weightedaveragenumberofdilutedsharesoutstanding": 338549000
    },
    {
        "date": "2015-09-29",
        "symbol": "CME",
        "period": "Q3",
        "profitloss": 359900000,
        "othercomprehensiveincomeunrealizedholdinggainlossonsecuritiesarisingduringperiodbeforetax": -100200000,
        "othercomprehensiveincomeunrealizedholdinggainlossonsecuritiesarisingduringperiodnetoftax": -97600000,
        "othercomprehensiveincomelossreclassificationadjustmentfromaocipensionandotherpostretirementbenefitplansfornetgainlossbeforetax": 600000,
        "othercomprehensiveincomelosspensionandotherpostretirementbenefitplanstax": -200000,
        "othercomprehensiveincomelosspensionandotherpostretirementbenefitplansadjustmentnetoftax": 400000,
        "othercomprehensiveincomelossreclassificationadjustmentfromaocionderivativesbeforetax": -300000,
        "othercomprehensiveincomelossderivativesqualifyingashedgestax": -100000,
        "othercomprehensiveincomelossderivativesqualifyingashedgesnetoftax": -200000,
        "othercomprehensiveincomelossforeigncurrencytransactionandtranslationadjustmentbeforetax": -3400000,
        "othercomprehensiveincomelossforeigncurrencytranslationadjustmenttax": 1100000,
        "othercomprehensiveincomelossforeigncurrencytransactionandtranslationadjustmentnetoftax": -2300000,
        "othercomprehensiveincomelossnetoftax": -99700000,
        "comprehensiveincomenetoftaxincludingportionattributabletononcontrollinginterest": 260200000,
        "comprehensiveincomenetoftax": 260200000,
        "clearingfeesrevenue": 715000000,
        "marketdatarevenue": 99500000,
        "accessandcommunicationfees": 21600000,
        "othersalesrevenuenet": 14200000,
        "revenues": 850300000,
        "laborandrelatedexpense": 136400000,
        "communication": 7100000,
        "informationtechnologyanddataprocessing": 15400000,
        "professionalfees": 33800000,
        "amortizationofintangibleassets": 24900000,
        "depreciationandamortization": 32400000,
        "occupancynet": 23100000,
        "licensecosts": 33100000,
        "othercostandexpenseoperating": 27700000,
        "costsandexpenses": 333900000,
        "operatingincomeloss": 516400000,
        "investmentincomenonoperating": 2500000,
        "interestanddebtexpense": 28300000,
        "incomelossfromequitymethodinvestments": 26600000,
        "othernonoperatingincomeexpense": -800000,
        "nonoperatingincomeexpense": 0,
        "incomelossfromcontinuingoperationsbeforeincometaxesextraordinaryitemsnoncontrollinginterest": 516400000,
        "incometaxexpensebenefit": 156500000,
        "netincomeloss": 359900000,
        "earningspersharebasic": 1.0699999999999998,
        "earningspersharediluted": 1.0699999999999998,
        "weightedaveragenumberofsharesoutstandingbasic": 156000,
        "weightedaveragenumberofdilutedsharesoutstanding": 230000
    },
    {
        "date": "2015-06-29",
        "symbol": "CME",
        "period": "Q2",
        "profitloss": 265000000,
        "othercomprehensiveincomeunrealizedholdinggainlossonsecuritiesarisingduringperiodbeforetax": 36900000,
        "othercomprehensiveincomeunrealizedholdinggainlossonsecuritiesarisingduringperiodnetoftax": 32100000,
        "othercomprehensiveincomelosspensionandotherpostretirementbenefitplansadjustmentbeforetax": 0,
        "othercomprehensiveincomelossreclassificationadjustmentfromaocipensionandotherpostretirementbenefitplansfornetgainlossbeforetax": 700000,
        "othercomprehensiveincomelosspensionandotherpostretirementbenefitplanstax": -200000,
        "othercomprehensiveincomelosspensionandotherpostretirementbenefitplansadjustmentnetoftax": 500000,
        "othercomprehensiveincomeunrealizedgainlossonderivativesarisingduringperiodbeforetax": 0,
        "lossoncashflowhedgeineffectiveness": 0,
        "othercomprehensiveincomelossreclassificationadjustmentfromaocionderivativesbeforetax": -300000,
        "othercomprehensiveincomelossderivativesqualifyingashedgestax": -200000,
        "othercomprehensiveincomelossderivativesqualifyingashedgesnetoftax": -100000,
        "othercomprehensiveincomelossforeigncurrencytransactionandtranslationadjustmentbeforetax": -2600000,
        "othercomprehensiveincomelossforeigncurrencytranslationadjustmenttax": 1000000,
        "othercomprehensiveincomelossforeigncurrencytransactionandtranslationadjustmentnetoftax": -1600000,
        "othercomprehensiveincomelossnetoftax": 30900000,
        "comprehensiveincomenetoftaxincludingportionattributabletononcontrollinginterest": 295900000,
        "comprehensiveincomenetoftax": 295900000,
        "clearingfeesrevenue": 681800000,
        "marketdatarevenue": 102800000,
        "accessandcommunicationfees": 21500000,
        "othersalesrevenuenet": 13900000,
        "revenues": 820000000,
        "laborandrelatedexpense": 141500000,
        "communication": 6600000,
        "informationtechnologyanddataprocessing": 16100000,
        "professionalfees": 27700000,
        "amortizationofintangibleassets": 25000000,
        "depreciationandamortization": 33300000,
        "occupancynet": 23500000,
        "licensecosts": 28800000,
        "othercostandexpenseoperating": 22400000,
        "costsandexpenses": 324900000,
        "operatingincomeloss": 495100000,
        "investmentincomenonoperating": 18500000,
        "gainlossonderivativeinstrumentsnetpretax": 0,
        "interestanddebtexpense": 28600000,
        "incomelossfromequitymethodinvestments": 26000000,
        "othernonoperatingincomeexpense": -62900000,
        "nonoperatingincomeexpense": -47000000,
        "incomelossfromcontinuingoperationsbeforeincometaxesextraordinaryitemsnoncontrollinginterest": 448100000,
        "incometaxexpensebenefit": 183100000,
        "netincomeloss": 265000000,
        "earningspersharebasic": 0.79,
        "earningspersharediluted": 0.78,
        "weightedaveragenumberofsharesoutstandingbasic": 179000,
        "weightedaveragenumberofdilutedsharesoutstanding": 158000
    },
    {
        "date": "2015-03-30",
        "symbol": "CME",
        "period": "Q1",
        "profitloss": 330400000,
        "othercomprehensiveincomeunrealizedholdinggainlossonsecuritiesarisingduringperiodbeforetax": -27700000,
        "othercomprehensiveincomeunrealizedholdinggainlossonsecuritiesarisingduringperiodnetoftax": -27700000,
        "othercomprehensiveincomelosspensionandotherpostretirementbenefitplansadjustmentbeforetax": -300000,
        "othercomprehensiveincomelossreclassificationadjustmentfromaocipensionandotherpostretirementbenefitplansfornetgainlossbeforetax": 700000,
        "othercomprehensiveincomelosspensionandotherpostretirementbenefitplanstax": -200000,
        "othercomprehensiveincomelosspensionandotherpostretirementbenefitplansadjustmentnetoftax": 200000,
        "othercomprehensiveincomeunrealizedgainlossonderivativesarisingduringperiodbeforetax": -4700000,
        "lossoncashflowhedgeineffectiveness": 1800000,
        "othercomprehensiveincomelossreclassificationadjustmentfromaocionderivativesbeforetax": 1500000,
        "othercomprehensiveincomelossderivativesqualifyingashedgestax": -1200000,
        "othercomprehensiveincomelossderivativesqualifyingashedgesnetoftax": -2000000,
        "othercomprehensiveincomelossforeigncurrencytransactionandtranslationadjustmentbeforetax": -4000000,
        "othercomprehensiveincomelossforeigncurrencytranslationadjustmenttax": 1500000,
        "othercomprehensiveincomelossforeigncurrencytransactionandtranslationadjustmentnetoftax": -2500000,
        "othercomprehensiveincomelossnetoftax": -32000000,
        "comprehensiveincomenetoftaxincludingportionattributabletononcontrollinginterest": 298400000,
        "comprehensiveincomenetoftax": 298400000,
        "clearingfeesrevenue": 708200000,
        "marketdatarevenue": 98000000,
        "accessandcommunicationfees": 21300000,
        "othersalesrevenuenet": 15200000,
        "revenues": 842700000,
        "laborandrelatedexpense": 141300000,
        "communication": 7600000,
        "informationtechnologyanddataprocessing": 15600000,
        "professionalfees": 29100000,
        "amortizationofintangibleassets": 24900000,
        "depreciationandamortization": 31800000,
        "occupancynet": 22800000,
        "licensecosts": 30600000,
        "othercostandexpenseoperating": 31700000,
        "costsandexpenses": 335400000,
        "operatingincomeloss": 507300000,
        "investmentincomenonoperating": 5700000,
        "gainlossonderivativeinstrumentsnetpretax": -1800000,
        "interestanddebtexpense": 31600000,
        "incomelossfromequitymethodinvestments": 22500000,
        "othernonoperatingincomeexpense": 21700000,
        "nonoperatingincomeexpense": 16500000,
        "incomelossfromcontinuingoperationsbeforeincometaxesextraordinaryitemsnoncontrollinginterest": 523800000,
        "incometaxexpensebenefit": 193400000,
        "netincomeloss": 330400000,
        "antidilutivesecuritiesexcludedfromcomputationofearningspershareamount": 24000,
        "earningspersharebasic": 0.98,
        "earningspersharediluted": 0.98,
        "weightedaveragenumberofsharesoutstandingbasic": 335680000,
        "weightedaveragenumberofdilutedsharesoutstanding": 337416000
    },
    {
        "date": "2014-09-29",
        "symbol": "CME",
        "period": "Q3",
        "profitloss": 290000000,
        "othercomprehensiveincomeunrealizedholdinggainlossonsecuritiesarisingduringperiodbeforetax": -66600000,
        "othercomprehensiveincomeunrealizedholdinggainlossonsecuritiesarisingduringperiodnetoftax": -71600000,
        "othercomprehensiveincomelossreclassificationadjustmentfromaocipensionandotherpostretirementbenefitplansfornetgainlossbeforetax": 0,
        "othercomprehensiveincomelosspensionandotherpostretirementbenefitplanstax": 0,
        "othercomprehensiveincomelosspensionandotherpostretirementbenefitplansadjustmentnetoftax": -3800000,
        "othercomprehensiveincomelossreclassificationadjustmentfromaocionderivativesbeforetax": 1800000,
        "othercomprehensiveincomelossderivativesqualifyingashedgestax": -100000,
        "othercomprehensiveincomelossderivativesqualifyingashedgesnetoftax": -300000,
        "othercomprehensiveincomelossforeigncurrencytransactionandtranslationadjustmentbeforetax": -6900000,
        "othercomprehensiveincomelossforeigncurrencytranslationadjustmenttax": 2600000,
        "othercomprehensiveincomelossforeigncurrencytransactionandtranslationadjustmentnetoftax": -4300000,
        "othercomprehensiveincomelossnetoftax": 0,
        "comprehensiveincomenetoftaxincludingportionattributabletononcontrollinginterest": 213800000,
        "comprehensiveincomenetoftax": 213800000,
        "clearingfeesrevenue": 641800000,
        "marketdatarevenue": 87700000,
        "accessandcommunicationfees": 20800000,
        "othersalesrevenuenet": 12100000,
        "revenues": 762400000,
        "laborandrelatedexpense": 132100000,
        "communication": 7800000,
        "informationtechnologyanddataprocessing": 13800000,
        "professionalfees": 32200000,
        "amortizationofintangibleassets": 25300000,
        "depreciationandamortization": 32700000,
        "occupancynet": 24700000,
        "licensecosts": 25500000,
        "othercostandexpenseoperating": 37900000,
        "costsandexpenses": 332000000,
        "operatingincomeloss": 430400000,
        "investmentincomenonoperating": 7400000,
        "interestanddebtexpense": 28700000,
        "incomelossfromequitymethodinvestments": 20000000,
        "nonoperatingincomeexpense": -1300000,
        "incomelossfromcontinuingoperationsbeforeincometaxesextraordinaryitemsnoncontrollinginterest": 429100000,
        "incometaxexpensebenefit": 139100000,
        "netincomeloss": 290000000,
        "antidilutivesecuritiesexcludedfromcomputationofearningspershareamount": -780000,
        "earningspersharebasic": 0.8699999999999999,
        "earningspersharediluted": 0.8599999999999999,
        "weightedaveragenumberofsharesoutstandingbasic": 142000,
        "weightedaveragenumberofdilutedsharesoutstanding": 115000
    },
    {
        "date": "2014-06-29",
        "symbol": "CME",
        "period": "Q2",
        "profitloss": 263800000,
        "othercomprehensiveincomeunrealizedholdinggainlossonsecuritiesarisingduringperiodbeforetax": 31000000,
        "othercomprehensiveincomeunrealizedholdinggainlossonsecuritiesarisingduringperiodnetoftax": 29500000,
        "othercomprehensiveincomelosspensionandotherpostretirementbenefitplansadjustmentbeforetax": 0,
        "othercomprehensiveincomelossreclassificationadjustmentfromaocipensionandotherpostretirementbenefitplansfornetgainlossbeforetax": 100000,
        "othercomprehensiveincomelosspensionandotherpostretirementbenefitplanstax": -100000,
        "othercomprehensiveincomelosspensionandotherpostretirementbenefitplansadjustmentnetoftax": 3800000,
        "othercomprehensiveincomelossreclassificationadjustmentfromaocionderivativesbeforetax": -400000,
        "othercomprehensiveincomelossderivativesqualifyingashedgestax": -400000,
        "othercomprehensiveincomelossderivativesqualifyingashedgesnetoftax": -200000,
        "othercomprehensiveincomelossforeigncurrencytransactionandtranslationadjustmentbeforetax": 1800000,
        "othercomprehensiveincomelossforeigncurrencytranslationadjustmenttax": -700000,
        "othercomprehensiveincomelossforeigncurrencytransactionandtranslationadjustmentnetoftax": 1100000,
        "othercomprehensiveincomelossnetoftax": -1700000,
        "comprehensiveincomenetoftaxincludingportionattributabletononcontrollinginterest": 294200000,
        "comprehensiveincomenetoftaxattributabletononcontrollinginterest": 0,
        "comprehensiveincomenetoftax": 294200000,
        "clearingfeesrevenue": 609300000,
        "marketdatarevenue": 89600000,
        "accessandcommunicationfees": 20400000,
        "othersalesrevenuenet": 12300000,
        "revenues": 731600000,
        "laborandrelatedexpense": 139700000,
        "communication": 8300000,
        "informationtechnologyanddataprocessing": 14600000,
        "professionalfees": 37500000,
        "amortizationofintangibleassets": 25200000,
        "depreciationandamortization": 34300000,
        "occupancynet": 23200000,
        "licensecosts": 25700000,
        "othercostandexpenseoperating": 11100000,
        "costsandexpenses": 319600000,
        "operatingincomeloss": 412000000,
        "investmentincomenonoperating": 15100000,
        "interestanddebtexpense": 28300000,
        "incomelossfromequitymethodinvestments": 21500000,
        "nonoperatingincomeexpense": 10100000,
        "incomelossfromcontinuingoperationsbeforeincometaxesextraordinaryitemsnoncontrollinginterest": 422100000,
        "incometaxexpensebenefit": 158300000,
        "netincomelossattributabletononcontrollinginterest": 0,
        "netincomeloss": 263800000,
        "antidilutivesecuritiesexcludedfromcomputationofearningspershareamount": 1476000,
        "earningspersharebasic": 0.79,
        "earningspersharediluted": 0.79,
        "weightedaveragenumberofsharesoutstandingbasic": 97000,
        "weightedaveragenumberofdilutedsharesoutstanding": 61000
    },
    {
        "date": "2014-03-30",
        "symbol": "CME",
        "period": "Q1",
        "profitloss": 266600000,
        "othercomprehensiveincomeunrealizedholdinggainlossonsecuritiesarisingduringperiodbeforetax": 24900000,
        "othercomprehensiveincomeunrealizedholdinggainlossonsecuritiesarisingduringperiodnetoftax": 24900000,
        "othercomprehensiveincomelosspensionandotherpostretirementbenefitplansadjustmentbeforetax": -3200000,
        "othercomprehensiveincomelossreclassificationadjustmentfromaocipensionandotherpostretirementbenefitplansfornetgainlossbeforetax": 100000,
        "othercomprehensiveincomelosspensionandotherpostretirementbenefitplanstax": 1200000,
        "othercomprehensiveincomelosspensionandotherpostretirementbenefitplansadjustmentnetoftax": -1900000,
        "othercomprehensiveincomelossreclassificationadjustmentfromaocionderivativesbeforetax": -300000,
        "othercomprehensiveincomelossderivativesqualifyingashedgestax": 100000,
        "othercomprehensiveincomelossderivativesqualifyingashedgesnetoftax": -200000,
        "othercomprehensiveincomelossforeigncurrencytransactionandtranslationadjustmentbeforetax": 2400000,
        "othercomprehensiveincomelossforeigncurrencytranslationadjustmenttax": -900000,
        "othercomprehensiveincomelossforeigncurrencytransactionandtranslationadjustmentnetoftax": 1500000,
        "othercomprehensiveincomelossnetoftax": -200000,
        "comprehensiveincomenetoftaxincludingportionattributabletononcontrollinginterest": 290900000,
        "comprehensiveincomenetoftaxattributabletononcontrollinginterest": -200000,
        "comprehensiveincomenetoftax": 291100000,
        "clearingfeesrevenue": 652200000,
        "marketdatarevenue": 89400000,
        "accessandcommunicationfees": 20400000,
        "othersalesrevenuenet": 15400000,
        "revenues": 777400000,
        "laborandrelatedexpense": 135500000,
        "communication": 8200000,
        "informationtechnologyanddataprocessing": 13900000,
        "professionalfees": 29600000,
        "amortizationofintangibleassets": 25200000,
        "depreciationandamortization": 34100000,
        "occupancynet": 23200000,
        "licensecosts": 29000000,
        "othercostandexpenseoperating": 24200000,
        "costsandexpenses": 322900000,
        "operatingincomeloss": 454500000,
        "investmentincomenonoperating": 3200000,
        "interestanddebtexpense": 33700000,
        "incomelossfromequitymethodinvestments": 22400000,
        "nonoperatingincomeexpense": -8100000,
        "incomelossfromcontinuingoperationsbeforeincometaxesextraordinaryitemsnoncontrollinginterest": 446400000,
        "incometaxexpensebenefit": 179800000,
        "netincomelossattributabletononcontrollinginterest": -200000,
        "netincomeloss": 266800000,
        "antidilutivesecuritiesexcludedfromcomputationofearningspershareamount": 4000,
        "earningspersharebasic": 0.8,
        "earningspersharediluted": 0.79,
        "weightedaveragenumberofsharesoutstandingbasic": 333905000,
        "weightedaveragenumberofdilutedsharesoutstanding": 335644000
    },
    {
        "date": "2013-09-29",
        "symbol": "CME",
        "period": "Q3",
        "profitloss": 236300000,
        "othercomprehensiveincomeunrealizedholdinggainlossonsecuritiesarisingduringperiodbeforetax": -18000000,
        "othercomprehensiveincomeunrealizedholdinggainlossonsecuritiesarisingduringperiodtax": 28900000,
        "othercomprehensiveincomeunrealizedholdinggainlossonsecuritiesarisingduringperiodnetoftax": -1600000,
        "othercomprehensiveincomelosspensionandotherpostretirementbenefitplansadjustmentbeforetax": 1900000,
        "othercomprehensiveincomereclassificationofdefinedbenefitplansnetgainlossrecognizedinnetperiodicbenefitcostbeforetax": 700000,
        "othercomprehensiveincomelosspensionandotherpostretirementbenefitplanstax": -600000,
        "othercomprehensiveincomelosspensionandotherpostretirementbenefitplansadjustmentnetoftax": 0,
        "othercomprehensiveincomeunrealizedgainlossonderivativesarisingduringperiodbeforetax": 43500000,
        "othercomprehensiveincomelossreclassificationadjustmentonderivativesincludedinnetincomebeforetax": 500000,
        "othercomprehensiveincomelossderivativesqualifyingashedgestax": 17400000,
        "othercomprehensiveincomelossderivativesqualifyingashedgesnetoftax": 26600000,
        "othercomprehensiveincomelossforeigncurrencytransactionandtranslationadjustmentbeforetax": -1500000,
        "othercomprehensiveincomelossforeigncurrencytranslationadjustmenttax": -1700000,
        "othercomprehensiveincomelossforeigncurrencytransactionandtranslationadjustmentnetoftax": -1000000,
        "othercomprehensiveincomelossnetoftax": -600000,
        "comprehensiveincomenetoftaxincludingportionattributabletononcontrollinginterest": 260300000,
        "comprehensiveincomenetoftax": 260700000,
        "clearingfeesrevenue": 597900000,
        "marketdatarevenue": 78600000,
        "accessandcommunicationfees": 20300000,
        "othersalesrevenuenet": 17800000,
        "revenues": 714600000,
        "laborandrelatedexpense": 134000000,
        "communication": 9200000,
        "informationtechnologyanddataprocessing": 13400000,
        "professionalfees": 35600000,
        "amortizationofintangibleassets": 25600000,
        "depreciationandamortization": 35000000,
        "occupancynet": 19200000,
        "licensecosts": 25700000,
        "othercostandexpenseoperating": 16400000,
        "costsandexpenses": 314100000,
        "operatingincomeloss": 400500000,
        "investmentincomenonoperating": 12600000,
        "interestanddebtexpense": 34600000,
        "incomelossfromequitymethodinvestments": 20400000,
        "nonoperatingincomeexpense": -1600000,
        "incomelossfromcontinuingoperationsbeforeincometaxesextraordinaryitemsnoncontrollinginterest": 398900000,
        "incometaxexpensebenefit": 162600000,
        "netincomeattributabletoredeemablenoncontrollinginterestandnoncontrollinginterest": 400000,
        "netincomeloss": 236700000,
        "antidilutivesecuritiesexcludedfromcomputationofearningspershareamount": -54000,
        "earningspersharebasic": 0.71,
        "earningspersharediluted": 0.7100000000000002,
        "weightedaveragenumberofsharesoutstandingbasic": 207000,
        "weightedaveragenumberofdilutedsharesoutstanding": 316000
    },
    {
        "date": "2013-06-29",
        "symbol": "CME",
        "period": "Q2",
        "profitloss": 311300000,
        "othercomprehensiveincomeunrealizedholdinggainlossonsecuritiesarisingduringperiodbeforetax": -118000000,
        "othercomprehensiveincomeunrealizedholdinggainlossonsecuritiesarisingduringperiodtax": -4700000,
        "othercomprehensiveincomeunrealizedholdinggainlossonsecuritiesarisingduringperiodnetoftax": -113300000,
        "othercomprehensiveincomelosspensionandotherpostretirementbenefitplansadjustmentbeforetax": -2100000,
        "othercomprehensiveincomereclassificationofdefinedbenefitplansnetgainlossrecognizedinnetperiodicbenefitcostbeforetax": 2300000,
        "othercomprehensiveincomelosspensionandotherpostretirementbenefitplanstax": -1600000,
        "othercomprehensiveincomelosspensionandotherpostretirementbenefitplansadjustmentnetoftax": -600000,
        "othercomprehensiveincomeunrealizedgainlossonderivativesarisingduringperiodbeforetax": 60300000,
        "othercomprehensiveincomelossreclassificationadjustmentonderivativesincludedinnetincomebeforetax": 700000,
        "othercomprehensiveincomelossderivativesqualifyingashedgestax": 22200000,
        "othercomprehensiveincomelossderivativesqualifyingashedgesnetoftax": 38800000,
        "othercomprehensiveincomelossforeigncurrencytransactionandtranslationadjustmentbeforetax": -4600000,
        "othercomprehensiveincomelossforeigncurrencytranslationadjustmenttax": -1700000,
        "othercomprehensiveincomelossforeigncurrencytransactionandtranslationadjustmentnetoftax": -2900000,
        "othercomprehensiveincomelossnetoftax": -14600000,
        "comprehensiveincomenetoftaxincludingportionattributabletononcontrollinginterest": 234500000,
        "comprehensiveincomenetoftax": 234400000,
        "clearingfeesrevenue": 692500000,
        "marketdatarevenue": 79400000,
        "accessandcommunicationfees": 20600000,
        "othersalesrevenuenet": 23600000,
        "revenues": 816100000,
        "laborandrelatedexpense": 128900000,
        "communication": 8600000,
        "informationtechnologyanddataprocessing": 13800000,
        "professionalfees": 27900000,
        "amortizationofintangibleassets": 25900000,
        "depreciationandamortization": 33200000,
        "occupancynet": 19000000,
        "licensecosts": 26900000,
        "othercostandexpenseoperating": 24100000,
        "costsandexpenses": 308300000,
        "operatingincomeloss": 507800000,
        "investmentincomenonoperating": 18700000,
        "interestanddebtexpense": 39200000,
        "incomelossfromequitymethodinvestments": 20200000,
        "nonoperatingincomeexpense": -300000,
        "incomelossfromcontinuingoperationsbeforeincometaxesextraordinaryitemsnoncontrollinginterest": 507500000,
        "incometaxexpensebenefit": 196200000,
        "netincomeattributabletoredeemablenoncontrollinginterestandnoncontrollinginterest": -100000,
        "netincomeloss": 311200000,
        "antidilutivesecuritiesexcludedfromcomputationofearningspershareamount": 1606000,
        "earningspersharebasic": 0.94,
        "earningspersharediluted": 0.9299999999999999,
        "weightedaveragenumberofsharesoutstandingbasic": 195000,
        "weightedaveragenumberofdilutedsharesoutstanding": 367000
    },
    {
        "date": "2013-03-30",
        "symbol": "CME",
        "period": "Q1",
        "profitloss": 237400000,
        "othercomprehensiveincomeunrealizedholdinggainlossonsecuritiesarisingduringperiodbeforetax": -2900000,
        "othercomprehensiveincomeunrealizedholdinggainlossonsecuritiesarisingduringperiodtax": -1200000,
        "othercomprehensiveincomeunrealizedholdinggainlossonsecuritiesarisingduringperiodnetoftax": -1700000,
        "othercomprehensiveincomelosspensionandotherpostretirementbenefitplansadjustmentbeforetax": 1100000,
        "othercomprehensiveincomereclassificationofdefinedbenefitplansnetgainlossrecognizedinnetperiodicbenefitcostbeforetax": -700000,
        "othercomprehensiveincomelosspensionandotherpostretirementbenefitplanstax": 700000,
        "othercomprehensiveincomelosspensionandotherpostretirementbenefitplansadjustmentnetoftax": -1100000,
        "othercomprehensiveincomeunrealizedgainlossonderivativesarisingduringperiodbeforetax": 25000000,
        "othercomprehensiveincomelossreclassificationadjustmentonderivativesincludedinnetincomebeforetax": 700000,
        "othercomprehensiveincomelossderivativesqualifyingashedgestax": 9400000,
        "othercomprehensiveincomelossderivativesqualifyingashedgesnetoftax": 16300000,
        "othercomprehensiveincomelossforeigncurrencytransactionandtranslationadjustmentbeforetax": 7800000,
        "othercomprehensiveincomelossforeigncurrencytranslationadjustmenttax": 2800000,
        "othercomprehensiveincomelossforeigncurrencytransactionandtranslationadjustmentnetoftax": 5000000,
        "othercomprehensiveincomelossnetoftax": 16300000,
        "comprehensiveincomenetoftaxincludingportionattributabletononcontrollinginterest": 258100000,
        "netincomeattributabletoredeemablenoncontrollinginterestandnoncontrollinginterest": -1600000,
        "comprehensiveincomenetoftax": 256500000,
        "clearingfeesrevenue": 593200000,
        "marketdatarevenue": 80900000,
        "accessandcommunicationfees": 21500000,
        "othersalesrevenuenet": 23000000,
        "revenues": 718600000,
        "laborandrelatedexpense": 129400000,
        "communication": 8900000,
        "informationtechnologyanddataprocessing": 12400000,
        "professionalfees": 21900000,
        "amortizationofintangibleassets": 25900000,
        "depreciationandamortization": 32600000,
        "occupancynet": 18500000,
        "licensecosts": 21200000,
        "othercostandexpenseoperating": 42300000,
        "costsandexpenses": 313100000,
        "operatingincomeloss": 405500000,
        "investmentincomenonoperating": 3600000,
        "interestanddebtexpense": 39000000,
        "incomelossfromequitymethodinvestments": 17500000,
        "nonoperatingincomeexpense": -17900000,
        "incomelossfromcontinuingoperationsbeforeincometaxesextraordinaryitemsnoncontrollinginterest": 387600000,
        "incometaxexpensebenefit": 150200000,
        "netincomeloss": 235800000,
        "antidilutivesecuritiesexcludedfromcomputationofearningspershareamount": 41000,
        "earningspersharebasic": 0.71,
        "earningspersharediluted": 0.71,
        "weightedaveragenumberofsharesoutstandingbasic": 331953000,
        "weightedaveragenumberofdilutedsharesoutstanding": 333372000
    },
    {
        "date": "2012-09-29",
        "symbol": "CME",
        "period": "Q3",
        "profitloss": 218900000,
        "othercomprehensiveincomeunrealizedholdinggainlossonsecuritiesarisingduringperiodbeforetax": 109500000,
        "othercomprehensiveincomeunrealizedholdinggainlossonsecuritiesarisingduringperiodtax": 73900000,
        "othercomprehensiveincomeunrealizedholdinggainlossonsecuritiesarisingduringperiodnetoftax": 35600000,
        "othercomprehensiveincomereclassificationofdefinedbenefitplansnetgainlossrecognizedinnetperiodicbenefitcostbeforetax": 700000,
        "othercomprehensiveincomedefinedbenefitplanstax": -300000,
        "othercomprehensiveincomedefinedbenefitplansadjustmentnetoftaxperiodincreasedecrease": 400000,
        "othercomprehensiveincomereclassificationadjustmentonderivativesincludedinnetincomebeforetax": 0,
        "othercomprehensiveincomederivativesqualifyingashedgestaxeffectperiodincreasedecrease": 20000000,
        "othercomprehensiveincomederivativesqualifyingashedgesnetoftaxperiodincreasedecrease": -34400000,
        "othercomprehensiveincomeforeigncurrencytransactionandtranslationadjustmentbeforetaxperiodincreasedecrease": 5900000,
        "othercomprehensiveincomeforeigncurrencytranslationadjustmenttax": -2100000,
        "othercomprehensiveincomeforeigncurrencytransactionandtranslationadjustmentnetoftaxperiodincreasedecrease": 3800000,
        "othercomprehensiveincomelossnetoftaxperiodincreasedecrease": 5400000,
        "comprehensiveincomenetoftaxincludingportionattributabletononcontrollinginterest": 224300000,
        "comprehensiveincomenetoftaxattributabletononcontrollinginterest": 900000,
        "comprehensiveincomenetoftax": 223400000,
        "clearingfeesrevenue": 562200000,
        "marketdataandinformationservices": 82800000,
        "accessandcommunicationfees": 23200000,
        "othersalesrevenuenet": 15000000,
        "revenues": 683200000,
        "laborandrelatedexpense": 117500000,
        "communication": 9800000,
        "informationtechnologyanddataprocessing": 11800000,
        "professionalfees": 26700000,
        "amortizationofintangibleassets": 26200000,
        "depreciationandamortization": 34500000,
        "occupancynet": 18800000,
        "licensecosts": 19200000,
        "othercostandexpenseoperating": 22700000,
        "costsandexpenses": 287200000,
        "operatingincomeloss": 396000000,
        "investmentincomenonoperating": 13100000,
        "interestanddebtexpense": 30200000,
        "incomelossfromequitymethodinvestments": 16500000,
        "nonoperatingincomeexpense": -200000,
        "incomelossfromcontinuingoperationsbeforeincometaxesextraordinaryitemsnoncontrollinginterest": 395800000,
        "incometaxexpensebenefit": 176900000,
        "netincomeloss": 218000000,
        "antidilutivesecuritiesexcludedfromcomputationofearningspershareamount": -4334000,
        "earningspersharebasic": 0.6500000000000004,
        "earningspersharediluted": 0.6600000000000001,
        "weightedaveragenumberofsharesoutstandingbasic": 145000,
        "weightedaveragenumberofdilutedsharesoutstanding": 138000
    },
    {
        "date": "2012-06-29",
        "symbol": "CME",
        "period": "Q2",
        "profitloss": 253400000,
        "othercomprehensiveincomeunrealizedholdinggainlossonsecuritiesarisingduringperiodbeforetax": -124200000,
        "othercomprehensiveincomeunrealizedholdinggainlossonsecuritiesarisingduringperiodtax": -63300000,
        "othercomprehensiveincomeunrealizedholdinggainlossonsecuritiesarisingduringperiodnetoftax": -60900000,
        "othercomprehensiveincomedefinedbenefitplansadjustmentbeforetaxperiodincreasedecrease": 0,
        "othercomprehensiveincomereclassificationofdefinedbenefitplansnetgainlossrecognizedinnetperiodicbenefitcostbeforetax": 600000,
        "othercomprehensiveincomedefinedbenefitplanstax": -200000,
        "othercomprehensiveincomedefinedbenefitplansadjustmentnetoftaxperiodincreasedecrease": 400000,
        "othercomprehensiveincomereclassificationadjustmentonderivativesincludedinnetincomebeforetax": -200000,
        "othercomprehensiveincomederivativesqualifyingashedgestaxeffectperiodincreasedecrease": -100000,
        "othercomprehensiveincomederivativesqualifyingashedgesnetoftaxperiodincreasedecrease": 100000,
        "othercomprehensiveincomeforeigncurrencytransactionandtranslationadjustmentbeforetaxperiodincreasedecrease": -2800000,
        "othercomprehensiveincomeforeigncurrencytranslationadjustmenttax": -5700000,
        "othercomprehensiveincomeforeigncurrencytransactionandtranslationadjustmentnetoftaxperiodincreasedecrease": 9900000,
        "othercomprehensiveincomelossnetoftaxperiodincreasedecrease": -50500000,
        "comprehensiveincomenetoftaxincludingportionattributabletononcontrollinginterest": 202900000,
        "comprehensiveincomenetoftaxattributabletononcontrollinginterest": 8500000,
        "comprehensiveincomenetoftax": 194400000,
        "clearingfeesrevenue": 643600000,
        "marketdataandinformationservices": 110800000,
        "accessandcommunicationfees": 22600000,
        "othersalesrevenuenet": 18900000,
        "revenues": 795900000,
        "laborandrelatedexpense": 131100000,
        "communication": 10700000,
        "informationtechnologyanddataprocessing": 12100000,
        "professionalfees": 40300000,
        "amortizationofintangibleassets": 31300000,
        "depreciationandamortization": 33600000,
        "occupancynet": 18700000,
        "licensecosts": 23300000,
        "othercostandexpenseoperating": 25600000,
        "costsandexpenses": 326700000,
        "operatingincomeloss": 469200000,
        "investmentincomenonoperating": 6100000,
        "interestanddebtexpense": 28900000,
        "incomelossfromequitymethodinvestments": -900000,
        "nonoperatingincomeexpense": 41500000,
        "incomelossfromcontinuingoperationsbeforeincometaxesextraordinaryitemsnoncontrollinginterest": 510700000,
        "incometaxexpensebenefit": 257300000,
        "netincomeloss": 244900000,
        "antidilutivesecuritiesexcludedfromcomputationofearningspershareamount": 5182000,
        "earningspersharebasic": -2.4800000000000004,
        "earningspersharediluted": -2.4799999999999995,
        "weightedaveragenumberofsharesoutstandingbasic": 264783000,
        "weightedaveragenumberofdilutedsharesoutstanding": 265639000
    },
    {
        "date": "2012-03-30",
        "symbol": "CME",
        "period": "Q1",
        "profitloss": 266300000,
        "othercomprehensiveincomeunrealizedholdinggainlossonsecuritiesarisingduringperiodbeforetax": 99100000,
        "othercomprehensiveincomeunrealizedholdinggainlossonsecuritiesarisingduringperiodtax": 48200000,
        "othercomprehensiveincomeunrealizedholdinggainlossonsecuritiesarisingduringperiodnetoftax": 50900000,
        "othercomprehensiveincomedefinedbenefitplansadjustmentbeforetaxperiodincreasedecrease": 500000,
        "othercomprehensiveincomereclassificationofdefinedbenefitplansnetgainlossrecognizedinnetperiodicbenefitcostbeforetax": 600000,
        "othercomprehensiveincomedefinedbenefitplanstax": -400000,
        "othercomprehensiveincomedefinedbenefitplansadjustmentnetoftaxperiodincreasedecrease": 700000,
        "othercomprehensiveincomereclassificationadjustmentonderivativesincludedinnetincomebeforetax": -200000,
        "othercomprehensiveincomederivativesqualifyingashedgestaxeffectperiodincreasedecrease": -100000,
        "othercomprehensiveincomederivativesqualifyingashedgesnetoftaxperiodincreasedecrease": 100000,
        "othercomprehensiveincomeforeigncurrencytransactionandtranslationadjustmentbeforetaxperiodincreasedecrease": 2400000,
        "othercomprehensiveincomeforeigncurrencytranslationadjustmenttax": -900000,
        "othercomprehensiveincomeforeigncurrencytransactionandtranslationadjustmentnetoftaxperiodincreasedecrease": 1500000,
        "othercomprehensiveincomelossnetoftaxperiodincreasedecrease": 53200000,
        "comprehensiveincomenetoftaxincludingportionattributabletononcontrollinginterest": 319500000,
        "comprehensiveincomenetoftaxattributabletononcontrollinginterest": -300000,
        "comprehensiveincomenetoftax": 319800000,
        "clearingfeesrevenue": 621100000,
        "marketdataandinformationservices": 114200000,
        "accessandcommunicationfees": 19700000,
        "othersalesrevenuenet": 19600000,
        "revenues": 774600000,
        "laborandrelatedexpense": 135100000,
        "communication": 10300000,
        "informationtechnologyanddataprocessing": 12800000,
        "professionalfees": 32200000,
        "amortizationofintangibleassets": 32800000,
        "depreciationandamortization": 34900000,
        "occupancynet": 20300000,
        "licensecosts": 20700000,
        "othercostandexpenseoperating": 24300000,
        "costsandexpenses": 323400000,
        "operatingincomeloss": 451200000,
        "investmentincomenonoperating": 12100000,
        "interestanddebtexpense": 29100000,
        "incomelossfromequitymethodinvestments": -800000,
        "nonoperatingincomeexpense": -17800000,
        "incomelossfromcontinuingoperationsbeforeincometaxesextraordinaryitemsnoncontrollinginterest": 433400000,
        "incometaxexpensebenefit": 167100000,
        "netincomelossattributabletononcontrollinginterest": -300000,
        "netincomeloss": 266600000,
        "antidilutivesecuritiesexcludedfromcomputationofearningspershareamount": 2000,
        "earningspersharebasic": 4.03,
        "earningspersharediluted": 4.02,
        "weightedaveragenumberofsharesoutstandingbasic": 66163000,
        "weightedaveragenumberofdilutedsharesoutstanding": 66370000
    },
    {
        "date": "2011-09-29",
        "symbol": "CME",
        "period": "Q3",
        "clearingfeesrevenue": 732700000,
        "marketdataandinformationservices": 107000000,
        "accessandcommunicationfees": 12000000,
        "othersalesrevenuenet": 22500000,
        "revenues": 874200000,
        "laborandrelatedexpense": 119900000,
        "communication": 11000000,
        "informationtechnologyanddataprocessing": 13300000,
        "professionalfees": 29000000,
        "amortizationofintangibleassets": 33000000,
        "depreciationandamortization": 32400000,
        "occupancynet": 18500000,
        "licensecosts": 22600000,
        "othercostandexpenseoperating": 22400000,
        "costsandexpenses": 302100000,
        "operatingincomeloss": 572100000,
        "investmentincomenonoperating": 3700000,
        "interestanddebtexpense": 29000000,
        "incomelossfromequitymethodinvestments": -900000,
        "nonoperatingincomeexpense": -26200000,
        "incomelossfromcontinuingoperationsbeforeincometaxesextraordinaryitemsnoncontrollinginterest": 545900000,
        "incometaxexpensebenefit": 230900000,
        "profitloss": 315000000,
        "netincomelossattributabletononcontrollinginterest": -1100000,
        "netincomeloss": 316100000,
        "earningspersharebasic": 4.76,
        "earningspersharediluted": 4.740000000000001,
        "weightedaveragenumberofsharesoutstandingbasic": -118000,
        "weightedaveragenumberofdilutedsharesoutstanding": -117000
    },
    {
        "date": "2011-06-29",
        "symbol": "CME",
        "period": "Q2",
        "clearingfeesrevenue": 687800000,
        "marketdataandinformationservices": 107900000,
        "accessandcommunicationfees": 11300000,
        "othersalesrevenuenet": 31300000,
        "revenues": 838300000,
        "laborandrelatedexpense": 117500000,
        "communication": 10800000,
        "informationtechnologyanddataprocessing": 13400000,
        "professionalfees": 30700000,
        "amortizationofintangibleassets": 33000000,
        "depreciationandamortization": 31700000,
        "occupancynet": 19000000,
        "licensecosts": 18600000,
        "othercostandexpenseoperating": 29100000,
        "costsandexpenses": 303800000,
        "operatingincomeloss": 534500000,
        "investmentincomenonoperating": 4600000,
        "gainlossonderivativeinstrumentsnetpretax": 0,
        "interestanddebtexpense": 28700000,
        "incomelossfromequitymethodinvestments": -1100000,
        "nonoperatingincomeexpense": -25200000,
        "incomelossfromcontinuingoperationsbeforeincometaxesextraordinaryitemsnoncontrollinginterest": 509300000,
        "incometaxexpensebenefit": 213700000,
        "profitloss": 295600000,
        "netincomelossattributabletononcontrollinginterest": 1900000,
        "netincomeloss": 293700000,
        "earningspersharebasic": 4.4,
        "earningspersharediluted": 4.39,
        "weightedaveragenumberofsharesoutstandingbasic": -49000,
        "weightedaveragenumberofdilutedsharesoutstanding": -44000
    },
    {
        "date": "2011-03-30",
        "symbol": "CME",
        "period": "Q1",
        "clearingfeesrevenue": 691300000,
        "marketdataandinformationservices": 107000000,
        "accessandcommunicationfees": 11500000,
        "othersalesrevenuenet": 21800000,
        "revenues": 831600000,
        "laborandrelatedexpense": 122300000,
        "communication": 9900000,
        "informationtechnologyanddataprocessing": 12000000,
        "professionalfees": 30700000,
        "amortizationofintangibleassets": 33200000,
        "depreciationandamortization": 31000000,
        "occupancynet": 19400000,
        "licensecosts": 23500000,
        "othercostandexpenseoperating": 25500000,
        "costsandexpenses": 307500000,
        "operatingincomeloss": 524100000,
        "investmentincomenonoperating": 18800000,
        "gainlossonderivativeinstrumentsnetpretax": -100000,
        "interestanddebtexpense": 30100000,
        "incomelossfromequitymethodinvestments": -1100000,
        "nonoperatingincomeexpense": -12500000,
        "incomelossfromcontinuingoperationsbeforeincometaxesextraordinaryitemsnoncontrollinginterest": 511600000,
        "incometaxexpensebenefit": 54500000,
        "profitloss": 457100000,
        "netincomelossattributabletononcontrollinginterest": 500000,
        "netincomeloss": 456600000,
        "earningspersharebasic": 6.83,
        "earningspersharediluted": 6.81,
        "weightedaveragenumberofsharesoutstandingbasic": 66857000,
        "weightedaveragenumberofdilutedsharesoutstanding": 67062000
    },
    {
        "date": "2010-09-29",
        "symbol": "CME",
        "period": "Q3",
        "clearingandexecutionservicing": 598700000,
        "marketdataandinformationservices": 101400000,
        "accessandcommunicationfees": 11300000,
        "othersalesrevenuenet": 22000000,
        "revenues": 733400000,
        "laborandrelatedexpense": 110400000,
        "communication": 9800000,
        "informationtechnologyanddataprocessing": 12500000,
        "professionalfees": 26100000,
        "amortizationofintangibleassets": 32400000,
        "depreciationandamortization": 33100000,
        "occupancynet": 17000000,
        "licensecosts": 20500000,
        "restructuringcharges": 0,
        "othercostandexpenseoperating": 28700000,
        "costsandexpenses": 290500000,
        "operatingincomeloss": 442900000,
        "investmentincomenonoperating": 12600000,
        "interestanddebtexpense": 35900000,
        "incomelossfromequitymethodinvestments": 9900000,
        "nonoperatingincomeexpense": -27200000,
        "incomelossfromcontinuingoperationsbeforeincometaxes": 415700000,
        "incometaxexpensebenefit": 171400000,
        "profitloss": 244300000,
        "netincomeloss": 244300000,
        "earningspersharebasic": 3.67,
        "earningspersharediluted": 3.66,
        "weightedaveragenumberofsharesoutstandingbasic": 219000,
        "weightedaveragenumberofdilutedsharesoutstanding": 216000
    },
    {
        "date": "2010-06-29",
        "symbol": "CME",
        "period": "Q2",
        "clearingandexecutionservicing": 684200000,
        "marketdataandinformationservices": 102000000,
        "accessandcommunicationfees": 11200000,
        "othersalesrevenuenet": 16500000,
        "revenues": 813900000,
        "laborandrelatedexpense": 103100000,
        "communication": 10900000,
        "informationtechnologyanddataprocessing": 12700000,
        "professionalfees": 25200000,
        "amortizationofintangibleassets": 32300000,
        "depreciationandamortization": 32800000,
        "occupancynet": 20200000,
        "licensecosts": 21200000,
        "restructuringcharges": -200000,
        "othercostandexpenseoperating": 40600000,
        "costsandexpenses": 298800000,
        "operatingincomeloss": 515100000,
        "investmentincomenonoperating": 4400000,
        "gainlossonderivativeinstrumentsnetpretax": 0,
        "interestanddebtexpense": 37900000,
        "incomelossfromequitymethodinvestments": -1500000,
        "nonoperatingincomeexpense": -35000000,
        "incomelossfromcontinuingoperationsbeforeincometaxes": 480100000,
        "incometaxexpensebenefit": 208900000,
        "profitloss": 271200000,
        "netincomeloss": 270700000,
        "earningspersharebasic": 4.12,
        "earningspersharediluted": 4.11,
        "weightedaveragenumberofsharesoutstandingbasic": -328000,
        "weightedaveragenumberofdilutedsharesoutstanding": -324000
    },
    {
        "date": "2010-03-30",
        "symbol": "CME",
        "period": "Q1",
        "clearingandexecutionservicing": 578000000,
        "marketdataandinformationservices": 87600000,
        "accessandcommunicationfees": 10900000,
        "othersalesrevenuenet": 16700000,
        "revenues": 693200000,
        "laborandrelatedexpense": 98800000,
        "communication": 10100000,
        "informationtechnologyanddataprocessing": 12200000,
        "professionalfees": 31200000,
        "amortizationofintangibleassets": 30800000,
        "depreciationandamortization": 32200000,
        "occupancynet": 20500000,
        "licensecosts": 21100000,
        "restructuringcharges": -300000,
        "othercostandexpenseoperating": 21900000,
        "costsandexpenses": 278500000,
        "operatingincomeloss": 414700000,
        "investmentincomenonoperating": 11100000,
        "gainlossonderivativeinstrumentsnetpretax": 6000000,
        "interestanddebtexpense": 31400000,
        "incomelossfromequitymethodinvestments": -1500000,
        "nonoperatingincomeexpense": -15800000,
        "incomelossfromcontinuingoperationsbeforeincometaxes": 398900000,
        "incometaxexpensebenefit": 158700000,
        "profitloss": 240200000,
        "netincomeloss": 240200000,
        "earningspersharebasic": 3.63,
        "earningspersharediluted": 3.62,
        "weightedaveragenumberofsharesoutstandingbasic": 66234000,
        "weightedaveragenumberofdilutedsharesoutstanding": 66428000
    }
]