[
    {
        "date": "2024-03-30",
        "symbol": "SPG",
        "period": "Q1",
        "operatingleaseleaseincome": 1302671000,
        "managementfeesandotherrevenues": 29455000,
        "otherincome": 110464000,
        "revenues": 1442590000,
        "directcostsofleasedandrentedpropertyorequipment": 126114000,
        "depreciationandamortization": 307369000,
        "realestatetaxexpense": 109210000,
        "costofpropertyrepairsandmaintenance": 25728000,
        "marketingandadvertisingexpense": 28081000,
        "homeandregionalofficecosts": 60723000,
        "generalandadministrativeexpense": 9132000,
        "othercostandexpenseoperating": 41053000,
        "costsandexpenses": 707410000,
        "operatingincomeloss": 735180000,
        "interestexpense": 230623000,
        "gainlossondisposalexchangeorevaluationofequityinterests": 414769000,
        "incometaxexpensebenefitandother": 47603000,
        "incomelossfromequitymethodinvestments": -34342000,
        "equitysecuritiesfvniunrealizedgainloss": -7192000,
        "acquisitionofcontrollinginterestsaleordisposaloforrecoveryonassetsandinterestsinunconsolidatedentitiesgainorlossandimpairmentnet": 10966000,
        "profitloss": 841155000,
        "netincomelossattributabletononcontrollinginterest": 108619000,
        "preferredstockdividendsandotheradjustments": 834000,
        "netincomelossavailabletocommonstockholdersbasic": 731702000,
        "netincomelossallocatedtogeneralpartners": 731702000,
        "netincomelossallocatedtolimitedpartners": 109657000,
        "earningspersharebasic": 2.25,
        "earningspersharediluted": 2.25,
        "othercomprehensiveincomelosscashflowhedgegainlossbeforereclassificationaftertax": 27744000,
        "reclassificationfromaccumulatedothercomprehensiveincomecurrentperiodnetoftax": 1611000,
        "othercomprehensiveincomeforeigncurrencytransactionandtranslationgainlossarisingduringperiodnetoftax": -17429000,
        "changesinavailableforsalesecuritiesandother": -626000,
        "comprehensiveincomenetoftaxincludingportionattributabletononcontrollinginterest": 849233000,
        "comprehensiveincomenetoftaxattributabletononcontrollinginterest": 109705000,
        "comprehensiveincomenetoftax": 739528000
    },
    {
        "date": "2014-06-29",
        "symbol": "SPG",
        "period": "Q2",
        "operatingleasesincomestatementminimumleaserevenue": 728486000,
        "operatingleasesincomestatementcontingentrevenue": 39160000,
        "tenantreimbursements": 342250000,
        "managementfeesandotherrevenues": 34142000,
        "otherincome": 37944000,
        "revenues": 1181982000,
        "directcostsofleasedandrentedpropertyorequipment": 131643000,
        "depreciationandamortization": 142047000,
        "realestatetaxexpense": 52797000,
        "costofpropertyrepairsandmaintenance": 15944000,
        "marketingandadvertisingexpense": 17113000,
        "provisionforloanleaseandotherlosses": 970000,
        "homeandregionalofficecosts": 44958000,
        "generalandadministrativeexpense": 15599000,
        "othercostandexpenseoperating": 44554000,
        "costsandexpenses": 405068000,
        "operatingincomeloss": 561531000,
        "interestexpense": 254930000,
        "incometaxexpensebenefit": 6626000,
        "incomelossfromequitymethodinvestments": 55764000,
        "acquisitionofcontrollinginterestsaleordisposalofassetsandinterestsinunconsolidatedentitiesgainorloss": 133870000,
        "incomelossfromcontinuingoperationsincludingportionattributabletononcontrollinginterest": 489609000,
        "discontinuedoperationincomelossfromdiscontinuedoperationduringphaseoutperiodnetoftax": 26022000,
        "discontinuedoperationtransactionexpensesofdiscontinuedoperationnetoftax": 38163000,
        "profitloss": 477468000,
        "netincomelossattributabletononcontrollinginterest": 70047000,
        "dividendspreferredstock": 834000,
        "netincomelossavailabletocommonstockholdersbasic": 406587000,
        "incomelossfromcontinuingoperationsperbasicshare": 1.34,
        "incomelossfromdiscontinuedoperationsnetoftaxperbasicshare": -0.03,
        "earningspersharebasic": 1.31,
        "incomelossfromcontinuingoperationsperdilutedshare": 1.34,
        "incomelossfromdiscontinuedoperationsnetoftaxperdilutedshare": -0.03,
        "earningspersharediluted": 1.31,
        "othercomprehensiveincomeunrealizedgainlossonderivativesarisingduringperiodnetoftax": -8000,
        "othercomprehensiveincomelossreclassificationadjustmentfromaocionderivativesnetoftax": -2577000,
        "othercomprehensiveincomelossforeigncurrencytransactionandtranslationadjustmentnetoftax": 4046000,
        "changesinavailableforsalesecuritiesandother": 202000,
        "comprehensiveincomenetoftaxincludingportionattributabletononcontrollinginterest": 484285000,
        "comprehensiveincomenetoftaxattributabletononcontrollinginterest": 71020000,
        "comprehensiveincomenetoftax": 413265000
    },
    {
        "date": "2014-03-30",
        "symbol": "SPG",
        "period": "Q1",
        "operatingleasesincomestatementminimumleaserevenue": 828920000,
        "operatingleasesincomestatementcontingentrevenue": 33784000,
        "tenantreimbursements": 372639000,
        "managementfeesandotherrevenues": 30607000,
        "otherincome": 49041000,
        "revenues": 1314991000,
        "directcostsofleasedandrentedpropertyorequipment": 121087000,
        "depreciationandamortization": 326461000,
        "realestatetaxexpense": 114252000,
        "costofpropertyrepairsandmaintenance": 36916000,
        "marketingandadvertisingexpense": 24571000,
        "provisionforloanleaseandotherlosses": 5209000,
        "homeandregionalofficecosts": 35288000,
        "generalandadministrativeexpense": 14855000,
        "othercostandexpenseoperating": 20480000,
        "costsandexpenses": 699119000,
        "operatingincomeloss": 615872000,
        "interestexpense": 268151000,
        "incometaxexpensebenefit": 6938000,
        "incomelossfromequitymethodinvestments": 57423000,
        "acquisitionofcontrollinginterestsaleordisposalofassetsandinterestsinunconsolidatedentitiesgainorloss": 2897000,
        "profitloss": 401103000,
        "netincomelossattributabletononcontrollinginterest": 58621000,
        "dividendspreferredstock": 834000,
        "netincomelossavailabletocommonstockholdersbasic": 341648000,
        "earningspersharebasic": 1.1,
        "earningspersharediluted": 1.1,
        "othercomprehensiveincomeunrealizedgainlossonderivativesarisingduringperiodnetoftax": -7533000,
        "othercomprehensiveincomelossreclassificationadjustmentfromaocionderivativesnetoftax": -2697000,
        "othercomprehensiveincomelossforeigncurrencytransactionandtranslationadjustmentnetoftax": 13733000,
        "changesinavailableforsalesecuritiesandother": 479000,
        "comprehensiveincomenetoftaxincludingportionattributabletononcontrollinginterest": 410479000,
        "comprehensiveincomenetoftaxattributabletononcontrollinginterest": 59782000,
        "comprehensiveincomenetoftax": 350697000
    },
    {
        "date": "2013-09-29",
        "symbol": "SPG",
        "period": "Q3",
        "operatingleasesincomestatementminimumleaserevenue": 795809000,
        "operatingleasesincomestatementcontingentrevenue": 56511000,
        "tenantreimbursements": 367702000,
        "managementfeesandotherrevenues": 33613000,
        "otherincome": 48621000,
        "revenues": 1302256000,
        "directcostsofleasedandrentedpropertyorequipment": 126706000,
        "depreciationandamortization": 326073000,
        "realestatetaxexpense": 113145000,
        "costofpropertyrepairsandmaintenance": 27747000,
        "marketingandadvertisingexpense": 30725000,
        "provisionforloanleaseandotherlosses": 2774000,
        "homeandregionalofficecosts": 34171000,
        "generalandadministrativeexpense": 14546000,
        "othercostandexpenseoperating": 25804000,
        "costsandexpenses": 701691000,
        "operatingincomeloss": 600565000,
        "interestexpense": 284491000,
        "incometaxexpensebenefit": 7768000,
        "incomelossfromequitymethodinvestments": 47916000,
        "acquisitionofcontrollinginterestsaleordisposalofassetsandinterestsinunconsolidatedentitiesgainorloss": 11071000,
        "profitloss": 367293000,
        "netincomelossattributabletononcontrollinginterest": 54784000,
        "dividendspreferredstock": 834000,
        "netincomelossavailabletocommonstockholdersbasic": 311675000,
        "earningspersharebasic": 1,
        "earningspersharediluted": 1,
        "othercomprehensiveincomeunrealizedgainlossonderivativesarisingduringperiodnetoftax": -4378000,
        "othercomprehensiveincomelossreclassificationadjustmentfromaocionderivativesnetoftax": -2566000,
        "othercomprehensiveincomelossforeigncurrencytransactionandtranslationadjustmentnetoftax": 32515000,
        "changesinavailableforsalesecuritiesandother": -773000,
        "comprehensiveincomenetoftaxincludingportionattributabletononcontrollinginterest": 397223000,
        "comprehensiveincomenetoftaxattributabletononcontrollinginterest": 59089000,
        "comprehensiveincomenetoftax": 338134000
    },
    {
        "date": "2013-06-29",
        "symbol": "SPG",
        "period": "Q2",
        "operatingleasesincomestatementminimumleaserevenue": 778159000,
        "operatingleasesincomestatementcontingentrevenue": 40248000,
        "tenantreimbursements": 353163000,
        "managementfeesandotherrevenues": 31814000,
        "otherincome": 33179000,
        "revenues": 1236563000,
        "directcostsofleasedandrentedpropertyorequipment": 117479000,
        "depreciationandamortization": 318638000,
        "realestatetaxexpense": 109409000,
        "costofpropertyrepairsandmaintenance": 27107000,
        "marketingandadvertisingexpense": 29360000,
        "provisionforloanleaseandotherlosses": -1301000,
        "homeandregionalofficecosts": 36956000,
        "generalandadministrativeexpense": 15421000,
        "othercostandexpenseoperating": 18604000,
        "costsandexpenses": 671673000,
        "operatingincomeloss": 564890000,
        "interestexpense": 279966000,
        "incometaxexpensebenefit": 8983000,
        "incomelossfromequitymethodinvestments": 56516000,
        "acquisitionofcontrollinginterestsaleordisposalofassetsandinterestsinunconsolidatedentitiesgainorloss": 68068000,
        "profitloss": 400525000,
        "netincomelossattributabletononcontrollinginterest": 59755000,
        "dividendspreferredstock": 834000,
        "netincomelossavailabletocommonstockholdersbasic": 339936000,
        "earningspersharebasic": 1.1,
        "earningspersharediluted": 1.1,
        "othercomprehensiveincomeunrealizedgainlossonderivativesarisingduringperiodnetoftax": -1796000,
        "othercomprehensiveincomelossreclassificationadjustmentonderivativesincludedinnetincomenetoftax": 2566000,
        "othercomprehensiveincomelossforeigncurrencytransactionandtranslationadjustmentnetoftax": -22960000,
        "changesinavailableforsalesecuritiesandother": -631000,
        "comprehensiveincomenetoftaxincludingportionattributabletononcontrollinginterest": 377704000,
        "comprehensiveincomenetoftaxattributabletononcontrollinginterest": 56526000,
        "comprehensiveincomenetoftax": 321178000
    },
    {
        "date": "2013-03-30",
        "symbol": "SPG",
        "period": "Q1",
        "operatingleasesincomestatementminimumleaserevenue": 777907000,
        "operatingleasesincomestatementcontingentrevenue": 37699000,
        "tenantreimbursements": 338969000,
        "managementfeesandotherrevenues": 29729000,
        "otherincome": 30754000,
        "revenues": 1215058000,
        "directcostsofleasedandrentedpropertyorequipment": 109910000,
        "depreciationandamortization": 316633000,
        "realestatetaxexpense": 109705000,
        "costofpropertyrepairsandmaintenance": 29725000,
        "marketingandadvertisingexpense": 21259000,
        "provisionforloanleaseandotherlosses": 2734000,
        "homeandregionalofficecosts": 34894000,
        "generalandadministrativeexpense": 14509000,
        "othercostandexpenseoperating": 18000000,
        "costsandexpenses": 657369000,
        "operatingincomeloss": 557689000,
        "interestexpense": 1511000,
        "incometaxexpensebenefit": 13193000,
        "incomelossfromequitymethodinvestments": 54231000,
        "acquisitionofcontrollinginterestsaleordisposalofassetsandinterestsinunconsolidatedentitiesgainorloss": 20767000,
        "profitloss": 334468000,
        "netincomelossattributabletononcontrollinginterest": 218000,
        "dividendspreferredstock": 834000,
        "netincomelossavailabletocommonstockholdersbasic": 283138000,
        "earningspersharebasic": 0.91,
        "earningspersharediluted": 0.91,
        "othercomprehensiveincomeunrealizedgainlossonderivativesarisingduringperiodnetoftax": 7070000,
        "othercomprehensiveincomelossreclassificationadjustmentonderivativesincludedinnetincomenetoftax": 1511000,
        "othercomprehensiveincomelossforeigncurrencytransactionandtranslationadjustmentnetoftax": 1048000,
        "changesinavailableforsalesecuritiesandother": -184000,
        "comprehensiveincomenetoftaxincludingportionattributabletononcontrollinginterest": 343913000,
        "comprehensiveincomenetoftaxattributabletononcontrollinginterest": 2458000,
        "comprehensiveincomenetoftax": 292137000
    },
    {
        "date": "2012-09-29",
        "symbol": "SPG",
        "period": "Q3",
        "operatingleasesincomestatementminimumleaserevenue": 370183000,
        "operatingleasesincomestatementcontingentrevenue": 44002000,
        "tenantreimbursements": 176544000,
        "managementfeesandotherrevenues": 32294000,
        "otherincome": 34754000,
        "revenues": 625483000,
        "directcostsofleasedandrentedpropertyorequipment": 125162000,
        "depreciationandamortization": 125512000,
        "realestatetaxexpense": 45068000,
        "costofpropertyrepairsandmaintenance": 15418000,
        "marketingandadvertisingexpense": 11706000,
        "provisionforloanleaseandotherlosses": -646000,
        "homeandregionalofficecosts": 27057000,
        "generalandadministrativeexpense": 14165000,
        "othercostandexpenseoperating": 36089000,
        "costsandexpenses": 358309000,
        "operatingincomeloss": 267174000,
        "interestexpense": 148891000,
        "incometaxexpensebenefit": -97000,
        "incomelossfromequitymethodinvestments": -316000,
        "acquisitionofcontrollinginterestsaleordisposalofassetsandinterestsinunconsolidatedentitiesgainorloss": -2900000,
        "profitloss": 306371000,
        "netincomelossattributabletononcontrollinginterest": 50616000,
        "dividendspreferredstock": 834000,
        "netincomelossavailabletocommonstockholdersbasic": 254921000,
        "earningspersharebasic": 0.84,
        "earningspersharediluted": 0.84,
        "othercomprehensiveincomeunrealizedgainlossonderivativesarisingduringperiodnetoftax": 1327000,
        "othercomprehensiveincomelossreclassificationadjustmentonderivativesincludedinnetincomenetoftax": 517000,
        "othercomprehensiveincomelossforeigncurrencytransactionandtranslationadjustmentnetoftax": 2716000,
        "changesinavailableforsalesecuritiesandother": 902000,
        "comprehensiveincomenetoftaxincludingportionattributabletononcontrollinginterest": 328714000,
        "comprehensiveincomenetoftaxattributabletononcontrollinginterest": 56077000,
        "comprehensiveincomenetoftax": 272637000
    },
    {
        "date": "2012-06-29",
        "symbol": "SPG",
        "period": "Q2",
        "operatingleasesincomestatementminimumleaserevenue": 35921000,
        "operatingleasesincomestatementcontingentrevenue": 57157000,
        "tenantreimbursements": 36183000,
        "managementfeesandotherrevenues": 28347000,
        "otherincome": 37919000,
        "revenues": 134893000,
        "directcostsofleasedandrentedpropertyorequipment": 128780000,
        "depreciationandamortization": -26935000,
        "realestatetaxexpense": -5486000,
        "costofpropertyrepairsandmaintenance": 5166000,
        "marketingandadvertisingexpense": 7246000,
        "provisionforloanleaseandotherlosses": -3659000,
        "homeandregionalofficecosts": 35104000,
        "generalandadministrativeexpense": 14733000,
        "othercostandexpenseoperating": 74578000,
        "costsandexpenses": 132943000,
        "operatingincomeloss": 1950000,
        "interestexpense": 57475000,
        "incometaxexpensebenefit": 992000,
        "incomelossfromequitymethodinvestments": -30984000,
        "acquisitionofcontrollinginterestsaleordisposalofassetsandinterestsinunconsolidatedentitiesgainorloss": 0,
        "profitloss": 260936000,
        "netincomelossattributabletononcontrollinginterest": 44656000,
        "dividendspreferredstock": 835000,
        "netincomelossavailabletocommonstockholdersbasic": 215445000,
        "earningspersharebasic": 0.69,
        "earningspersharediluted": 0.69,
        "othercomprehensiveincomeunrealizedgainlossonderivativesarisingduringperiodnetoftax": -10686000,
        "changesinavailableforsalesecuritiesandother": -20716000,
        "comprehensiveincomenetoftaxincludingportionattributabletononcontrollinginterest": 191368000,
        "comprehensiveincomenetoftaxattributabletononcontrollinginterest": 1869000,
        "comprehensiveincomenetoftax": 158343000,
        "equitymethodinvestmentotherthantemporaryimpairment": 0
    },
    {
        "date": "2012-03-30",
        "symbol": "SPG",
        "period": "Q1",
        "operatingleasesincomestatementminimumleaserevenue": 702098000,
        "operatingleasesincomestatementcontingentrevenue": 27680000,
        "tenantreimbursements": 306388000,
        "managementfeesandotherrevenues": 32287000,
        "otherincome": 50516000,
        "revenues": 1118969000,
        "directcostsofleasedandrentedpropertyorequipment": 104740000,
        "depreciationandamortization": 285109000,
        "realestatetaxexpense": 98702000,
        "costofpropertyrepairsandmaintenance": 25641000,
        "marketingandadvertisingexpense": 21098000,
        "provisionforloanleaseandotherlosses": 3545000,
        "homeandregionalofficecosts": 32858000,
        "generalandadministrativeexpense": 13889000,
        "othercostandexpenseoperating": 17778000,
        "costsandexpenses": 603360000,
        "operatingincomeloss": 515609000,
        "interestexpense": 258079000,
        "incometaxexpensebenefit": 891000,
        "incomelossfromequitymethodinvestments": 30353000,
        "acquisitionofcontrollinginterestsaleordisposalofassetsandinterestsinunconsolidatedentitiesgainorloss": 494837000,
        "profitloss": 781829000,
        "netincomelossattributabletononcontrollinginterest": 135585000,
        "dividendspreferredstock": 834000,
        "netincomelossavailabletocommonstockholdersbasic": 645410000,
        "earningspersharebasic": 2.18,
        "earningspersharediluted": 2.18,
        "othercomprehensiveincomeunrealizedgainlossonderivativesarisingduringperiodnetoftax": 11692000,
        "othercomprehensiveincomereclassificationadjustmentonderivativesincludedinnetincomenetoftax": -5115000,
        "othercomprehensiveincomeforeigncurrencytransactionandtranslationadjustmentnetoftaxperiodincreasedecrease": 43941000,
        "changesinavailableforsalesecuritiesandother": 24535000,
        "comprehensiveincomenetoftaxincludingportionattributabletononcontrollinginterest": 867112000,
        "comprehensiveincomenetoftaxattributabletononcontrollinginterest": 2096000,
        "comprehensiveincomenetoftax": 716787000,
        "equitymethodinvestmentotherthantemporaryimpairment": 22400000
    },
    {
        "date": "2011-09-29",
        "symbol": "SPG",
        "period": "Q3",
        "operatingleasesincomestatementminimumleaserevenue": 491742000,
        "operatingleasesincomestatementcontingentrevenue": 42941000,
        "tenantreimbursements": 235309000,
        "managementfeesandotherrevenues": 31249000,
        "otherincome": 43209000,
        "revenues": 813201000,
        "directcostsofleasedandrentedpropertyorequipment": 167655000,
        "depreciationandamortization": 197604000,
        "realestatetaxexpense": 59014000,
        "costofpropertyrepairsandmaintenance": 20005000,
        "marketingandadvertisingexpense": 15022000,
        "provisionforloanleaseandotherlosses": 2571000,
        "homeandregionalofficecosts": 30525000,
        "generalandadministrativeexpense": 14974000,
        "othercostandexpenseoperating": 56182000,
        "costsandexpenses": 518053000,
        "operatingincomeloss": 295148000,
        "interestexpense": 218079000,
        "incometaxexpensebenefit": 860000,
        "incomelossfromequitymethodinvestments": -1665000,
        "acquisitionofcontrollinginterestsaleordisposalofassetsandinterestsinunconsolidatedentitiesgainorloss": 78000,
        "profitloss": 333781000,
        "netincomelossattributabletononcontrollinginterest": 58947000,
        "dividendspreferredstock": 834000,
        "netincomelossavailabletocommonstockholdersbasic": 274000000,
        "earningspersharebasic": 0.93,
        "earningspersharediluted": 0.93,
        "othercomprehensiveincomeunrealizedgainlossonderivativesarisingduringperiodnetoftax": -16096000,
        "othercomprehensiveincomereclassificationadjustmentonderivativesincludedinnetincomenetoftax": -704000,
        "othercomprehensiveincomeforeigncurrencytransactionandtranslationadjustmentnetoftaxperiodincreasedecrease": -4344000,
        "changesinavailableforsalesecuritiesandother": -10746000,
        "comprehensiveincomenetoftaxincludingportionattributabletononcontrollinginterest": 155442000,
        "comprehensiveincomenetoftaxattributabletononcontrollinginterest": 28464000,
        "comprehensiveincomenetoftax": 126978000
    },
    {
        "date": "2011-06-29",
        "symbol": "SPG",
        "period": "Q2",
        "operatingleasesincomestatementminimumleaserevenue": 649570000,
        "operatingleasesincomestatementcontingentrevenue": 21980000,
        "tenantreimbursements": 285623000,
        "managementfeesandotherrevenues": 31259000,
        "otherincome": 52429000,
        "revenues": 1040861000,
        "directcostsofleasedandrentedpropertyorequipment": 109025000,
        "depreciationandamortization": 261298000,
        "realestatetaxexpense": 93424000,
        "costofpropertyrepairsandmaintenance": 24657000,
        "marketingandadvertisingexpense": 24958000,
        "provisionforloanleaseandotherlosses": 274000,
        "homeandregionalofficecosts": 31453000,
        "generalandadministrativeexpense": 8974000,
        "othercostandexpenseoperating": 19226000,
        "costsandexpenses": 510958000,
        "operatingincomeloss": 467572000,
        "interestexpense": 244517000,
        "incometaxexpensebenefit": 703000,
        "incomelossfromequitymethodinvestments": 13821000,
        "acquisitionofcontrollinginterestsaleordisposalofassetsandinterestsinunconsolidatedentitiesgainorloss": 6600000,
        "profitloss": 250522000,
        "netincomelossattributabletononcontrollinginterest": 44567000,
        "dividendspreferredstock": 834000,
        "netincomelossavailabletocommonstockholdersbasic": 205121000,
        "earningspersharebasic": 0.7,
        "earningspersharediluted": 0.7,
        "othercomprehensiveincomeunrealizedgainlossonderivativesarisingduringperiodnetoftax": -7740000,
        "othercomprehensiveincomereclassificationadjustmentonderivativesincludedinnetincomenetoftax": -3824000,
        "othercomprehensiveincomeforeigncurrencytransactionandtranslationadjustmentnetoftaxperiodincreasedecrease": 8754000,
        "changesinavailableforsalesecuritiesandother": 25713000,
        "comprehensiveincomenetoftaxincludingportionattributabletononcontrollinginterest": 281073000,
        "comprehensiveincomenetoftaxattributabletononcontrollinginterest": 49743000,
        "comprehensiveincomenetoftax": 231330000
    },
    {
        "date": "2011-03-30",
        "symbol": "SPG",
        "period": "Q1",
        "minimumrents": 479250000,
        "operatingleasesincomestatementcontingentrevenue": 32003000,
        "tenantreimbursements": 228547000,
        "managementfeesandotherrevenues": 30492000,
        "otherincome": 41641000,
        "revenues": 781441000,
        "directcostsofleasedandrentedpropertyorequipment": 151976000,
        "depreciationandamortization": 189727000,
        "realestatetaxexpense": 62724000,
        "costofpropertyrepairsandmaintenance": 22578000,
        "marketingandadvertisingexpense": 15724000,
        "provisionforloanleaseandotherlosses": 1613000,
        "homeandregionalofficecosts": 29056000,
        "generalandadministrativeexpense": 7667000,
        "othercostandexpenseoperating": 45583000,
        "costsandexpenses": 489925000,
        "operatingincomeloss": 291516000,
        "interestexpense": 210887000,
        "incometaxexpensebenefit": 1142000,
        "incomelossfromequitymethodinvestments": 83000,
        "acquisitionofcontrollinginterestsaleordisposalofassetsandinterestsinunconsolidatedentitiesgainorloss": 600000,
        "profitloss": 219666000,
        "netincomelossattributabletononcontrollinginterest": 39420000,
        "preferredstockdividends": 834000,
        "netincomelossavailabletocommonstockholdersbasic": 179412000,
        "earningspersharebasic": 0.61,
        "earningspersharediluted": 0.61,
        "othercomprehensiveincomeunrealizedgainlossonderivativesarisingduringperiodnetoftax": -1900000,
        "othercomprehensiveincomereclassificationadjustmentonderivativesincludedinnetincomenetoftax": -671000,
        "othercomprehensiveincomeforeigncurrencytransactionandtranslationadjustmentnetoftaxperiodincreasedecrease": 3739000,
        "changesinavailableforsalesecuritiesandother": 343000,
        "comprehensiveincomenetoftaxincludingportionattributabletononcontrollinginterest": 236467000,
        "comprehensiveincomenetoftaxattributabletononcontrollinginterest": 42273000,
        "comprehensiveincomenetoftax": 194194000
    },
    {
        "date": "2010-09-29",
        "symbol": "SPG",
        "period": "Q3",
        "minimumrents": 478869000,
        "operatingleasesincomestatementcontingentrevenue": 38283000,
        "tenantreimbursements": 234769000,
        "managementfeesandotherrevenues": 29980000,
        "otherincome": 77518000,
        "revenues": 829439000,
        "directcostsofleasedandrentedpropertyorequipment": 167653000,
        "depreciationandamortization": 195679000,
        "realestatetaxexpense": 61080000,
        "costofpropertyrepairsandmaintenance": 21869000,
        "marketingandadvertisingexpense": 13027000,
        "provisionforloanleaseandotherlosses": -721000,
        "homeandregionalofficecosts": 28640000,
        "generalandadministrativeexpense": 5170000,
        "transactionexpenses": 47585000,
        "othercostandexpenseoperating": 50507000,
        "costsandexpenses": 509094000,
        "operatingincomeloss": 320345000,
        "interestexpense": 218238000,
        "gainslossesonextinguishmentofdebt": -185063000,
        "incometaxexpensebenefit": -249000,
        "incomelossfromequitymethodinvestments": -327000,
        "acquisitionofcontrollinginterestsaleordisposalofassetsandinterestsinunconsolidatedentitiesgainorloss": 294283000,
        "profitloss": 280532000,
        "netincomelossattributabletononcontrollinginterest": 49074000,
        "preferredstockdividends": 834000,
        "netincomelossavailabletocommonstockholdersbasic": 230624000,
        "earningspersharebasic": 0.79,
        "earningspersharediluted": 0.79,
        "othercomprehensiveincomeunrealizedgainlossonderivativesarisingduringperiodnetoftax": -2241000,
        "othercomprehensiveincomereclassificationadjustmentonderivativesincludedinnetincomenetoftax": 698000,
        "othercomprehensiveincomeforeigncurrencytransactionandtranslationadjustmentnetoftaxperiodincreasedecrease": 1766000,
        "changesinavailableforsalesecuritiesandother": 9735000,
        "comprehensiveincomenetoftaxincludingportionattributabletononcontrollinginterest": 332377000,
        "comprehensiveincomenetoftaxattributabletononcontrollinginterest": 57636000,
        "comprehensiveincomenetoftax": 274741000
    },
    {
        "date": "2010-06-29",
        "symbol": "SPG",
        "period": "Q2",
        "minimumrents": 580157000,
        "operatingleasesincomestatementcontingentrevenue": 14477000,
        "tenantreimbursements": 255693000,
        "managementfeesandotherrevenues": 28349000,
        "otherincome": 54890000,
        "revenues": 933566000,
        "directcostsofleasedandrentedpropertyorequipment": 101234000,
        "depreciationandamortization": 234190000,
        "realestatetaxexpense": 78658000,
        "costofpropertyrepairsandmaintenance": 20605000,
        "marketingandadvertisingexpense": 22282000,
        "provisionforloanleaseandotherlosses": 4487000,
        "homeandregionalofficecosts": 26744000,
        "generalandadministrativeexpense": 5627000,
        "transactionexpenses": 11269000,
        "othercostandexpenseoperating": 13003000,
        "costsandexpenses": 518099000,
        "operatingincomeloss": 415467000,
        "interestexpense": 261463000,
        "incometaxexpensebenefit": -510000,
        "incomelossfromequitymethodinvestments": 10614000,
        "gainlossonsaleofassetsandinterestsinunconsolidatedentities": 20024000,
        "profitloss": 185152000,
        "netincomelossattributabletononcontrollinginterest": 33313000,
        "preferredstockdividends": -665000,
        "netincomelossavailabletocommonstockholdersbasic": 152504000,
        "earningspersharebasic": 0.52,
        "earningspersharediluted": 0.52,
        "othercomprehensiveincomeunrealizedgainlossonderivativesarisingduringperiodnetoftax": 15368000,
        "othercomprehensiveincomereclassificationadjustmentonderivativesincludedinnetincomenetoftax": 3945000,
        "othercomprehensiveincomeforeigncurrencytransactionandtranslationadjustmentnetoftaxperiodincreasedecrease": -14610000,
        "changesinavailableforsalesecuritiesandother": -46762000,
        "comprehensiveincomenetoftaxincludingportionattributabletononcontrollinginterest": 135203000,
        "comprehensiveincomenetoftaxattributabletononcontrollinginterest": 38202000,
        "comprehensiveincomenetoftax": 97001000,
        "discontinuedoperationgainlossondisposalofdiscontinuedoperationnetoftax": 280000000
    },
    {
        "date": "2010-03-30",
        "symbol": "SPG",
        "period": "Q1",
        "minimumrents": 571610000,
        "operatingleasesincomestatementcontingentrevenue": 13211000,
        "tenantreimbursements": 255928000,
        "managementfeesandotherrevenues": 28568000,
        "otherincome": 55754000,
        "revenues": 925071000,
        "directcostsofleasedandrentedpropertyorequipment": 98768000,
        "depreciationandamortization": 228909000,
        "realestatetaxexpense": 89729000,
        "costofpropertyrepairsandmaintenance": 23745000,
        "marketingandadvertisingexpense": 18836000,
        "provisionforloanleaseandotherlosses": -3451000,
        "homeandregionalofficecosts": 17315000,
        "generalandadministrativeexpense": 5112000,
        "transactionexpenses": 3700000,
        "othercostandexpenseoperating": 15492000,
        "costsandexpenses": 498155000,
        "operatingincomeloss": 426916000,
        "interestexpense": 263959000,
        "gainslossesonextinguishmentofdebt": -165625000,
        "incometaxexpensebenefit": 202000,
        "incomelossfromequitymethodinvestments": 17582000,
        "gainlossonsaleofassetsandinterestsinunconsolidatedentities": 6042000,
        "profitloss": 20754000,
        "netincomelossattributabletononcontrollinginterest": 5771000,
        "preferredstockdividends": 5610000,
        "netincomelossavailabletocommonstockholdersbasic": 9373000,
        "earningspersharebasic": 0.03,
        "earningspersharediluted": 0.03,
        "othercomprehensiveincomeunrealizedgainlossonderivativesarisingduringperiodnetoftax": 4612000,
        "othercomprehensiveincomereclassificationadjustmentonderivativesincludedinnetincomenetoftax": 3840000,
        "othercomprehensiveincomeforeigncurrencytransactionandtranslationadjustmentnetoftaxperiodincreasedecrease": -8900000,
        "changesinavailableforsalesecuritiesandother": -21190000,
        "comprehensiveincomenetoftaxincludingportionattributabletononcontrollinginterest": -8564000,
        "comprehensiveincomenetoftaxattributabletononcontrollinginterest": 882000,
        "comprehensiveincomenetoftax": -9446000
    }
]