[
    {
        "date": "2024-01-27",
        "symbol": "AMAT",
        "period": "Q1",
        "revenuefromcontractwithcustomerexcludingassessedtax": 78000000,
        "costofgoodsandservicessold": 3503000000,
        "grossprofit": 3204000000,
        "researchanddevelopmentexpense": 754000000,
        "sellingandmarketingexpense": 207000000,
        "generalandadministrativeexpense": 276000000,
        "operatingexpenses": 1237000000,
        "operatingincomeloss": -219000000,
        "interestexpense": 59000000,
        "othernonoperatingincomeexpense": 395000000,
        "incomelossfromcontinuingoperationsbeforeincometaxesextraordinaryitemsnoncontrollinginterest": 2303000000,
        "incometaxexpensebenefit": 284000000,
        "netincomeloss": 2019000000,
        "earningspersharebasic": 2.43,
        "earningspersharediluted": 2.41,
        "weightedaveragenumberofsharesoutstandingbasic": 831000000,
        "weightedaveragenumberofdilutedsharesoutstanding": 837000000,
        "othercomprehensiveincomeavailableforsalesecuritiesadjustmentnetoftaxportionattributabletoparent": 27000000,
        "othercomprehensiveincomelosscashflowhedgegainlossafterreclassificationandtax": 33000000,
        "othercomprehensiveincomedefinedbenefitplansadjustmentnetoftaxportionattributabletoparent": 9000000,
        "othercomprehensiveincomelossnetoftaxportionattributabletoparent": 51000000,
        "comprehensiveincomenetoftax": 2070000000
    },
    {
        "date": "2023-10-28",
        "symbol": "AMAT",
        "period": "Q4",
        "revenuefromcontractwithcustomerexcludingassessedtax": 6723000000,
        "costofgoodsandservicessold": 3554000000,
        "grossprofit": 3169000000,
        "researchanddevelopmentexpense": 789000000,
        "sellingandmarketingexpense": 192000000,
        "generalandadministrativeexpense": 217000000,
        "operatingexpenses": 1198000000,
        "operatingincomeloss": 1971000000,
        "interestexpense": 58000000,
        "othernonoperatingincomeexpense": 259000000,
        "incomelossfromcontinuingoperationsbeforeincometaxesextraordinaryitemsnoncontrollinginterest": 2172000000,
        "incometaxexpensebenefit": 168000000,
        "netincomeloss": 2004000000,
        "earningspersharebasic": 2.4,
        "earningspersharediluted": 2.3800000000000003,
        "weightedaveragenumberofsharesoutstandingbasic": 840000000,
        "weightedaveragenumberofdilutedsharesoutstanding": 845000000,
        "othercomprehensiveincomeavailableforsalesecuritiesadjustmentnetoftaxportionattributabletoparent": 0,
        "othercomprehensiveincomelosscashflowhedgegainlossafterreclassificationandtax": -20000000,
        "othercomprehensiveincomelossnetoftaxportionattributabletoparent": 6000000,
        "comprehensiveincomenetoftax": 2010000000
    },
    {
        "date": "2023-07-29",
        "symbol": "AMAT",
        "period": "Q3",
        "revenuefromcontractwithcustomerexcludingassessedtax": 6425000000,
        "costofgoodsandservicessold": 3449000000,
        "grossprofit": 2976000000,
        "researchanddevelopmentexpense": 767000000,
        "sellingandmarketingexpense": 193000000,
        "generalandadministrativeexpense": 214000000,
        "operatingexpenses": 1174000000,
        "operatingincomeloss": 1802000000,
        "interestexpense": 60000000,
        "othernonoperatingincomeexpense": 64000000,
        "incomelossfromcontinuingoperationsbeforeincometaxesextraordinaryitemsnoncontrollinginterest": 1806000000,
        "incometaxexpensebenefit": 246000000,
        "netincomeloss": 1560000000,
        "earningspersharebasic": 1.86,
        "earningspersharediluted": 1.85,
        "weightedaveragenumberofsharesoutstandingbasic": 838000000,
        "weightedaveragenumberofdilutedsharesoutstanding": 843000000,
        "othercomprehensiveincomeavailableforsalesecuritiesadjustmentnetoftaxportionattributabletoparent": -3000000,
        "othercomprehensiveincomelosscashflowhedgegainlossafterreclassificationandtax": 15000000,
        "othercomprehensiveincomelossnetoftaxportionattributabletoparent": 12000000,
        "comprehensiveincomenetoftax": 1572000000
    },
    {
        "date": "2023-04-29",
        "symbol": "AMAT",
        "period": "Q2",
        "revenuefromcontractwithcustomerexcludingassessedtax": 12796000000,
        "costofgoodsandservicessold": 3536000000,
        "grossprofit": 3094000000,
        "researchanddevelopmentexpense": 775000000,
        "sellingandmarketingexpense": 194000000,
        "generalandadministrativeexpense": 214000000,
        "operatingexpenses": 1183000000,
        "operatingincomeloss": 4219000000,
        "interestexpense": 61000000,
        "othernonoperatingincomeexpense": -73000000,
        "incomelossfromcontinuingoperationsbeforeincometaxesextraordinaryitemsnoncontrollinginterest": 1777000000,
        "incometaxexpensebenefit": 202000000,
        "netincomeloss": 1575000000,
        "earningspersharebasic": 1.87,
        "earningspersharediluted": 1.8599999999999999,
        "weightedaveragenumberofsharesoutstandingbasic": -1000000,
        "weightedaveragenumberofdilutedsharesoutstanding": -1000000,
        "othercomprehensiveincomeavailableforsalesecuritiesadjustmentnetoftaxportionattributabletoparent": 5000000,
        "othercomprehensiveincomelosscashflowhedgegainlossafterreclassificationandtax": -5000000,
        "othercomprehensiveincomelossnetoftaxportionattributabletoparent": 23000000,
        "comprehensiveincomenetoftax": 1575000000
    },
    {
        "date": "2023-01-28",
        "symbol": "AMAT",
        "period": "Q1",
        "revenuefromcontractwithcustomerexcludingassessedtax": 573000000,
        "costofgoodsandservicessold": 3594000000,
        "grossprofit": 3145000000,
        "researchanddevelopmentexpense": 771000000,
        "sellingandmarketingexpense": 197000000,
        "generalandadministrativeexpense": 207000000,
        "operatingexpenses": 1175000000,
        "operatingincomeloss": -338000000,
        "interestexpense": 59000000,
        "othernonoperatingincomeexpense": 50000000,
        "incomelossfromcontinuingoperationsbeforeincometaxesextraordinaryitemsnoncontrollinginterest": 1961000000,
        "incometaxexpensebenefit": 244000000,
        "netincomeloss": 1717000000,
        "earningspersharebasic": 2.03,
        "earningspersharediluted": 2.02,
        "weightedaveragenumberofsharesoutstandingbasic": 845000000,
        "weightedaveragenumberofdilutedsharesoutstanding": 849000000,
        "othercomprehensiveincomeavailableforsalesecuritiesadjustmentnetoftaxportionattributabletoparent": 23000000,
        "othercomprehensiveincomelosscashflowhedgegainlossafterreclassificationandtax": -56000000,
        "othercomprehensiveincomelossnetoftaxportionattributabletoparent": -56000000,
        "comprehensiveincomenetoftax": 1684000000
    },
    {
        "date": "2022-10-29",
        "symbol": "AMAT",
        "period": "Q4",
        "revenuefromcontractwithcustomerexcludingassessedtax": 21382000000,
        "costofgoodsandservicessold": 3648000000,
        "grossprofit": 3101000000,
        "researchanddevelopmentexpense": 726000000,
        "sellingandmarketingexpense": 183000000,
        "generalandadministrativeexpense": 198000000,
        "operatingexpenses": 1107000000,
        "operatingincomeloss": -291000000,
        "interestexpense": 57000000,
        "othernonoperatingincomeexpense": 12000000,
        "incomelossfromcontinuingoperationsbeforeincometaxesextraordinaryitemsnoncontrollinginterest": 1949000000,
        "incometaxexpensebenefit": 358000000,
        "netincomeloss": 1591000000,
        "earningspersharebasic": 1.8600000000000008,
        "earningspersharediluted": 1.8500000000000005,
        "weightedaveragenumberofsharesoutstandingbasic": -6000000,
        "weightedaveragenumberofdilutedsharesoutstanding": -6000000,
        "othercomprehensiveincomeavailableforsalesecuritiesadjustmentnetoftaxportionattributabletoparent": -29000000,
        "othercomprehensiveincomelosscashflowhedgegainlossafterreclassificationandtax": 5000000,
        "othercomprehensiveincomelossnetoftaxportionattributabletoparent": 35000000,
        "comprehensiveincomenetoftax": 1648000000
    },
    {
        "date": "2022-07-30",
        "symbol": "AMAT",
        "period": "Q3",
        "revenuefromcontractwithcustomerexcludingassessedtax": 529000000,
        "costofgoodsandservicessold": 3514000000,
        "grossprofit": 3006000000,
        "researchanddevelopmentexpense": 705000000,
        "sellingandmarketingexpense": 180000000,
        "generalandadministrativeexpense": 197000000,
        "operatingexpenses": 1082000000,
        "operatingincomeloss": -280000000,
        "interestexpense": 56000000,
        "othernonoperatingincomeexpense": -7000000,
        "incomelossfromcontinuingoperationsbeforeincometaxesextraordinaryitemsnoncontrollinginterest": 1861000000,
        "incometaxexpensebenefit": 255000000,
        "netincomeloss": 1606000000,
        "earningspersharebasic": 1.8599999999999999,
        "earningspersharediluted": 1.8499999999999996,
        "weightedaveragenumberofsharesoutstandingbasic": -6000000,
        "weightedaveragenumberofdilutedsharesoutstanding": -7000000,
        "othercomprehensiveincomeavailableforsalesecuritiesadjustmentnetoftaxportionattributabletoparent": 3000000,
        "othercomprehensiveincomelosscashflowhedgegainlossafterreclassificationandtax": 13000000,
        "othercomprehensiveincomelossnetoftaxportionattributabletoparent": 13000000,
        "comprehensiveincomenetoftax": 1622000000
    },
    {
        "date": "2022-04-30",
        "symbol": "AMAT",
        "period": "Q2",
        "revenuefromcontractwithcustomerexcludingassessedtax": 489000000,
        "costofgoodsandservicessold": 3318000000,
        "grossprofit": 2927000000,
        "researchanddevelopmentexpense": 686000000,
        "sellingandmarketingexpense": 173000000,
        "generalandadministrativeexpense": 174000000,
        "restructuringcharges": 0,
        "operatingexpenses": 1033000000,
        "operatingincomeloss": -257000000,
        "interestexpense": 58000000,
        "othernonoperatingincomeexpense": 28000000,
        "incomelossfromcontinuingoperationsbeforeincometaxesextraordinaryitemsnoncontrollinginterest": 1864000000,
        "incometaxexpensebenefit": 328000000,
        "netincomeloss": 1536000000,
        "earningspersharebasic": 1.75,
        "earningspersharediluted": 1.7400000000000002,
        "weightedaveragenumberofsharesoutstandingbasic": -6000000,
        "weightedaveragenumberofdilutedsharesoutstanding": -7000000,
        "othercomprehensiveincomeavailableforsalesecuritiesadjustmentnetoftaxportionattributabletoparent": -33000000,
        "othercomprehensiveincomelosscashflowhedgegainlossafterreclassificationandtax": 36000000,
        "othercomprehensiveincomelossnetoftaxportionattributabletoparent": 36000000,
        "comprehensiveincomenetoftax": 1539000000
    },
    {
        "date": "2022-01-29",
        "symbol": "AMAT",
        "period": "Q1",
        "revenuefromcontractwithcustomerexcludingassessedtax": 281000000,
        "costofgoodsandservicessold": 3312000000,
        "grossprofit": 2959000000,
        "researchanddevelopmentexpense": 654000000,
        "sellingandmarketingexpense": 167000000,
        "generalandadministrativeexpense": 166000000,
        "restructuringcharges": -4000000,
        "operatingexpenses": 983000000,
        "operatingincomeloss": -274000000,
        "interestexpense": 57000000,
        "othernonoperatingincomeexpense": 6000000,
        "incomelossfromcontinuingoperationsbeforeincometaxesextraordinaryitemsnoncontrollinginterest": 1925000000,
        "incometaxexpensebenefit": 133000000,
        "netincomeloss": 1792000000,
        "earningspersharebasic": 2.02,
        "earningspersharediluted": 2,
        "weightedaveragenumberofsharesoutstandingbasic": 889000000,
        "weightedaveragenumberofdilutedsharesoutstanding": 897000000,
        "othercomprehensiveincomeavailableforsalesecuritiesadjustmentnetoftaxportionattributabletoparent": -15000000,
        "othercomprehensiveincomelosscashflowhedgegainlossafterreclassificationandtax": -3000000,
        "othercomprehensiveincomelossnetoftaxportionattributabletoparent": -3000000,
        "comprehensiveincomenetoftax": 1774000000
    },
    {
        "date": "2021-10-30",
        "symbol": "AMAT",
        "period": "Q4",
        "costofgoodsandservicessold": 3178000000,
        "grossprofit": 2945000000,
        "researchanddevelopmentexpense": 622000000,
        "sellingandmarketingexpense": 155000000,
        "generalandadministrativeexpense": 155000000,
        "restructuringcharges": -1000000,
        "operatingexpenses": 931000000,
        "operatingincomeloss": -219000000,
        "interestexpense": 57000000,
        "othernonoperatingincomeexpense": 49000000,
        "incometaxexpensebenefit": 294000000,
        "netincomeloss": 1712000000,
        "earningspersharebasic": 1.9,
        "earningspersharediluted": 1.8800000000000006,
        "weightedaveragenumberofsharesoutstandingbasic": -4000000,
        "weightedaveragenumberofdilutedsharesoutstanding": -4000000,
        "othercomprehensiveincomeavailableforsalesecuritiesadjustmentnetoftaxportionattributabletoparent": -10000000,
        "othercomprehensiveincomelosscashflowhedgegainlossafterreclassificationandtax": 12000000,
        "othercomprehensiveincomelossnetoftaxportionattributabletoparent": 12000000,
        "comprehensiveincomenetoftax": 1744000000
    },
    {
        "date": "2021-07-31",
        "symbol": "AMAT",
        "period": "Q3",
        "costofgoodsandservicessold": 3229000000,
        "grossprofit": 2967000000,
        "researchanddevelopmentexpense": 640000000,
        "sellingandmarketingexpense": 159000000,
        "generalandadministrativeexpense": 155000000,
        "restructuringcharges": -8000000,
        "operatingexpenses": 954000000,
        "operatingincomeloss": -264000000,
        "interestexpense": 57000000,
        "othernonoperatingincomeexpense": 24000000,
        "incomelossfromcontinuingoperationsbeforeincometaxesminorityinterestandincomelossfromequitymethodinvestments": 1980000000,
        "incometaxexpensebenefit": 264000000,
        "netincomeloss": 1716000000,
        "earningspersharebasic": 1.8900000000000001,
        "earningspersharediluted": 1.8699999999999999,
        "weightedaveragenumberofsharesoutstandingbasic": -919000000,
        "weightedaveragenumberofdilutedsharesoutstanding": -929000000,
        "othercomprehensiveincomeavailableforsalesecuritiesadjustmentnetoftaxportionattributabletoparent": -1000000,
        "othercomprehensiveincomelosscashflowhedgegainlossafterreclassificationandtax": -1000000,
        "othercomprehensiveincomelossnetoftaxportionattributabletoparent": 7000000,
        "comprehensiveincomenetoftax": 1714000000
    },
    {
        "date": "2021-05-01",
        "symbol": "AMAT",
        "period": "Q2",
        "revenuefromcontractwithcustomerexcludingassessedtax": 5582000000,
        "costofgoodsandservicessold": 2929000000,
        "grossprofit": 2653000000,
        "researchanddevelopmentexpense": 617000000,
        "sellingandmarketingexpense": 148000000,
        "generalandadministrativeexpense": 149000000,
        "restructuringcharges": 6000000,
        "gainlossoncontracttermination": -154000000,
        "operatingexpenses": 1074000000,
        "operatingincomeloss": 1579000000,
        "interestexpense": 61000000,
        "othernonoperatingincomeexpense": 27000000,
        "incomelossfromcontinuingoperationsbeforeincometaxesminorityinterestandincomelossfromequitymethodinvestments": 1545000000,
        "incometaxexpensebenefit": 215000000,
        "netincomeloss": 1330000000,
        "earningspersharebasic": 1.45,
        "earningspersharediluted": 1.43,
        "weightedaveragenumberofsharesoutstandingbasic": 918000000,
        "weightedaveragenumberofdilutedsharesoutstanding": 927000000,
        "othercomprehensiveincomeavailableforsalesecuritiesadjustmentnetoftaxportionattributabletoparent": -8000000,
        "othercomprehensiveincomelosscashflowhedgegainlossafterreclassificationandtax": 15000000,
        "othercomprehensiveincomelossnetoftaxportionattributabletoparent": 7000000,
        "comprehensiveincomenetoftax": 1337000000
    },
    {
        "date": "2021-01-30",
        "symbol": "AMAT",
        "period": "Q1",
        "revenues": 5162000000,
        "costofgoodsandservicessold": 2813000000,
        "grossprofit": 2349000000,
        "researchanddevelopmentexpense": 606000000,
        "sellingandmarketingexpense": 147000000,
        "generalandadministrativeexpense": 161000000,
        "restructuringcharges": 152000000,
        "operatingexpenses": 1066000000,
        "operatingincomeloss": 1283000000,
        "interestexpense": 61000000,
        "othernonoperatingincomeexpense": 18000000,
        "incomelossfromcontinuingoperationsbeforeincometaxesminorityinterestandincomelossfromequitymethodinvestments": 1240000000,
        "incometaxexpensebenefit": 110000000,
        "netincomeloss": 1130000000,
        "earningspersharebasic": 1.23,
        "earningspersharediluted": 1.22,
        "weightedaveragenumberofsharesoutstandingbasic": 915000000,
        "weightedaveragenumberofdilutedsharesoutstanding": 925000000,
        "othercomprehensiveincomeavailableforsalesecuritiesadjustmentnetoftaxportionattributabletoparent": -2000000,
        "othercomprehensiveincomelosscashflowhedgegainlossafterreclassificationandtax": 4000000,
        "othercomprehensiveincomelossnetoftaxportionattributabletoparent": 2000000,
        "comprehensiveincomenetoftax": 1132000000
    },
    {
        "date": "2020-10-24",
        "symbol": "AMAT",
        "period": "Q4",
        "costofgoodsandservicessold": 2558000000,
        "grossprofit": 2130000000,
        "researchanddevelopmentexpense": 560000000,
        "sellingandmarketingexpense": 131000000,
        "generalandadministrativeexpense": 156000000,
        "operatingexpenses": 847000000,
        "operatingincomeloss": 1283000000,
        "interestexpense": 59000000,
        "othernonoperatingincomeexpense": 19000000,
        "incomelossfromcontinuingoperationsbeforeincometaxesminorityinterestandincomelossfromequitymethodinvestments": 1243000000,
        "incometaxexpensebenefit": 112000000,
        "netincomeloss": 1131000000,
        "earningspersharebasic": 1.2400000000000004,
        "earningspersharediluted": 1.23,
        "weightedaveragenumberofsharesoutstandingbasic": -1832000000,
        "weightedaveragenumberofdilutedsharesoutstanding": -1849000000,
        "othercomprehensiveincomeavailableforsalesecuritiesadjustmentnetoftaxportionattributabletoparent": -4000000,
        "othercomprehensiveincomelosscashflowhedgegainlossafterreclassificationandtax": -7000000,
        "othercomprehensiveincomelossnetoftaxportionattributabletoparent": -22000000,
        "comprehensiveincomenetoftax": 1109000000
    },
    {
        "date": "2020-07-25",
        "symbol": "AMAT",
        "period": "Q3",
        "revenues": 4395000000,
        "costofgoodsandservicessold": 2440000000,
        "grossprofit": 1955000000,
        "researchanddevelopmentexpense": 572000000,
        "sellingandmarketingexpense": 130000000,
        "generalandadministrativeexpense": 145000000,
        "operatingexpenses": 847000000,
        "operatingincomeloss": 1108000000,
        "interestexpense": 61000000,
        "othernonoperatingincomeexpense": -7000000,
        "incomelossfromcontinuingoperationsbeforeincometaxesminorityinterestandincomelossfromequitymethodinvestments": 1040000000,
        "incometaxexpensebenefit": 199000000,
        "netincomeloss": 841000000,
        "earningspersharebasic": 0.92,
        "earningspersharediluted": 0.91,
        "weightedaveragenumberofsharesoutstandingbasic": 915000000,
        "weightedaveragenumberofdilutedsharesoutstanding": 922000000,
        "othercomprehensiveincomeavailableforsalesecuritiesadjustmentnetoftaxportionattributabletoparent": 12000000,
        "othercomprehensiveincomelosscashflowhedgegainlossafterreclassificationandtax": 26000000,
        "othercomprehensiveincomelossnetoftaxportionattributabletoparent": 38000000,
        "comprehensiveincomenetoftax": 879000000
    },
    {
        "date": "2020-04-25",
        "symbol": "AMAT",
        "period": "Q2",
        "revenues": 3957000000,
        "costofgoodsandservicessold": 2208000000,
        "grossprofit": 1749000000,
        "researchanddevelopmentexpense": 550000000,
        "sellingandmarketingexpense": 130000000,
        "generalandadministrativeexpense": 137000000,
        "operatingexpenses": 817000000,
        "operatingincomeloss": 932000000,
        "interestexpense": 61000000,
        "othernonoperatingincomeexpense": 7000000,
        "incomelossfromcontinuingoperationsbeforeincometaxesminorityinterestandincomelossfromequitymethodinvestments": 878000000,
        "incometaxexpensebenefit": 123000000,
        "netincomeloss": 755000000,
        "earningspersharebasic": 0.82,
        "earningspersharediluted": 0.82,
        "weightedaveragenumberofsharesoutstandingbasic": 917000000,
        "weightedaveragenumberofdilutedsharesoutstanding": 923000000,
        "othercomprehensiveincomeavailableforsalesecuritiesadjustmentnetoftaxportionattributabletoparent": -1000000,
        "othercomprehensiveincomelosscashflowhedgegainlossafterreclassificationandtax": -126000000,
        "othercomprehensiveincomelossnetoftaxportionattributabletoparent": -127000000,
        "comprehensiveincomenetoftax": 628000000
    },
    {
        "date": "2020-01-25",
        "symbol": "AMAT",
        "period": "Q1",
        "revenues": 4162000000,
        "costofgoodsandservicessold": 2304000000,
        "grossprofit": 1858000000,
        "researchanddevelopmentexpense": 552000000,
        "sellingandmarketingexpense": 135000000,
        "generalandadministrativeexpense": 129000000,
        "operatingexpenses": 816000000,
        "operatingincomeloss": 1042000000,
        "interestexpense": 59000000,
        "othernonoperatingincomeexpense": 22000000,
        "incomelossfromcontinuingoperationsbeforeincometaxesminorityinterestandincomelossfromequitymethodinvestments": 1005000000,
        "incometaxexpensebenefit": 113000000,
        "netincomeloss": 892000000,
        "earningspersharebasic": 0.97,
        "earningspersharediluted": 0.96,
        "weightedaveragenumberofsharesoutstandingbasic": 916000000,
        "weightedaveragenumberofdilutedsharesoutstanding": 927000000,
        "othercomprehensiveincomeavailableforsalesecuritiesadjustmentnetoftaxportionattributabletoparent": 2000000,
        "othercomprehensiveincomelosscashflowhedgegainlossafterreclassificationandtax": -10000000,
        "othercomprehensiveincomelossnetoftaxportionattributabletoparent": -8000000,
        "comprehensiveincomenetoftax": 884000000
    },
    {
        "date": "2019-10-26",
        "symbol": "AMAT",
        "period": "Q4",
        "revenues": 3754000000,
        "costofgoodsandservicessold": 2120000000,
        "grossprofit": 1634000000,
        "researchanddevelopmentexpense": 515000000,
        "sellingandmarketingexpense": 129000000,
        "generalandadministrativeexpense": 126000000,
        "operatingexpenses": 770000000,
        "operatingincomeloss": 864000000,
        "interestexpense": 59000000,
        "othernonoperatingincomeexpense": 35000000,
        "incomelossfromcontinuingoperationsbeforeincometaxesminorityinterestandincomelossfromequitymethodinvestments": 840000000,
        "incometaxexpensebenefit": 142000000,
        "netincomeloss": 698000000,
        "earningspersharebasic": 0.7600000000000002,
        "earningspersharediluted": 0.75,
        "weightedaveragenumberofsharesoutstandingbasic": -6000000,
        "weightedaveragenumberofdilutedsharesoutstanding": -5000000,
        "othercomprehensiveincomeavailableforsalesecuritiesadjustmentnetoftaxportionattributabletoparent": 2000000,
        "othercomprehensiveincomederivativesqualifyingashedgesnetoftaxportionattributabletoparent": 6000000,
        "othercomprehensiveincomelossnetoftaxportionattributabletoparent": -43000000,
        "comprehensiveincomenetoftax": 655000000
    },
    {
        "date": "2019-07-27",
        "symbol": "AMAT",
        "period": "Q3",
        "netincomeloss": 571000000,
        "othercomprehensiveincomeavailableforsalesecuritiesadjustmentnetoftaxportionattributabletoparent": 6000000,
        "othercomprehensiveincomederivativesqualifyingashedgesnetoftaxportionattributabletoparent": -5000000,
        "othercomprehensiveincomelossnetoftaxportionattributabletoparent": 1000000,
        "comprehensiveincomenetoftax": 572000000,
        "revenues": 10343000000,
        "costofgoodsandservicessold": 2005000000,
        "grossprofit": 1557000000,
        "researchanddevelopmentexpense": 515000000,
        "sellingandmarketingexpense": 128000000,
        "generalandadministrativeexpense": 112000000,
        "operatingexpenses": 755000000,
        "operatingincomeloss": 999000000,
        "interestexpense": 58000000,
        "othernonoperatingincomeexpense": 38000000,
        "incomelossfromcontinuingoperationsbeforeincometaxesminorityinterestandincomelossfromequitymethodinvestments": 782000000,
        "incometaxexpensebenefit": 211000000,
        "earningspersharebasic": 0.6099999999999999,
        "earningspersharediluted": 0.6099999999999999,
        "weightedaveragenumberofsharesoutstandingbasic": -956000000,
        "weightedaveragenumberofdilutedsharesoutstanding": -963000000
    },
    {
        "date": "2019-04-27",
        "symbol": "AMAT",
        "period": "Q2",
        "netincomeloss": 666000000,
        "othercomprehensiveincomeavailableforsalesecuritiesadjustmentnetoftaxportionattributabletoparent": 8000000,
        "othercomprehensiveincomederivativesqualifyingashedgesnetoftaxportionattributabletoparent": 9000000,
        "othercomprehensiveincomeforeigncurrencytransactionandtranslationadjustmentnetoftaxportionattributabletoparent": -1000000,
        "othercomprehensiveincomelossnetoftaxportionattributabletoparent": 16000000,
        "comprehensiveincomenetoftax": 682000000,
        "revenues": 215000000,
        "costofgoodsandservicessold": 2009000000,
        "grossprofit": 1530000000,
        "researchanddevelopmentexpense": 508000000,
        "sellingandmarketingexpense": 133000000,
        "generalandadministrativeexpense": 113000000,
        "operatingexpenses": 754000000,
        "operatingincomeloss": 579000000,
        "interestexpense": 60000000,
        "othernonoperatingincomeexpense": 43000000,
        "incomelossfromcontinuingoperationsbeforeincometaxesminorityinterestandincomelossfromequitymethodinvestments": 759000000,
        "incometaxexpensebenefit": 93000000,
        "earningspersharebasic": 0.71,
        "earningspersharediluted": 0.7,
        "weightedaveragenumberofsharesoutstandingbasic": 942000000,
        "weightedaveragenumberofdilutedsharesoutstanding": 948000000
    },
    {
        "date": "2019-01-26",
        "symbol": "AMAT",
        "period": "Q1",
        "netincomeloss": 771000000,
        "othercomprehensiveincomeavailableforsalesecuritiesadjustmentnetoftaxportionattributabletoparent": 5000000,
        "othercomprehensiveincomederivativesqualifyingashedgesnetoftaxportionattributabletoparent": -17000000,
        "othercomprehensiveincomelossnetoftaxportionattributabletoparent": -12000000,
        "comprehensiveincomenetoftax": 759000000,
        "revenues": 296000000,
        "costofgoodsandservicessold": 2088000000,
        "grossprofit": 1665000000,
        "researchanddevelopmentexpense": 516000000,
        "sellingandmarketingexpense": 131000000,
        "generalandadministrativeexpense": 110000000,
        "operatingexpenses": 757000000,
        "operatingincomeloss": 908000000,
        "interestexpense": 60000000,
        "othernonoperatingincomeexpense": 40000000,
        "incomelossfromcontinuingoperationsbeforeincometaxesminorityinterestandincomelossfromequitymethodinvestments": 888000000,
        "incometaxexpensebenefit": 117000000,
        "earningspersharebasic": 0.81,
        "earningspersharediluted": 0.8,
        "weightedaveragenumberofsharesoutstandingbasic": 957000000,
        "weightedaveragenumberofdilutedsharesoutstanding": 965000000
    },
    {
        "date": "2018-10-27",
        "symbol": "AMAT",
        "period": "Q4",
        "netincomeloss": 876000000,
        "othercomprehensiveincomeavailableforsalesecuritiesadjustmentnetoftaxportionattributabletoparent": -32000000,
        "othercomprehensiveincomederivativesqualifyingashedgesnetoftaxportionattributabletoparent": -1000000,
        "othercomprehensiveincomelossnetoftaxportionattributabletoparent": -48000000,
        "comprehensiveincomenetoftax": 828000000,
        "costofgoodsandservicessold": 2234000000,
        "grossprofit": 1780000000,
        "researchanddevelopmentexpense": 518000000,
        "sellingandmarketingexpense": 127000000,
        "generalandadministrativeexpense": 119000000,
        "operatingexpenses": 764000000,
        "operatingincomeloss": 638000000,
        "interestexpense": 60000000,
        "othernonoperatingincomeexpense": 42000000,
        "incomelossfromcontinuingoperationsbeforeincometaxesminorityinterestandincomelossfromequitymethodinvestments": 998000000,
        "incometaxexpensebenefit": 122000000,
        "weightedaveragenumberofsharesoutstandingbasic": -13000000,
        "weightedaveragenumberofdilutedsharesoutstanding": -13000000
    },
    {
        "date": "2018-07-28",
        "symbol": "AMAT",
        "period": "Q3",
        "netincomeloss": 1173000000,
        "othercomprehensiveincomeavailableforsalesecuritiesadjustmentnetoftaxportionattributabletoparent": -18000000,
        "othercomprehensiveincomederivativesqualifyingashedgesnetoftaxportionattributabletoparent": 16000000,
        "othercomprehensiveincomelossnetoftaxportionattributabletoparent": -2000000,
        "comprehensiveincomenetoftax": 1171000000,
        "costofgoodsandservicessold": 2441000000,
        "grossprofit": 2027000000,
        "researchanddevelopmentexpense": 504000000,
        "sellingandmarketingexpense": 138000000,
        "generalandadministrativeexpense": 128000000,
        "operatingexpenses": 770000000,
        "operatingincomeloss": 930000000,
        "interestexpense": 59000000,
        "othernonoperatingincomeexpense": 41000000,
        "incomelossfromcontinuingoperationsbeforeincometaxesminorityinterestandincomelossfromequitymethodinvestments": 1239000000,
        "incometaxexpensebenefit": 66000000,
        "weightedaveragenumberofsharesoutstandingbasic": -16000000,
        "weightedaveragenumberofdilutedsharesoutstanding": -17000000
    },
    {
        "date": "2018-04-28",
        "symbol": "AMAT",
        "period": "Q2",
        "netincomeloss": 1129000000,
        "othercomprehensiveincomeavailableforsalesecuritiesadjustmentnetoftaxportionattributabletoparent": -7000000,
        "othercomprehensiveincomederivativesqualifyingashedgesnetoftaxportionattributabletoparent": 8000000,
        "othercomprehensiveincomedefinedbenefitplansadjustmentnetoftaxportionattributabletoparent": 0,
        "othercomprehensiveincomelossnetoftaxportionattributabletoparent": 1000000,
        "comprehensiveincomenetoftax": 1130000000,
        "salesrevenuenet": 1642000000,
        "costofgoodsandservicessold": 2477000000,
        "grossprofit": 2090000000,
        "researchanddevelopmentexpense": 509000000,
        "sellingandmarketingexpense": 130000000,
        "generalandadministrativeexpense": 124000000,
        "operatingexpenses": 763000000,
        "operatingincomeloss": 870000000,
        "interestexpense": 56000000,
        "othernonoperatingincomeexpense": 24000000,
        "incomelossfromcontinuingoperationsbeforeincometaxesminorityinterestandincomelossfromequitymethodinvestments": 1295000000,
        "incometaxexpensebenefit": 166000000,
        "weightedaveragenumberofsharesoutstandingbasic": -14000000,
        "weightedaveragenumberofdilutedsharesoutstanding": -15000000
    },
    {
        "date": "2018-01-27",
        "symbol": "AMAT",
        "period": "Q1",
        "netincomeloss": 135000000,
        "othercomprehensiveincomeavailableforsalesecuritiesadjustmentnetoftaxportionattributabletoparent": 6000000,
        "othercomprehensiveincomederivativesqualifyingashedgesnetoftaxportionattributabletoparent": -19000000,
        "othercomprehensiveincomedefinedbenefitplansadjustmentnetoftaxportionattributabletoparent": 2000000,
        "othercomprehensiveincomelossnetoftaxportionattributabletoparent": -15000000,
        "comprehensiveincomenetoftax": 120000000,
        "salesrevenuenet": 4204000000,
        "costofgoodsandservicessold": 2284000000,
        "grossprofit": 1920000000,
        "researchanddevelopmentexpense": 488000000,
        "sellingandmarketingexpense": 126000000,
        "generalandadministrativeexpense": 110000000,
        "operatingexpenses": 724000000,
        "operatingincomeloss": 1196000000,
        "interestexpense": 59000000,
        "othernonoperatingincomeexpense": 25000000,
        "incomelossfromcontinuingoperationsbeforeincometaxesminorityinterestandincomelossfromequitymethodinvestments": 1162000000,
        "incometaxexpensebenefit": 1027000000,
        "earningspersharebasicanddiluted": 0.13,
        "weightedaveragenumberofsharesoutstandingbasic": 1056000000,
        "weightedaveragenumberofdilutedsharesoutstanding": 1071000000
    },
    {
        "date": "2017-10-28",
        "symbol": "AMAT",
        "period": "Q4",
        "netincomeloss": 982000000,
        "othercomprehensiveincomeavailableforsalesecuritiesadjustmentnetoftaxportionattributabletoparent": -2000000,
        "othercomprehensiveincomederivativesqualifyingashedgesnetoftaxportionattributabletoparent": 6000000,
        "othercomprehensiveincomedefinedbenefitplansadjustmentnetoftaxportionattributabletoparent": -33000000,
        "othercomprehensiveincomelossnetoftaxportionattributabletoparent": 37000000,
        "comprehensiveincomenetoftax": 1019000000,
        "salesrevenuenet": -7398000000,
        "costofgoodsandservicessold": 5936000000,
        "grossprofit": 1787000000,
        "researchanddevelopmentexpense": 466000000,
        "sellingandmarketingexpense": 105000000,
        "generalandadministrativeexpense": 118000000,
        "operatingexpenses": 689000000,
        "operatingincomeloss": 684000000,
        "interestexpense": 57000000,
        "othernonoperatingincomeexpense": 33000000,
        "incomelossfromcontinuingoperationsbeforeincometaxesminorityinterestandincomelossfromequitymethodinvestments": 1074000000,
        "incometaxexpensebenefit": 92000000,
        "weightedaveragenumberofsharesoutstandingbasic": -2154000000,
        "weightedaveragenumberofdilutedsharesoutstanding": -2175000000
    },
    {
        "date": "2017-07-29",
        "symbol": "AMAT",
        "period": "Q3",
        "netincomeloss": 925000000,
        "othercomprehensiveincomeavailableforsalesecuritiesadjustmentnetoftaxportionattributabletoparent": 10000000,
        "othercomprehensiveincomederivativesqualifyingashedgesnetoftaxportionattributabletoparent": 1000000,
        "othercomprehensiveincomedefinedbenefitplansadjustmentnetoftaxportionattributabletoparent": 2000000,
        "othercomprehensiveincomelossnetoftaxportionattributabletoparent": 9000000,
        "comprehensiveincomenetoftax": 934000000,
        "salesrevenuenet": 2532000000,
        "costofgoodsandservicessold": 116000000,
        "grossprofit": 1700000000,
        "researchanddevelopmentexpense": 454000000,
        "sellingandmarketingexpense": 117000000,
        "generalandadministrativeexpense": 106000000,
        "operatingexpenses": 677000000,
        "operatingincomeloss": 874000000,
        "interestexpense": 59000000,
        "othernonoperatingincomeexpense": 14000000,
        "incomelossfromcontinuingoperationsbeforeincometaxesminorityinterestandincomelossfromequitymethodinvestments": 978000000,
        "incometaxexpensebenefit": 53000000,
        "earningspersharebasic": 0.86,
        "earningspersharediluted": 0.85,
        "weightedaveragenumberofsharesoutstandingbasic": 1071000000,
        "weightedaveragenumberofdilutedsharesoutstanding": 1083000000
    },
    {
        "date": "2017-04-29",
        "symbol": "AMAT",
        "period": "Q2",
        "netincomeloss": 824000000,
        "othercomprehensiveincomeavailableforsalesecuritiesadjustmentnetoftaxportionattributabletoparent": 14000000,
        "othercomprehensiveincomederivativesqualifyingashedgesnetoftaxportionattributabletoparent": -15000000,
        "othercomprehensiveincomedefinedbenefitplansadjustmentnetoftaxportionattributabletoparent": 3000000,
        "othercomprehensiveincomelossnetoftaxportionattributabletoparent": -4000000,
        "comprehensiveincomenetoftax": 820000000,
        "salesrevenuenet": 2404000000,
        "costofgoodsandservicessold": 120000000,
        "grossprofit": 1600000000,
        "researchanddevelopmentexpense": 437000000,
        "sellingandmarketingexpense": 116000000,
        "generalandadministrativeexpense": 107000000,
        "operatingexpenses": 660000000,
        "operatingincomeloss": 808000000,
        "interestexpense": 44000000,
        "othernonoperatingincomeexpense": 12000000,
        "incomelossfromcontinuingoperationsbeforeincometaxesminorityinterestandincomelossfromequitymethodinvestments": 908000000,
        "incometaxexpensebenefit": 84000000,
        "earningspersharebasic": 0.76,
        "earningspersharediluted": 0.76,
        "weightedaveragenumberofsharesoutstandingbasic": 1078000000,
        "weightedaveragenumberofdilutedsharesoutstanding": 1087000000
    },
    {
        "date": "2017-01-28",
        "symbol": "AMAT",
        "period": "Q1",
        "netincomeloss": 703000000,
        "othercomprehensiveincomeavailableforsalesecuritiesadjustmentnetoftaxportionattributabletoparent": 1000000,
        "othercomprehensiveincomederivativesqualifyingashedgesnetoftaxportionattributabletoparent": 15000000,
        "othercomprehensiveincomedefinedbenefitplansadjustmentnetoftaxportionattributabletoparent": 7000000,
        "othercomprehensiveincomelossnetoftaxportionattributabletoparent": 9000000,
        "comprehensiveincomenetoftax": 712000000,
        "salesrevenuenet": 3278000000,
        "costofgoodsandservicessold": 1833000000,
        "grossprofit": 1445000000,
        "researchanddevelopmentexpense": 417000000,
        "sellingandmarketingexpense": 118000000,
        "generalandadministrativeexpense": 103000000,
        "operatingexpenses": 638000000,
        "operatingincomeloss": 807000000,
        "interestexpense": 38000000,
        "othernonoperatingincomeexpense": 2000000,
        "incomelossfromcontinuingoperationsbeforeincometaxesminorityinterestandincomelossfromequitymethodinvestments": 771000000,
        "incometaxexpensebenefit": 68000000,
        "earningspersharebasicanddiluted": 0.65,
        "weightedaveragenumberofsharesoutstandingbasic": 1078000000,
        "weightedaveragenumberofdilutedsharesoutstanding": 1089000000
    },
    {
        "date": "2016-10-29",
        "symbol": "AMAT",
        "period": "Q4",
        "netincomeloss": 610000000,
        "othercomprehensiveincomeavailableforsalesecuritiesadjustmentnetoftaxportionattributabletoparent": -5000000,
        "othercomprehensiveincomederivativesqualifyingashedgesnetoftaxportionattributabletoparent": 13000000,
        "othercomprehensiveincomelossnetoftaxportionattributabletoparent": -28000000,
        "comprehensiveincomenetoftax": 582000000,
        "salesrevenuenet": -4131000000,
        "costofgoodsandservicessold": 3357000000,
        "grossprofit": 1399000000,
        "researchanddevelopmentexpense": 394000000,
        "sellingandmarketingexpense": 114000000,
        "generalandadministrativeexpense": 114000000,
        "derivativeinstrumentsnotdesignatedashedginginstrumentsgainlossnet": -8000000,
        "operatingexpenses": 622000000,
        "operatingincomeloss": -1722000000,
        "interestexpense": 38000000,
        "incomelossfromcontinuingoperationsbeforeincometaxesminorityinterestandincomelossfromequitymethodinvestments": 740000000,
        "incometaxexpensebenefit": 130000000,
        "weightedaveragenumberofsharesoutstandingbasic": -2235000000,
        "weightedaveragenumberofdilutedsharesoutstanding": -2250000000
    },
    {
        "date": "2016-07-30",
        "symbol": "AMAT",
        "period": "Q3",
        "netincomeloss": 505000000,
        "othercomprehensiveincomeavailableforsalesecuritiesadjustmentnetoftaxportionattributabletoparent": 17000000,
        "othercomprehensiveincomederivativesqualifyingashedgesnetoftaxportionattributabletoparent": -9000000,
        "othercomprehensiveincomelossnetoftaxportionattributabletoparent": 8000000,
        "comprehensiveincomenetoftax": 513000000,
        "salesrevenuenet": 1786000000,
        "costofgoodsandservicessold": 170000000,
        "grossprofit": 1192000000,
        "researchanddevelopmentexpense": 386000000,
        "sellingandmarketingexpense": 107000000,
        "generalandadministrativeexpense": 103000000,
        "derivativeinstrumentsnotdesignatedashedginginstrumentsgainlossnet": -31000000,
        "operatingexpenses": 596000000,
        "operatingincomeloss": 511000000,
        "interestexpense": 38000000,
        "othernonoperatingincomeexpense": 6000000,
        "incomelossfromcontinuingoperationsbeforeincometaxesminorityinterestandincomelossfromequitymethodinvestments": 564000000,
        "incometaxexpensebenefit": 59000000,
        "earningspersharebasic": 0.47,
        "earningspersharediluted": 0.46,
        "weightedaveragenumberofsharesoutstandingbasic": 1083000000,
        "weightedaveragenumberofdilutedsharesoutstanding": 1093000000
    },
    {
        "date": "2016-04-30",
        "symbol": "AMAT",
        "period": "Q2",
        "netincomeloss": 320000000,
        "othercomprehensiveincomeavailableforsalesecuritiesadjustmentnetoftaxportionattributabletoparent": 3000000,
        "othercomprehensiveincomederivativesqualifyingashedgesnetoftaxportionattributabletoparent": -4000000,
        "othercomprehensiveincomelossnetoftaxportionattributabletoparent": -1000000,
        "comprehensiveincomenetoftax": 319000000,
        "salesrevenuenet": 1587000000,
        "costofgoodsandservicessold": 1446000000,
        "grossprofit": 1004000000,
        "researchanddevelopmentexpense": 386000000,
        "sellingandmarketingexpense": 102000000,
        "generalandadministrativeexpense": 91000000,
        "derivativeinstrumentsnotdesignatedashedginginstrumentsgainlossnet": -32000000,
        "operatingexpenses": 579000000,
        "operatingincomeloss": 364000000,
        "interestexpense": 37000000,
        "othernonoperatingincomeexpense": 7000000,
        "incomelossfromcontinuingoperationsbeforeincometaxesminorityinterestandincomelossfromequitymethodinvestments": 395000000,
        "incometaxexpensebenefit": 75000000,
        "earningspersharebasic": 0.29,
        "earningspersharediluted": 0.29,
        "weightedaveragenumberofsharesoutstandingbasic": 1113000000,
        "weightedaveragenumberofdilutedsharesoutstanding": 1119000000
    },
    {
        "date": "2016-01-30",
        "symbol": "AMAT",
        "period": "Q1",
        "netincomeloss": 286000000,
        "othercomprehensiveincomeavailableforsalesecuritiesadjustmentnetoftaxportionattributabletoparent": 1000000,
        "othercomprehensiveincomederivativesqualifyingashedgesnetoftaxportionattributabletoparent": -3000000,
        "othercomprehensiveincomelossnetoftaxportionattributabletoparent": -2000000,
        "comprehensiveincomenetoftax": 284000000,
        "salesrevenuenet": 1373000000,
        "costofgoodsandservicessold": 1341000000,
        "grossprofit": 916000000,
        "researchanddevelopmentexpense": 374000000,
        "sellingandmarketingexpense": 106000000,
        "generalandadministrativeexpense": 82000000,
        "derivativeinstrumentsnotdesignatedashedginginstrumentsgainlossnet": -4000000,
        "operatingexpenses": 562000000,
        "operatingincomeloss": 265000000,
        "interestexpense": 42000000,
        "othernonoperatingincome": 2000000,
        "incomelossfromcontinuingoperationsbeforeincometaxesminorityinterestandincomelossfromequitymethodinvestments": 314000000,
        "incometaxexpensebenefit": 28000000,
        "earningspersharebasicanddiluted": 0.25,
        "weightedaveragenumberofsharesoutstandingbasic": 1146000000,
        "weightedaveragenumberofdilutedsharesoutstanding": 1154000000
    },
    {
        "date": "2015-10-24",
        "symbol": "AMAT",
        "period": "Q4",
        "netincomeloss": 336000000,
        "othercomprehensiveincomeavailableforsalesecuritiesadjustmentnetoftaxportionattributabletoparent": -7000000,
        "othercomprehensiveincomederivativesqualifyingashedgesnetoftaxportionattributabletoparent": -10000000,
        "othercomprehensiveincomeforeigncurrencytransactionandtranslationadjustmentnetoftaxportionattributabletoparent": 0,
        "othercomprehensiveincomelossnetoftaxportionattributabletoparent": 0,
        "comprehensiveincomenetoftax": 362000000,
        "salesrevenuenet": -3999000000,
        "costofgoodsandservicessold": 1409000000,
        "grossprofit": 959000000,
        "researchanddevelopmentexpense": 363000000,
        "sellingandmarketingexpense": 96000000,
        "generalandadministrativeexpense": 63000000,
        "operatingexpenses": 536000000,
        "operatingincomeloss": 1077000000,
        "interestexpense": 32000000,
        "othernonoperatingincome": 6000000,
        "incomelossfromcontinuingoperationsbeforeincometaxesminorityinterestandincomelossfromequitymethodinvestments": 397000000,
        "incometaxexpensebenefit": 61000000,
        "weightedaveragenumberofsharesoutstandingbasic": -11000000,
        "weightedaveragenumberofdilutedsharesoutstanding": -12000000
    },
    {
        "date": "2015-07-25",
        "symbol": "AMAT",
        "period": "Q3",
        "netincomeloss": 329000000,
        "othercomprehensiveincomeavailableforsalesecuritiesadjustmentnetoftaxportionattributabletoparent": 1000000,
        "othercomprehensiveincomederivativesqualifyingashedgesnetoftaxportionattributabletoparent": -5000000,
        "othercomprehensiveincomeforeigncurrencytransactionandtranslationadjustmentnetoftaxportionattributabletoparent": 11000000,
        "othercomprehensiveincomelossnetoftaxportionattributabletoparent": 58000000,
        "comprehensiveincomenetoftax": 336000000,
        "salesrevenuenet": 722000000,
        "costofgoodsandservicessold": 1472000000,
        "grossprofit": 1018000000,
        "researchanddevelopmentexpense": 372000000,
        "sellingandmarketingexpense": 112000000,
        "generalandadministrativeexpense": 135000000,
        "operatingexpenses": 622000000,
        "operatingincomeloss": 260000000,
        "interestexpense": 24000000,
        "othernonoperatingincome": 3000000,
        "incomelossfromcontinuingoperationsbeforeincometaxesminorityinterestandincomelossfromequitymethodinvestments": 375000000,
        "incometaxexpensebenefit": 46000000,
        "weightedaveragenumberofsharesoutstandingbasic": -1229000000,
        "weightedaveragenumberofdilutedsharesoutstanding": -1243000000
    },
    {
        "date": "2015-04-25",
        "symbol": "AMAT",
        "period": "Q2",
        "netincomeloss": 364000000,
        "othercomprehensiveincomeavailableforsalesecuritiesadjustmentnetoftaxportionattributabletoparent": -3000000,
        "othercomprehensiveincomederivativesqualifyingashedgesnetoftaxportionattributabletoparent": -1000000,
        "othercomprehensiveincomedefinedbenefitplansadjustmentnetoftaxportionattributabletoparent": 43000000,
        "othercomprehensiveincomeforeigncurrencytransactionandtranslationadjustmentnetoftaxportionattributabletoparent": -1000000,
        "othercomprehensiveincomelossnetoftaxportionattributabletoparent": -48000000,
        "comprehensiveincomenetoftax": 316000000,
        "salesrevenuenet": 1560000000,
        "costofgoodsandservicessold": 1426000000,
        "grossprofit": 1016000000,
        "researchanddevelopmentexpense": 365000000,
        "sellingandmarketingexpense": 109000000,
        "generalandadministrativeexpense": 140000000,
        "derivativeinstrumentsnotdesignatedashedginginstrumentsgainlossnet": 13000000,
        "operatingexpenses": 600000000,
        "operatingincomeloss": 374000000,
        "interestexpense": 24000000,
        "othernonoperatingincome": -3000000,
        "incomelossfromcontinuingoperationsbeforeincometaxesminorityinterestandincomelossfromequitymethodinvestments": 389000000,
        "incometaxexpensebenefit": 25000000,
        "earningspersharebasic": 0.3,
        "earningspersharediluted": 0.29,
        "weightedaveragenumberofsharesoutstandingbasic": 1230000000,
        "weightedaveragenumberofdilutedsharesoutstanding": 1241000000
    },
    {
        "date": "2015-01-24",
        "symbol": "AMAT",
        "period": "Q1",
        "netincomeloss": 348000000,
        "othercomprehensiveincomeavailableforsalesecuritiesadjustmentnetoftaxportionattributabletoparent": -1000000,
        "othercomprehensiveincomederivativesqualifyingashedgesnetoftaxportionattributabletoparent": 1000000,
        "othercomprehensiveincomeforeigncurrencytransactionandtranslationadjustmentnetoftaxportionattributabletoparent": -1000000,
        "othercomprehensiveincomelossnetoftaxportionattributabletoparent": -1000000,
        "comprehensiveincomenetoftax": 347000000,
        "salesrevenuenet": 2359000000,
        "costofgoodsandservicessold": 1400000000,
        "grossprofit": 959000000,
        "researchanddevelopmentexpense": 351000000,
        "sellingandmarketingexpense": 111000000,
        "generalandadministrativeexpense": 117000000,
        "gainlossonforeigncurrencyderivativeinstrumentsnotdesignatedashedginginstruments": 78000000,
        "operatingexpenses": 501000000,
        "operatingincomeloss": 458000000,
        "interestexpense": 23000000,
        "othernonoperatingincome": 2000000,
        "incomelossfromcontinuingoperationsbeforeincometaxesminorityinterestandincomelossfromequitymethodinvestments": 437000000,
        "incometaxexpensebenefit": 89000000,
        "earningspersharebasicanddiluted": 0.28,
        "weightedaveragenumberofsharesoutstandingbasic": 1224000000,
        "weightedaveragenumberofdilutedsharesoutstanding": 1240000000
    },
    {
        "date": "2014-10-25",
        "symbol": "AMAT",
        "period": "Q4",
        "netincomeloss": 256000000,
        "othercomprehensiveincomeavailableforsalesecuritiesadjustmentnetoftaxportionattributabletoparent": 0,
        "othercomprehensiveincomelossnetoftaxportionattributabletoparent": 0,
        "comprehensiveincomenetoftax": 222000000,
        "salesrevenuenet": 592000000,
        "costofgoodsandservicessold": 1305000000,
        "grossprofit": 959000000,
        "researchanddevelopmentexpense": 360000000,
        "sellingandmarketingexpense": 99000000,
        "generalandadministrativeexpense": 90000000,
        "operatingexpenses": 547000000,
        "operatingincomeloss": -957000000,
        "interestexpense": 23000000,
        "othernonoperatingincome": 9000000,
        "incomelossfromcontinuingoperationsbeforeincometaxesminorityinterestandincomelossfromequitymethodinvestments": 398000000,
        "incometaxexpensebenefit": 142000000,
        "weightedaveragenumberofsharesoutstandingbasic": 2000000,
        "weightedaveragenumberofdilutedsharesoutstanding": 1000000
    },
    {
        "date": "2014-07-26",
        "symbol": "AMAT",
        "period": "Q3",
        "netincomeloss": 549000000,
        "othercomprehensiveincomeavailableforsalesecuritiesadjustmentnetoftaxportionattributabletoparent": -1000000,
        "othercomprehensiveincomederivativesqualifyingashedgesnetoftaxportionattributabletoparent": 0,
        "othercomprehensiveincomeforeigncurrencytransactionandtranslationadjustmentnetoftaxportionattributabletoparent": 0,
        "othercomprehensiveincomelossnetoftaxportionattributabletoparent": -1000000,
        "comprehensiveincomenetoftax": 300000000,
        "salesrevenuenet": -23000000,
        "costofgoodsandservicessold": 2569000000,
        "grossprofit": 992000000,
        "researchanddevelopmentexpense": 357000000,
        "sellingandmarketingexpense": 108000000,
        "generalandadministrativeexpense": 222000000,
        "operatingexpenses": 601000000,
        "operatingincomeloss": 1177000000,
        "interestexpense": 24000000,
        "othernonoperatingincome": 5000000,
        "incomelossfromcontinuingoperationsbeforeincometaxesminorityinterestandincomelossfromequitymethodinvestments": 370000000,
        "incometaxexpensebenefit": 128000000,
        "weightedaveragenumberofsharesoutstandingbasic": -1209000000,
        "weightedaveragenumberofdilutedsharesoutstanding": -1224000000
    },
    {
        "date": "2014-04-26",
        "symbol": "AMAT",
        "period": "Q2",
        "netincomeloss": 262000000,
        "othercomprehensiveincomeavailableforsalesecuritiesadjustmentnetoftaxportionattributabletoparent": 3000000,
        "othercomprehensiveincomederivativesqualifyingashedgesnetoftaxportionattributabletoparent": -1000000,
        "othercomprehensiveincomeforeigncurrencytransactionandtranslationadjustmentnetoftaxportionattributabletoparent": 1000000,
        "othercomprehensiveincomelossnetoftaxportionattributabletoparent": 3000000,
        "comprehensiveincomenetoftax": 265000000,
        "salesrevenuenet": 147000000,
        "costofgoodsandservicessold": 1352000000,
        "grossprofit": 1001000000,
        "researchanddevelopmentexpense": 355000000,
        "sellingandmarketingexpense": 107000000,
        "generalandadministrativeexpense": 152000000,
        "operatingexpenses": 614000000,
        "operatingincomeloss": 26000000,
        "interestexpense": 23000000,
        "othernonoperatingincome": 1000000,
        "incomelossfromcontinuingoperationsbeforeincometaxesminorityinterestandincomelossfromequitymethodinvestments": 365000000,
        "incometaxexpensebenefit": 103000000,
        "earningspersharebasic": 0.22,
        "earningspersharediluted": 0.21,
        "weightedaveragenumberofsharesoutstandingbasic": 1216000000,
        "weightedaveragenumberofdilutedsharesoutstanding": 1229000000
    },
    {
        "date": "2014-01-25",
        "symbol": "AMAT",
        "period": "Q1",
        "netincomeloss": 5000000,
        "othercomprehensiveincomeavailableforsalesecuritiesadjustmentnetoftaxportionattributabletoparent": -3000000,
        "othercomprehensiveincomederivativesqualifyingashedgesnetoftaxportionattributabletoparent": -1000000,
        "othercomprehensiveincomeforeigncurrencytransactionandtranslationadjustmentnetoftaxportionattributabletoparent": -2000000,
        "othercomprehensiveincomelossnetoftaxportionattributabletoparent": -3000000,
        "comprehensiveincomenetoftax": 247000000,
        "salesrevenuenet": 1484000000,
        "costofgoodsandservicessold": 3000000,
        "grossprofit": 891000000,
        "researchanddevelopmentexpense": 356000000,
        "sellingandmarketingexpense": 109000000,
        "generalandadministrativeexpense": 3000000,
        "restructuringsettlementandimpairmentprovisionsexcludingimpairmentsofgoodwillandintangibleassets": 7000000,
        "operatingexpenses": 561000000,
        "operatingincomeloss": -117000000,
        "otherthantemporaryimpairmentlossesinvestmentsportionrecognizedinearningsnet": 3000000,
        "interestexpense": 25000000,
        "othernonoperatingincome": 8000000,
        "incomelossfromcontinuingoperationsbeforeincometaxesminorityinterestandincomelossfromequitymethodinvestments": 315000000,
        "incometaxexpensebenefit": 3000000,
        "earningspersharebasicanddiluted": 0.21,
        "weightedaveragenumberofsharesoutstandingbasic": 1206000000,
        "weightedaveragenumberofdilutedsharesoutstanding": 1225000000
    },
    {
        "date": "2013-10-26",
        "symbol": "AMAT",
        "period": "Q4",
        "netincomeloss": 183000000,
        "comprehensiveincomenetoftax": 206000000,
        "salesrevenuenet": -698000000,
        "costofgoodsandservicessold": 1193000000,
        "grossprofit": 795000000,
        "researchanddevelopmentexpense": 338000000,
        "operatingexpenses": 584000000,
        "operatingincomeloss": -51000000,
        "incomelossfromcontinuingoperationsbeforeincometaxesminorityinterestandincomelossfromequitymethodinvestments": 194000000,
        "incometaxexpensebenefit": 11000000,
        "weightedaveragenumberofsharesoutstandingbasic": 1000000,
        "weightedaveragenumberofdilutedsharesoutstanding": 1000000
    },
    {
        "date": "2013-07-27",
        "symbol": "AMAT",
        "period": "Q3",
        "netincomeloss": 168000000,
        "comprehensiveincomenetoftax": 161000000,
        "salesrevenuenet": 922000000,
        "costofgoodsandservicessold": 1169000000,
        "grossprofit": 806000000,
        "researchanddevelopmentexpense": 334000000,
        "operatingexpenses": 556000000,
        "operatingincomeloss": 288000000,
        "othernonoperatingincome": 4000000,
        "incomelossfromcontinuingoperationsbeforeincometaxesminorityinterestandincomelossfromequitymethodinvestments": 228000000,
        "incometaxexpensebenefit": 60000000,
        "weightedaveragenumberofsharesoutstandingbasic": -1200000000,
        "weightedaveragenumberofdilutedsharesoutstanding": -1197000000
    },
    {
        "date": "2013-04-27",
        "symbol": "AMAT",
        "period": "Q2",
        "netincomeloss": -129000000,
        "othercomprehensiveincomelossavailableforsalesecuritiesadjustmentnetoftax": 7000000,
        "othercomprehensiveincomelossderivativesqualifyingashedgesnetoftax": 2000000,
        "othercomprehensiveincomedefinedbenefitplansnetunamortizedgainlossarisingduringperiodnetoftax": 1000000,
        "othercomprehensiveincomelossforeigncurrencytransactionandtranslationadjustmentnetoftax": -2000000,
        "othercomprehensiveincomelossnetoftax": 8000000,
        "comprehensiveincomenetoftax": -121000000,
        "salesrevenuenet": 517000000,
        "costofgoodsandservicessold": 1165000000,
        "grossprofit": 808000000,
        "researchanddevelopmentexpense": 344000000,
        "sellinggeneralandadministrativeexpense": 244000000,
        "goodwillandintangibleassetimpairment": 278000000,
        "restructuringsettlementandimpairmentprovisions": 5000000,
        "operatingexpenses": 876000000,
        "operatingincomeloss": -322000000,
        "otherthantemporaryimpairmentlossesinvestmentsportionrecognizedinearningsnet": 2000000,
        "interestexpense": 24000000,
        "othernonoperatingincome": 4000000,
        "incomelossfromcontinuingoperationsbeforeincometaxesminorityinterestandincomelossfromequitymethodinvestments": -90000000,
        "incometaxexpensebenefit": 39000000,
        "earningspersharebasicanddiluted": -0.11,
        "weightedaveragenumberofsharesoutstandingbasic": 1203000000,
        "weightedaveragenumberofdilutedsharesoutstanding": 1203000000
    },
    {
        "date": "2013-01-26",
        "symbol": "AMAT",
        "period": "Q1",
        "netincomeloss": 34000000,
        "othercomprehensiveincomederivativesqualifyingashedgesnetoftaxperiodincreasedecrease": 5000000,
        "othercomprehensiveincomeminimumpensionliabilitynetadjustmentnetoftax": 3000000,
        "othercomprehensiveincomeforeigncurrencytransactionandtranslationadjustmentnetoftaxperiodincreasedecrease": -3000000,
        "othercomprehensiveincomelossnetoftaxperiodincreasedecrease": -1000000,
        "comprehensiveincomenetoftax": 33000000,
        "salesrevenuenet": 46000000,
        "costofgoodsandservicessold": 991000000,
        "grossprofit": 582000000,
        "researchanddevelopmentexpense": 304000000,
        "sellinggeneralandadministrativeexpense": 230000000,
        "restructuringsettlementandimpairmentprovisions": 3000000,
        "operatingexpenses": 543000000,
        "operatingincomeloss": 89000000,
        "interestexpense": 24000000,
        "othernonoperatingincome": 3000000,
        "incomelossfromcontinuingoperationsbeforeincometaxesminorityinterestandincomelossfromequitymethodinvestments": 18000000,
        "incometaxexpensebenefit": -16000000,
        "earningspersharebasicanddiluted": 0.03,
        "weightedaveragenumberofsharesoutstandingbasic": 1198000000,
        "weightedaveragenumberofdilutedsharesoutstanding": 1212000000
    },
    {
        "date": "2012-10-27",
        "symbol": "AMAT",
        "period": "Q4",
        "netincomeloss": -515000000,
        "comprehensiveincomenetoftax": -571000000,
        "salesrevenuenet": -4241000000,
        "costofgoodsandservicessold": 1059000000,
        "grossprofit": 587000000,
        "researchanddevelopmentexpense": 304000000,
        "sellinggeneralandadministrativeexpense": 237000000,
        "operatingexpenses": 1086000000,
        "operatingincomeloss": -480000000,
        "interestexpense": 23000000,
        "othernonoperatingincome": 4000000,
        "incomelossfromcontinuingoperationsbeforeincometaxesminorityinterestandincomelossfromequitymethodinvestments": -532000000,
        "incometaxexpensebenefit": -17000000,
        "weightedaveragenumberofsharesoutstandingbasic": -16000000,
        "weightedaveragenumberofdilutedsharesoutstanding": -15000000
    },
    {
        "date": "2012-07-28",
        "symbol": "AMAT",
        "period": "Q3",
        "netincomeloss": 218000000,
        "comprehensiveincomenetoftax": 206000000,
        "salesrevenuenet": 4380000000,
        "costofgoodsandservicessold": 1414000000,
        "grossprofit": 929000000,
        "researchanddevelopmentexpense": 308000000,
        "sellinggeneralandadministrativeexpense": 255000000,
        "operatingexpenses": 607000000,
        "operatingincomeloss": -963000000,
        "interestexpense": 25000000,
        "othernonoperatingincome": 5000000,
        "incomelossfromcontinuingoperationsbeforeincometaxesminorityinterestandincomelossfromequitymethodinvestments": 302000000,
        "incometaxexpensebenefit": 84000000,
        "weightedaveragenumberofsharesoutstandingbasic": -12000000,
        "weightedaveragenumberofdilutedsharesoutstanding": -13000000
    },
    {
        "date": "2012-04-28",
        "symbol": "AMAT",
        "period": "Q2",
        "netincomeloss": 289000000,
        "othercomprehensiveincomelossnetoftaxperiodincreasedecrease": 0,
        "comprehensiveincomenetoftax": 289000000,
        "salesrevenuenet": -1903000000,
        "costofgoodsandservicessold": 1530000000,
        "grossprofit": 1011000000,
        "researchanddevelopmentexpense": 321000000,
        "sellinggeneralandadministrativeexpense": 281000000,
        "operatingexpenses": 602000000,
        "operatingincomeloss": 415000000,
        "interestexpense": 23000000,
        "othernonoperatingincome": 4000000,
        "incomelossfromcontinuingoperationsbeforeincometaxesminorityinterestandincomelossfromequitymethodinvestments": 387000000,
        "incometaxexpensebenefit": 98000000,
        "earningspersharebasicanddiluted": 0.22,
        "weightedaveragenumberofsharesoutstandingbasic": -5000000,
        "weightedaveragenumberofdilutedsharesoutstanding": -5000000
    },
    {
        "date": "2012-01-28",
        "symbol": "AMAT",
        "period": "Q1",
        "salesrevenuenet": 2189000000,
        "costofgoodsandservicessold": 1403000000,
        "grossprofit": 786000000,
        "researchanddevelopmentexpense": 304000000,
        "sellinggeneralandadministrativeexpense": 303000000,
        "operatingexpenses": 607000000,
        "operatingincomeloss": 360000000,
        "interestexpense": 24000000,
        "othernonoperatingincome": 4000000,
        "incomelossfromcontinuingoperationsbeforeincometaxesminorityinterestandincomelossfromequitymethodinvestments": 159000000,
        "incometaxexpensebenefit": 42000000,
        "netincomeloss": 117000000,
        "earningspersharebasicanddiluted": 0.09,
        "weightedaveragenumberofsharesoutstandingbasic": 1299000000,
        "weightedaveragenumberofdilutedsharesoutstanding": 1310000000,
        "othercomprehensiveincomeunrealizedholdinggainlossonsecuritiesarisingduringperiodnetoftax": 1000000,
        "othercomprehensiveincomelossnetoftaxperiodincreasedecrease": 1000000,
        "comprehensiveincomenetoftax": 118000000
    },
    {
        "date": "2011-07-30",
        "symbol": "AMAT",
        "period": "Q3",
        "salesrevenuenet": 2787000000,
        "costofgoodsandservicessold": 1603000000,
        "grossprofit": 1184000000,
        "researchanddevelopmentexpense": 283000000,
        "restructuringsettlementandimpairmentprovisions": 3000000,
        "operatingexpenses": 498000000,
        "operatingincomeloss": 1009000000,
        "interestexpense": 25000000,
        "othernonoperatingincome": 8000000,
        "incomelossfromcontinuingoperationsbeforeincometaxesminorityinterestandincomelossfromequitymethodinvestments": 669000000,
        "incometaxexpensebenefit": 193000000,
        "netincomeloss": 476000000,
        "weightedaveragenumberofsharesoutstandingbasic": -1000000,
        "weightedaveragenumberofdilutedsharesoutstanding": 0,
        "stockholdersequity": 369000000,
        "sharesissued": 762000000,
        "othercomprehensiveincomeunrealizedholdinggainlossonsecuritiesarisingduringperiodnetoftax": 0,
        "othercomprehensiveincomeunrealizedgainlossonderivativesarisingduringperiodnetoftax": -6000000,
        "comprehensiveincomenetoftax": 471000000,
        "dividendscommonstockcash": 106000000,
        "adjustmentstoadditionalpaidincapitalsharebasedcompensationrequisiteserviceperiodrecognitionvalue": 38000000,
        "stockissuedduringperiodvalueemployeestockpurchaseplan": -9000000,
        "stockissuedduringperiodsharesemployeestockpurchaseplans": 1000000,
        "treasurystockvalueacquiredcostmethod": 25000000,
        "treasurystocksharesacquired": -39000000
    },
    {
        "date": "2011-04-30",
        "symbol": "AMAT",
        "period": "Q2",
        "salesrevenuenet": 2863000000,
        "costofgoodsandservicessold": 1674000000,
        "grossprofit": 1189000000,
        "researchanddevelopmentexpense": 297000000,
        "generalandadministrativeexpense": 112000000,
        "sellingandmarketingexpense": 107000000,
        "restructuringsettlementandimpairmentprovisions": -4000000,
        "operatingexpenses": 512000000,
        "operatingincomeloss": 677000000,
        "interestexpense": 5000000,
        "othernonoperatingincome": 14000000,
        "incomelossfromcontinuingoperationsbeforeincometaxesminorityinterestandincomelossfromequitymethodinvestments": 686000000,
        "incometaxexpensebenefit": 197000000,
        "netincomeloss": 489000000,
        "earningspersharebasicanddiluted": 0.37,
        "weightedaveragenumberofsharesoutstandingbasic": -2000000,
        "weightedaveragenumberofdilutedsharesoutstanding": -2000000,
        "stockholdersequity": 343000000,
        "sharesissued": -763000000,
        "othercomprehensiveincomeunrealizedholdinggainlossonsecuritiesarisingduringperiodnetoftax": -1000000,
        "othercomprehensiveincomeunrealizedgainlossonderivativesarisingduringperiodnetoftax": 3000000,
        "comprehensiveincomenetoftax": 490000000,
        "dividendscommonstockcash": 290000000,
        "adjustmentstoadditionalpaidincapitalsharebasedcompensationrequisiteserviceperiodrecognitionvalue": 39000000,
        "stockissuedduringperiodvalueemployeestockpurchaseplan": 38000000,
        "stockissuedduringperiodsharesemployeestockpurchaseplans": 7000000,
        "treasurystockvalueacquiredcostmethod": 418000000,
        "treasurystocksharesacquired": 30000000
    },
    {
        "date": "2011-01-29",
        "symbol": "AMAT",
        "period": "Q1",
        "salesrevenuenet": 2686000000,
        "costofgoodsandservicessold": 1550000000,
        "grossprofit": 1136000000,
        "researchanddevelopmentexpense": 270000000,
        "generalandadministrativeexpense": 112000000,
        "sellingandmarketingexpense": 109000000,
        "restructuringsettlementandimpairmentprovisions": -29000000,
        "operatingexpenses": 462000000,
        "operatingincomeloss": 674000000,
        "interestexpense": 5000000,
        "othernonoperatingincome": 11000000,
        "incomelossfromcontinuingoperationsbeforeincometaxesminorityinterestandincomelossfromequitymethodinvestments": 680000000,
        "incometaxexpensebenefit": 174000000,
        "netincomeloss": 506000000,
        "earningspersharebasicanddiluted": 0.38,
        "weightedaveragenumberofsharesoutstandingbasic": 1324000000,
        "weightedaveragenumberofdilutedsharesoutstanding": 1335000000,
        "stockholdersequity": 7839000000,
        "sharesissued": 1319000000,
        "othercomprehensiveincomeunrealizedholdinggainlossonsecuritiesarisingduringperiodnetoftax": -1000000,
        "othercomprehensiveincomeunrealizedgainlossonderivativesarisingduringperiodnetoftax": -1000000,
        "comprehensiveincomenetoftax": 504000000,
        "dividendscommonstockcash": -92000000,
        "adjustmentstoadditionalpaidincapitalsharebasedcompensationrequisiteserviceperiodrecognitionvalue": 33000000,
        "stockissuedduringperiodvalueemployeestockpurchaseplan": 8000000,
        "stockissuedduringperiodsharesemployeestockpurchaseplans": 2000000,
        "treasurystockvalueacquiredcostmethod": -150000000,
        "treasurystocksharesacquired": -11000000
    },
    {
        "date": "2010-07-31",
        "symbol": "AMAT",
        "period": "Q3",
        "salesrevenuenet": 2517790000,
        "costofgoodsandservicessold": 1657662000,
        "grossprofit": 860128000,
        "researchanddevelopmentexpense": 290398000,
        "generalandadministrativeexpense": 145994000,
        "sellingandmarketingexpense": 105754000,
        "restructuringsettlementandimpairmentprovisions": 135331000,
        "operatingincomeloss": 182651000,
        "impairmentofinvestments": 7804000,
        "interestexpense": 5496000,
        "othernonoperatingincome": 8480000,
        "incomelossfromcontinuingoperationsbeforeincometaxesminorityinterestandincomelossfromequitymethodinvestments": 177831000,
        "incometaxexpensebenefit": 54735000,
        "netincomeloss": 123096000,
        "earningspersharebasic": 0.08999999999999997,
        "earningspersharediluted": 0.08999999999999997,
        "weightedaveragenumberofsharesoutstandingbasic": -1161000,
        "weightedaveragenumberofdilutedsharesoutstanding": -215000
    },
    {
        "date": "2010-05-01",
        "symbol": "AMAT",
        "period": "Q2",
        "salesrevenuenet": 2295540000,
        "costofgoodsandservicessold": 1368648000,
        "grossprofit": 926892000,
        "researchanddevelopmentexpense": 305928000,
        "generalandadministrativeexpense": 125779000,
        "sellingandmarketingexpense": 100420000,
        "restructuringsettlementandimpairmentprovisions": 8968000,
        "operatingincomeloss": 385797000,
        "impairmentofinvestments": 3671000,
        "interestexpense": 5206000,
        "othernonoperatingincome": 10132000,
        "incomelossfromcontinuingoperationsbeforeincometaxesminorityinterestandincomelossfromequitymethodinvestments": 387052000,
        "incometaxexpensebenefit": 123048000,
        "netincomeloss": 264004000,
        "earningspersharebasic": 0.2,
        "earningspersharediluted": 0.2,
        "weightedaveragenumberofsharesoutstandingbasic": 1288000,
        "weightedaveragenumberofdilutedsharesoutstanding": 1235000
    },
    {
        "date": "2010-01-30",
        "symbol": "AMAT",
        "period": "Q1",
        "salesrevenuenet": 1848902000,
        "costofgoodsandservicessold": 1137718000,
        "grossprofit": 711184000,
        "researchanddevelopmentexpense": 269003000,
        "generalandadministrativeexpense": 124799000,
        "sellingandmarketingexpense": 97195000,
        "restructuringsettlementandimpairmentprovisions": 103844000,
        "operatingincomeloss": 116343000,
        "impairmentofinvestments": 1190000,
        "interestexpense": 5060000,
        "othernonoperatingincome": 8641000,
        "incomelossfromcontinuingoperationsbeforeincometaxesminorityinterestandincomelossfromequitymethodinvestments": 118734000,
        "incometaxexpensebenefit": 35983000,
        "netincomeloss": 82751000,
        "earningspersharebasic": 0.06,
        "earningspersharediluted": 0.06,
        "weightedaveragenumberofsharesoutstandingbasic": 1341941000,
        "weightedaveragenumberofdilutedsharesoutstanding": 1349567000
    }
]