[
    {
        "date": "2024-03-30",
        "symbol": "ROK",
        "period": "Q2",
        "revenuefromcontractwithcustomerexcludingassessedtax": 1891200000,
        "costofgoodsandservicessold": 1165300000,
        "grossprofit": 833400000,
        "sellinggeneralandadministrativeexpense": 501400000,
        "gainlossoninvestments": 2800000,
        "otherincomeexpense": 14800000,
        "interestexpense": 39200000,
        "incomelossfromcontinuingoperationsbeforeincometaxesextraordinaryitemsnoncontrollinginterest": 310400000,
        "incometaxexpensebenefit": 45100000,
        "profitloss": 265300000,
        "netincomelossattributabletononcontrollinginterest": -900000,
        "netincomeloss": 266200000,
        "earningspersharebasic": 2.32,
        "earningspersharediluted": 2.31,
        "weightedaveragenumberofsharesoutstandingbasic": 114300000,
        "weightedaveragenumberofdilutedsharesoutstanding": 114800000,
        "othercomprehensiveincomelosspensionandotherpostretirementbenefitplansadjustmentnetoftax": -600000,
        "othercomprehensiveincomelossforeigncurrencytransactionandtranslationadjustmentnetoftax": -43600000,
        "othercomprehensiveincomelosscashflowhedgegainlossafterreclassificationandtaxparent": 10700000,
        "othercomprehensiveincomelossnetoftax": -32300000,
        "comprehensiveincomenetoftaxincludingportionattributabletononcontrollinginterest": 233000000,
        "comprehensiveincomenetoftaxattributabletononcontrollinginterest": -1000000,
        "comprehensiveincomenetoftax": 234000000,
        "othercomprehensiveincomelosscashflowhedgegainlossafterreclassificationtaxparent": 4200000
    },
    {
        "date": "2023-12-30",
        "symbol": "ROK",
        "period": "Q1",
        "revenuefromcontractwithcustomerexcludingassessedtax": 1833200000,
        "costofgoodsandservicessold": 1130100000,
        "grossprofit": 794600000,
        "sellinggeneralandadministrativeexpense": 513700000,
        "gainlossoninvestments": 3100000,
        "otherincomeexpense": 8900000,
        "interestexpense": 33300000,
        "incomelossfromcontinuingoperationsbeforeincometaxesextraordinaryitemsnoncontrollinginterest": 259600000,
        "incometaxexpensebenefit": 46900000,
        "profitloss": 212700000,
        "netincomelossattributabletononcontrollinginterest": -2500000,
        "netincomeloss": 215200000,
        "earningspersharebasic": 1.87,
        "earningspersharediluted": 1.86,
        "weightedaveragenumberofsharesoutstandingbasic": 114600000,
        "weightedaveragenumberofdilutedsharesoutstanding": 115200000,
        "othercomprehensiveincomelosspensionandotherpostretirementbenefitplansadjustmentnetoftax": -100000,
        "othercomprehensiveincomelossforeigncurrencytransactionandtranslationadjustmentnetoftax": 84200000,
        "othercomprehensiveincomelosscashflowhedgegainlossafterreclassificationandtaxparent": -23900000,
        "othercomprehensiveincomelossnetoftax": 60400000,
        "comprehensiveincomenetoftaxincludingportionattributabletononcontrollinginterest": 273100000,
        "comprehensiveincomenetoftaxattributabletononcontrollinginterest": -2400000,
        "comprehensiveincomenetoftax": 275500000,
        "othercomprehensiveincomelosscashflowhedgegainlossafterreclassificationtaxparent": -9000000
    },
    {
        "date": "2023-09-29",
        "symbol": "ROK",
        "period": "Q4",
        "revenuefromcontractwithcustomerexcludingassessedtax": 2333500000,
        "costofgoodsandservicessold": 1367800000,
        "grossprofit": 1055500000,
        "sellinggeneralandadministrativeexpense": 551600000,
        "gainlossoninvestments": -10000000,
        "otherincomeexpense": 12000000,
        "interestexpense": 31000000,
        "incomelossfromcontinuingoperationsbeforeincometaxesextraordinaryitemsnoncontrollinginterest": 317400000,
        "incometaxexpensebenefit": 111700000,
        "profitloss": 205700000,
        "netincomelossattributabletononcontrollinginterest": -97200000,
        "netincomeloss": 302900000,
        "earningspersharebasic": 2.629999999999999,
        "earningspersharediluted": 2.6,
        "weightedaveragenumberofsharesoutstandingbasic": -229600000,
        "weightedaveragenumberofdilutedsharesoutstanding": -231100000,
        "othercomprehensiveincomelosspensionandotherpostretirementbenefitplansadjustmentnetoftax": 30500000,
        "othercomprehensiveincomelossforeigncurrencytransactionandtranslationadjustmentnetoftax": -47200000,
        "othercomprehensiveincomelosscashflowhedgegainlossafterreclassificationandtaxparent": 13100000,
        "othercomprehensiveincomelossnetoftax": -64600000,
        "comprehensiveincomenetoftaxincludingportionattributabletononcontrollinginterest": 141100000,
        "comprehensiveincomenetoftaxattributabletononcontrollinginterest": -97200000,
        "comprehensiveincomenetoftax": 238300000,
        "othercomprehensiveincomelosspensionandotherpostretirementbenefitplanstax": -38000000
    },
    {
        "date": "2023-06-29",
        "symbol": "ROK",
        "period": "Q3",
        "revenuefromcontractwithcustomerexcludingassessedtax": 2031800000,
        "costofgoodsandservicessold": 1189900000,
        "grossprofit": 915400000,
        "sellinggeneralandadministrativeexpense": 501400000,
        "gainlossoninvestments": 85700000,
        "otherincomeexpense": 6500000,
        "interestexpense": 34400000,
        "incomelossfromcontinuingoperationsbeforeincometaxesextraordinaryitemsnoncontrollinginterest": 471800000,
        "incometaxexpensebenefit": 73100000,
        "profitloss": 398700000,
        "netincomelossattributabletononcontrollinginterest": -1500000,
        "netincomeloss": 400200000,
        "earningspersharebasic": 3.47,
        "earningspersharediluted": 3.45,
        "weightedaveragenumberofsharesoutstandingbasic": 114800000,
        "weightedaveragenumberofdilutedsharesoutstanding": 115600000,
        "othercomprehensiveincomelosspensionandotherpostretirementbenefitplansadjustmentnetoftax": -41300000,
        "othercomprehensiveincomelossforeigncurrencytransactionandtranslationadjustmentnetoftax": 35500000,
        "othercomprehensiveincomelosscashflowhedgegainlossafterreclassificationandtaxparent": -5700000,
        "othercomprehensiveincomelossnetoftax": 71100000,
        "comprehensiveincomenetoftaxincludingportionattributabletononcontrollinginterest": 469800000,
        "comprehensiveincomenetoftaxattributabletononcontrollinginterest": -1000000,
        "comprehensiveincomenetoftax": 470800000,
        "othercomprehensiveincomelosspensionandotherpostretirementbenefitplanstax": 12800000,
        "othercomprehensiveincomelosscashflowhedgegainlossafterreclassificationtaxparent": -2100000
    },
    {
        "date": "2023-03-30",
        "symbol": "ROK",
        "period": "Q2",
        "revenuefromcontractwithcustomerexcludingassessedtax": 2069900000,
        "costofgoodsandservicessold": 1206300000,
        "grossprofit": 932500000,
        "sellinggeneralandadministrativeexpense": 501200000,
        "gainlossoninvestments": 63000000,
        "otherincomeexpense": -107100000,
        "interestexpense": 35800000,
        "incomelossfromcontinuingoperationsbeforeincometaxesextraordinaryitemsnoncontrollinginterest": 351400000,
        "incometaxexpensebenefit": 56500000,
        "profitloss": 294900000,
        "netincomelossattributabletononcontrollinginterest": -5400000,
        "netincomeloss": 300300000,
        "earningspersharebasic": 2.6,
        "earningspersharediluted": 2.59,
        "weightedaveragenumberofsharesoutstandingbasic": 114800000,
        "weightedaveragenumberofdilutedsharesoutstanding": 115600000,
        "othercomprehensiveincomelosspensionandotherpostretirementbenefitplansadjustmentnetoftax": -31100000,
        "othercomprehensiveincomelossforeigncurrencytransactionandtranslationadjustmentnetoftax": 25300000,
        "othercomprehensiveincomelosscashflowhedgegainlossafterreclassificationandtaxparent": 300000,
        "othercomprehensiveincomelossnetoftax": 56700000,
        "comprehensiveincomenetoftaxincludingportionattributabletononcontrollinginterest": 351600000,
        "comprehensiveincomenetoftaxattributabletononcontrollinginterest": -5800000,
        "comprehensiveincomenetoftax": 357400000,
        "othercomprehensiveincomelosspensionandotherpostretirementbenefitplanstax": 10200000,
        "othercomprehensiveincomelosscashflowhedgegainlossafterreclassificationtaxparent": 400000
    },
    {
        "date": "2022-12-30",
        "symbol": "ROK",
        "period": "Q1",
        "revenuefromcontractwithcustomerexcludingassessedtax": 1789700000,
        "costofgoodsandservicessold": 1044700000,
        "grossprofit": 813600000,
        "sellinggeneralandadministrativeexpense": 469500000,
        "gainlossoninvestments": 140600000,
        "otherincomeexpense": 17300000,
        "interestexpense": 34100000,
        "incomelossfromcontinuingoperationsbeforeincometaxesextraordinaryitemsnoncontrollinginterest": 467900000,
        "incometaxexpensebenefit": 89200000,
        "profitloss": 378700000,
        "netincomelossattributabletononcontrollinginterest": -5300000,
        "netincomeloss": 384000000,
        "earningspersharebasic": 3.33,
        "earningspersharediluted": 3.31,
        "weightedaveragenumberofsharesoutstandingbasic": 114800000,
        "weightedaveragenumberofdilutedsharesoutstanding": 115500000,
        "othercomprehensiveincomelosspensionandotherpostretirementbenefitplansadjustmentnetoftax": 400000,
        "othercomprehensiveincomelossforeigncurrencytransactionandtranslationadjustmentnetoftax": 85800000,
        "othercomprehensiveincomelosscashflowhedgegainlossafterreclassificationandtaxparent": -21100000,
        "othercomprehensiveincomelossnetoftax": 64300000,
        "comprehensiveincomenetoftaxincludingportionattributabletononcontrollinginterest": 443000000,
        "comprehensiveincomenetoftaxattributabletononcontrollinginterest": -5300000,
        "comprehensiveincomenetoftax": 448300000,
        "othercomprehensiveincomelosspensionandotherpostretirementbenefitplanstax": -400000,
        "othercomprehensiveincomelosscashflowhedgegainlossafterreclassificationtaxparent": -8900000
    },
    {
        "date": "2022-09-29",
        "symbol": "ROK",
        "period": "Q4",
        "revenuefromcontractwithcustomerexcludingassessedtax": 1929800000,
        "costofgoodsandservicessold": 1111600000,
        "grossprofit": 886400000,
        "sellinggeneralandadministrativeexpense": 448700000,
        "gainlossoninvestments": 1400000,
        "otherincomeexpense": -600000,
        "interestexpense": 32700000,
        "incomelossfromcontinuingoperationsbeforeincometaxesextraordinaryitemsnoncontrollinginterest": 405800000,
        "incometaxexpensebenefit": 69800000,
        "profitloss": 336000000,
        "netincomelossattributabletononcontrollinginterest": -2900000,
        "netincomeloss": 338900000,
        "earningspersharebasic": 2.919999999999999,
        "earningspersharediluted": 2.91,
        "weightedaveragenumberofsharesoutstandingbasic": -232300000,
        "weightedaveragenumberofdilutedsharesoutstanding": -234200000,
        "othercomprehensiveincomelosspensionandotherpostretirementbenefitplansadjustmentnetoftax": -115100000,
        "othercomprehensiveincomelossforeigncurrencytransactionandtranslationadjustmentnetoftax": -94100000,
        "othercomprehensiveincomelosscashflowhedgegainlossafterreclassificationandtaxparent": 18600000,
        "othercomprehensiveincomelossnetoftax": 39600000,
        "comprehensiveincomenetoftaxincludingportionattributabletononcontrollinginterest": 375600000,
        "comprehensiveincomenetoftaxattributabletononcontrollinginterest": -3300000,
        "comprehensiveincomenetoftax": 378900000,
        "othercomprehensiveincomelosspensionandotherpostretirementbenefitplanstax": 18200000
    },
    {
        "date": "2022-06-29",
        "symbol": "ROK",
        "period": "Q3",
        "revenuefromcontractwithcustomerexcludingassessedtax": 1768400000,
        "costofgoodsandservicessold": 1042700000,
        "grossprofit": 802400000,
        "sellinggeneralandadministrativeexpense": 442000000,
        "gainlossoninvestments": -5200000,
        "otherincomeexpense": 19800000,
        "interestexpense": 30800000,
        "incomelossfromcontinuingoperationsbeforeincometaxesextraordinaryitemsnoncontrollinginterest": 344200000,
        "incometaxexpensebenefit": 49400000,
        "profitloss": 294800000,
        "netincomelossattributabletononcontrollinginterest": -3100000,
        "netincomeloss": 297900000,
        "earningspersharebasic": 2.56,
        "earningspersharediluted": 2.55,
        "weightedaveragenumberofsharesoutstandingbasic": 116000000,
        "weightedaveragenumberofdilutedsharesoutstanding": 116500000,
        "othercomprehensiveincomelosspensionandotherpostretirementbenefitplansadjustmentnetoftax": 72900000,
        "othercomprehensiveincomelossforeigncurrencytransactionandtranslationadjustmentnetoftax": -62000000,
        "othercomprehensiveincomelosscashflowhedgegainlossafterreclassificationandtaxparent": 10300000,
        "othercomprehensiveincomelossnetoftax": -124600000,
        "comprehensiveincomenetoftaxincludingportionattributabletononcontrollinginterest": 170200000,
        "comprehensiveincomenetoftaxattributabletononcontrollinginterest": -3300000,
        "comprehensiveincomenetoftax": 173500000,
        "othercomprehensiveincomelosspensionandotherpostretirementbenefitplanstax": -22300000,
        "othercomprehensiveincomelosscashflowhedgegainlossafterreclassificationtaxparent": 4000000
    },
    {
        "date": "2022-03-30",
        "symbol": "ROK",
        "period": "Q2",
        "revenuefromcontractwithcustomerexcludingassessedtax": 1621900000,
        "costofgoodsandservicessold": 1028800000,
        "grossprofit": 664100000,
        "sellinggeneralandadministrativeexpense": 428500000,
        "gainlossoninvestments": -140700000,
        "otherincomeexpense": -23700000,
        "interestexpense": 30100000,
        "incomelossfromcontinuingoperationsbeforeincometaxesextraordinaryitemsnoncontrollinginterest": 41100000,
        "incometaxexpensebenefit": -8300000,
        "profitloss": 49400000,
        "netincomelossattributabletononcontrollinginterest": -4500000,
        "netincomeloss": 53900000,
        "earningspersharebasic": 0.46,
        "earningspersharediluted": 0.46,
        "weightedaveragenumberofsharesoutstandingbasic": 116200000,
        "weightedaveragenumberofdilutedsharesoutstanding": 117100000,
        "othercomprehensiveincomelosspensionandotherpostretirementbenefitplansadjustmentnetoftax": -187400000,
        "othercomprehensiveincomelossforeigncurrencytransactionandtranslationadjustmentnetoftax": -9800000,
        "othercomprehensiveincomelosscashflowhedgegainlossafterreclassificationandtaxparent": 1800000,
        "othercomprehensiveincomelossnetoftax": 179400000,
        "comprehensiveincomenetoftaxincludingportionattributabletononcontrollinginterest": 228800000,
        "comprehensiveincomenetoftaxattributabletononcontrollinginterest": -4200000,
        "comprehensiveincomenetoftax": 233000000,
        "othercomprehensiveincomelosspensionandotherpostretirementbenefitplanstax": -66500000,
        "othercomprehensiveincomelosscashflowhedgegainlossafterreclassificationtaxparent": 600000
    },
    {
        "date": "2021-12-30",
        "symbol": "ROK",
        "period": "Q1",
        "revenuefromcontractwithcustomerexcludingassessedtax": 1673300000,
        "costofgoodsandservicessold": 990300000,
        "grossprofit": 749100000,
        "sellinggeneralandadministrativeexpense": 447500000,
        "gainlossoninvestments": 7600000,
        "otherincomeexpense": 2900000,
        "interestexpense": 29600000,
        "incomelossfromcontinuingoperationsbeforeincometaxesextraordinaryitemsnoncontrollinginterest": 282500000,
        "incometaxexpensebenefit": 43600000,
        "profitloss": 238900000,
        "netincomelossattributabletononcontrollinginterest": -2600000,
        "netincomeloss": 241500000,
        "earningspersharebasic": 2.08,
        "earningspersharediluted": 2.05,
        "weightedaveragenumberofsharesoutstandingbasic": 116000000,
        "weightedaveragenumberofdilutedsharesoutstanding": 117300000,
        "othercomprehensiveincomelosspensionandotherpostretirementbenefitplansadjustmentnetoftax": -16900000,
        "othercomprehensiveincomelossforeigncurrencytransactionandtranslationadjustmentnetoftax": -19500000,
        "othercomprehensiveincomelosscashflowhedgegainlossafterreclassificationandtaxparent": 7500000,
        "othercomprehensiveincomelossnetoftax": 4900000,
        "comprehensiveincomenetoftaxincludingportionattributabletononcontrollinginterest": 243800000,
        "comprehensiveincomenetoftaxattributabletononcontrollinginterest": -2600000,
        "comprehensiveincomenetoftax": 246400000,
        "othercomprehensiveincomelosspensionandotherpostretirementbenefitplanstax": -5400000,
        "othercomprehensiveincomelosscashflowhedgegainlossafterreclassificationtaxparent": -2600000
    },
    {
        "date": "2021-09-29",
        "symbol": "ROK",
        "period": "Q4",
        "revenuefromcontractwithcustomerexcludingassessedtax": 1627200000,
        "costofgoodsandservicessold": 973500000,
        "grossprofit": 719400000,
        "sellinggeneralandadministrativeexpense": 447200000,
        "gainlossoninvestments": -227200000,
        "otherincomeexpense": -14400000,
        "interestexpense": 26300000,
        "incomelossfromcontinuingoperationsbeforeincometaxesextraordinaryitemsnoncontrollinginterest": 4300000,
        "incometaxexpensebenefit": -70300000,
        "profitloss": 74600000,
        "netincomelossattributabletononcontrollinginterest": -3900000,
        "netincomeloss": 78500000,
        "earningspersharebasic": 0.669999999999999,
        "earningspersharediluted": 0.6600000000000001,
        "weightedaveragenumberofsharesoutstandingbasic": -232200000,
        "weightedaveragenumberofdilutedsharesoutstanding": -234100000,
        "othercomprehensiveincomelosspensionandotherpostretirementbenefitplansadjustmentnetoftax": -94300000,
        "othercomprehensiveincomelossforeigncurrencytransactionandtranslationadjustmentnetoftax": -27500000,
        "othercomprehensiveincomelosscashflowhedgegainlossafterreclassificationandtaxparent": -9000000,
        "othercomprehensiveincomelossnetoftax": 57800000,
        "comprehensiveincomenetoftaxincludingportionattributabletononcontrollinginterest": 132400000,
        "comprehensiveincomenetoftaxattributabletononcontrollinginterest": -4000000,
        "comprehensiveincomenetoftax": 136400000,
        "othercomprehensiveincomelosspensionandotherpostretirementbenefitplanstax": -21400000
    },
    {
        "date": "2021-06-29",
        "symbol": "ROK",
        "period": "Q3",
        "revenuefromcontractwithcustomerexcludingassessedtax": 1664700000,
        "costofgoodsandservicessold": 962700000,
        "grossprofit": 764400000,
        "sellinggeneralandadministrativeexpense": 436900000,
        "gainlossoninvestments": 43300000,
        "otherincomeexpense": -34900000,
        "interestexpense": 22400000,
        "incomelossfromcontinuingoperationsbeforeincometaxesextraordinaryitemsnoncontrollinginterest": 313500000,
        "incometaxexpensebenefit": 44500000,
        "profitloss": 269000000,
        "netincomelossattributabletononcontrollinginterest": -2300000,
        "netincomeloss": 271300000,
        "earningspersharebasic": 2.34,
        "earningspersharediluted": 2.32,
        "weightedaveragenumberofsharesoutstandingbasic": 116000000,
        "weightedaveragenumberofdilutedsharesoutstanding": 117000000,
        "othercomprehensiveincomelosspensionandotherpostretirementbenefitplansadjustmentnetoftax": -426500000,
        "othercomprehensiveincomelossforeigncurrencytransactionandtranslationadjustmentnetoftax": 23000000,
        "othercomprehensiveincomelosscashflowhedgegainlossafterreclassificationandtaxparent": 800000,
        "othercomprehensiveincomelossnetoftax": 450300000,
        "comprehensiveincomenetoftaxincludingportionattributabletononcontrollinginterest": 719300000,
        "comprehensiveincomenetoftaxattributabletononcontrollinginterest": -3000000,
        "comprehensiveincomenetoftax": 722300000,
        "othercomprehensiveincomelosspensionandotherpostretirementbenefitplanstax": -142900000,
        "othercomprehensiveincomelosscashflowhedgegainlossafterreclassificationtaxparent": 400000
    },
    {
        "date": "2021-03-30",
        "symbol": "ROK",
        "period": "Q2",
        "revenuefromcontractwithcustomerexcludingassessedtax": 1599100000,
        "costofgoodsandservicessold": 896000000,
        "grossprofit": 767400000,
        "sellinggeneralandadministrativeexpense": 421300000,
        "gainlossoninvestments": 190900000,
        "otherincomeexpense": -6000000,
        "interestexpense": 23300000,
        "incomelossfromcontinuingoperationsbeforeincometaxesextraordinaryitemsnoncontrollinginterest": 507700000,
        "incometaxexpensebenefit": 97400000,
        "profitloss": 410300000,
        "netincomelossattributabletononcontrollinginterest": -4700000,
        "netincomeloss": 415000000,
        "earningspersharebasic": 3.57,
        "earningspersharediluted": 3.54,
        "weightedaveragenumberofsharesoutstandingbasic": 116100000,
        "weightedaveragenumberofdilutedsharesoutstanding": 117100000,
        "othercomprehensiveincomelosspensionandotherpostretirementbenefitplansadjustmentnetoftax": -28000000,
        "othercomprehensiveincomelossforeigncurrencytransactionandtranslationadjustmentnetoftax": -33300000,
        "othercomprehensiveincomelosscashflowhedgegainlossafterreclassificationandtaxparent": 6600000,
        "othercomprehensiveincomelossnetoftax": 1300000,
        "comprehensiveincomenetoftaxincludingportionattributabletononcontrollinginterest": 411600000,
        "comprehensiveincomenetoftaxattributabletononcontrollinginterest": -4700000,
        "comprehensiveincomenetoftax": 416300000,
        "othercomprehensiveincomelosspensionandotherpostretirementbenefitplanstax": -8500000,
        "othercomprehensiveincomelosscashflowhedgegainlossafterreclassificationtaxparent": 2700000
    },
    {
        "date": "2020-12-30",
        "symbol": "ROK",
        "period": "Q1",
        "revenuefromcontractwithcustomerexcludingassessedtax": 1394200000,
        "costofgoodsandservicessold": 806500000,
        "grossprofit": 646500000,
        "sellinggeneralandadministrativeexpense": 374600000,
        "gainlossoninvestments": 390400000,
        "otherincomeexpense": 61000000,
        "interestexpense": 22600000,
        "incomelossfromcontinuingoperationsbeforeincometaxesextraordinaryitemsnoncontrollinginterest": 700700000,
        "incometaxexpensebenefit": 110300000,
        "profitloss": 590400000,
        "netincomelossattributabletononcontrollinginterest": -2900000,
        "netincomeloss": 593300000,
        "earningspersharebasic": 5.11,
        "earningspersharediluted": 5.06,
        "weightedaveragenumberofsharesoutstandingbasic": 116100000,
        "weightedaveragenumberofdilutedsharesoutstanding": 117100000,
        "othercomprehensiveincomelosspensionandotherpostretirementbenefitplansadjustmentnetoftax": -27600000,
        "othercomprehensiveincomelossforeigncurrencytransactionandtranslationadjustmentnetoftax": 69200000,
        "othercomprehensiveincomelosscashflowhedgegainlossafterreclassificationandtaxparent": -9800000,
        "othercomprehensiveincomelossnetoftax": 87000000,
        "comprehensiveincomenetoftaxincludingportionattributabletononcontrollinginterest": 677400000,
        "comprehensiveincomenetoftaxattributabletononcontrollinginterest": -2800000,
        "comprehensiveincomenetoftax": 680200000,
        "othercomprehensiveincomelosspensionandotherpostretirementbenefitplanstax": -8200000,
        "othercomprehensiveincomelosscashflowhedgegainlossafterreclassificationtaxparent": -3700000
    },
    {
        "date": "2020-09-29",
        "symbol": "ROK",
        "period": "Q4",
        "profitloss": 263700000,
        "othercomprehensiveincomelosspensionandotherpostretirementbenefitplansadjustmentnetoftax": 72700000,
        "othercomprehensiveincomelossforeigncurrencytransactionandtranslationadjustmentnetoftax": 37700000,
        "othercomprehensiveincomelosscashflowhedgegainlossafterreclassificationandtaxparent": -9100000,
        "othercomprehensiveincomelossnetoftax": -44100000,
        "comprehensiveincomenetoftaxincludingportionattributabletononcontrollinginterest": 219600000,
        "comprehensiveincomenetoftaxattributabletononcontrollinginterest": 1200000,
        "comprehensiveincomenetoftax": 218400000,
        "othercomprehensiveincomelosspensionandotherpostretirementbenefitplanstax": -27200000,
        "revenuefromcontractwithcustomerexcludingassessedtax": 1399000000,
        "costofgoodsandservicessold": 827200000,
        "grossprofit": 639300000,
        "sellinggeneralandadministrativeexpense": 354400000,
        "gainlossoninvestments": 52200000,
        "otherincomeexpense": -11300000,
        "interestexpense": 26200000,
        "incomelossfromcontinuingoperationsbeforeincometaxesextraordinaryitemsnoncontrollinginterest": 299600000,
        "incometaxexpensebenefit": 35900000,
        "netincomelossattributabletononcontrollinginterest": 1000000,
        "netincomeloss": 262700000,
        "earningspersharebasic": 2.27,
        "earningspersharediluted": 2.249999999999999,
        "weightedaveragenumberofsharesoutstandingbasic": -231600000,
        "weightedaveragenumberofdilutedsharesoutstanding": -233000000
    },
    {
        "date": "2020-06-29",
        "symbol": "ROK",
        "period": "Q3",
        "profitloss": 314200000,
        "othercomprehensiveincomelosspensionandotherpostretirementbenefitplansadjustmentnetoftax": -27200000,
        "othercomprehensiveincomelossforeigncurrencytransactionandtranslationadjustmentnetoftax": 40200000,
        "othercomprehensiveincomelosscashflowhedgegainlossafterreclassificationandtaxparent": -11400000,
        "othercomprehensiveincomelossnetoftax": 56000000,
        "comprehensiveincomenetoftaxincludingportionattributabletononcontrollinginterest": 370200000,
        "comprehensiveincomenetoftaxattributabletononcontrollinginterest": -3500000,
        "comprehensiveincomenetoftax": 373700000,
        "othercomprehensiveincomelosspensionandotherpostretirementbenefitplanstax": 7900000,
        "othercomprehensiveincomelosscashflowhedgegainlossafterreclassificationtaxparent": 5000000,
        "revenuefromcontractwithcustomerexcludingassessedtax": 1249700000,
        "costofgoodsandservicessold": 744800000,
        "grossprofit": 554200000,
        "sellinggeneralandadministrativeexpense": 370200000,
        "gainlossoninvestments": 175500000,
        "otherincomeexpense": 400000,
        "interestexpense": 25400000,
        "incomelossfromcontinuingoperationsbeforeincometaxesextraordinaryitemsnoncontrollinginterest": 334500000,
        "incometaxexpensebenefit": 20300000,
        "netincomelossattributabletononcontrollinginterest": -3600000,
        "netincomeloss": 317800000,
        "earningspersharebasic": 2.74,
        "earningspersharediluted": 2.73,
        "weightedaveragenumberofsharesoutstandingbasic": 115700000,
        "weightedaveragenumberofdilutedsharesoutstanding": 116400000
    },
    {
        "date": "2020-03-30",
        "symbol": "ROK",
        "period": "Q2",
        "profitloss": 129900000,
        "othercomprehensiveincomelosspensionandotherpostretirementbenefitplansadjustmentnetoftax": -27400000,
        "othercomprehensiveincomelossforeigncurrencytransactionandtranslationadjustmentnetoftax": -74300000,
        "othercomprehensiveincomelosscashflowhedgegainlossafterreclassificationandtaxparent": 4500000,
        "othercomprehensiveincomelossnetoftax": -42400000,
        "comprehensiveincomenetoftaxincludingportionattributabletononcontrollinginterest": 87500000,
        "comprehensiveincomenetoftaxattributabletononcontrollinginterest": -3200000,
        "comprehensiveincomenetoftax": 90700000,
        "othercomprehensiveincomelosspensionandotherpostretirementbenefitplanstax": 8000000,
        "othercomprehensiveincomelosscashflowhedgegainlossafterreclassificationtaxparent": -2600000,
        "revenuefromcontractwithcustomerexcludingassessedtax": 1506000000,
        "costofgoodsandservicessold": 867900000,
        "grossprofit": 698800000,
        "sellinggeneralandadministrativeexpense": 352000000,
        "gainlossoninvestments": -144800000,
        "otherincomeexpense": -9100000,
        "interestexpense": 25500000,
        "incomelossfromcontinuingoperationsbeforeincometaxesextraordinaryitemsnoncontrollinginterest": 167400000,
        "incometaxexpensebenefit": 37500000,
        "netincomelossattributabletononcontrollinginterest": -2300000,
        "netincomeloss": 132200000,
        "earningspersharebasic": 1.14,
        "earningspersharediluted": 1.13,
        "weightedaveragenumberofsharesoutstandingbasic": 116000000,
        "weightedaveragenumberofdilutedsharesoutstanding": 116600000
    },
    {
        "date": "2019-12-30",
        "symbol": "ROK",
        "period": "Q1",
        "profitloss": 315400000,
        "netincomeloss": 310700000,
        "othercomprehensiveincomelosspensionandotherpostretirementbenefitplansadjustmentnetoftax": -27400000,
        "othercomprehensiveincomelossforeigncurrencytransactionandtranslationadjustmentnetoftax": 22100000,
        "othercomprehensiveincomelosscashflowhedgegainlossafterreclassificationandtaxparent": -2500000,
        "othercomprehensiveincomelossnetoftax": 47000000,
        "comprehensiveincomenetoftaxincludingportionattributabletononcontrollinginterest": 362400000,
        "comprehensiveincomenetoftaxattributabletononcontrollinginterest": 5000000,
        "comprehensiveincomenetoftax": 357400000,
        "othercomprehensiveincomelosspensionandotherpostretirementbenefitplanstax": 7900000,
        "othercomprehensiveincomelosscashflowhedgegainlossafterreclassificationtaxparent": 1100000,
        "revenuefromcontractwithcustomerexcludingassessedtax": 1508900000,
        "costofgoodsandservicessold": 866000000,
        "grossprofit": 702900000,
        "sellinggeneralandadministrativeexpense": 403200000,
        "gainlossoninvestments": 71000000,
        "otherincomeexpense": -9700000,
        "interestexpense": 26400000,
        "incomelossfromcontinuingoperationsbeforeincometaxesextraordinaryitemsnoncontrollinginterest": 334600000,
        "incometaxexpensebenefit": 19200000,
        "netincomelossattributabletononcontrollinginterest": 4700000,
        "earningspersharebasic": 2.68,
        "earningspersharediluted": 2.66,
        "weightedaveragenumberofsharesoutstandingbasic": 115700000,
        "weightedaveragenumberofdilutedsharesoutstanding": 116600000
    },
    {
        "date": "2019-09-29",
        "symbol": "ROK",
        "period": "Q4",
        "netincomeloss": 8100000,
        "othercomprehensiveincomelosspensionandotherpostretirementbenefitplansadjustmentnetoftax": 517700000,
        "othercomprehensiveincomelossforeigncurrencytransactionandtranslationadjustmentnetoftax": -43100000,
        "othercomprehensiveincomelosscashflowhedgegainlossafterreclassificationandtaxparent": 2800000,
        "othercomprehensiveincomelossavailableforsalesecuritiesadjustmentnetoftax": 200000,
        "comprehensiveincomenetoftax": -549700000,
        "othercomprehensiveincomelosspensionandotherpostretirementbenefitplanstax": 162800000,
        "othercomprehensiveincomelosscashflowhedgegainlossafterreclassificationtaxparent": 10800000,
        "revenuefromcontractwithcustomerexcludingassessedtax": 1532800000,
        "costofgoodsandservicessold": 888300000,
        "grossprofit": 722900000,
        "sellinggeneralandadministrativeexpense": 405100000,
        "otherincomeexpense": -234400000,
        "interestexpense": 27000000,
        "incomelossfromcontinuingoperationsbeforeincometaxesextraordinaryitemsnoncontrollinginterest": 56400000,
        "incometaxexpensebenefit": 48300000,
        "earningspersharebasic": 0.07999999999999952,
        "earningspersharediluted": 0.08999999999999997,
        "weightedaveragenumberofsharesoutstandingbasic": -238500000,
        "weightedaveragenumberofdilutedsharesoutstanding": -240800000
    },
    {
        "date": "2019-06-29",
        "symbol": "ROK",
        "period": "Q3",
        "netincomeloss": 261400000,
        "othercomprehensiveincomelosspensionandotherpostretirementbenefitplansadjustmentnetoftax": -14100000,
        "othercomprehensiveincomelossforeigncurrencytransactionandtranslationadjustmentnetoftax": -2700000,
        "othercomprehensiveincomelosscashflowhedgegainlossafterreclassificationandtaxparent": -1900000,
        "othercomprehensiveincomelossavailableforsalesecuritiesadjustmentnetoftax": 600000,
        "othercomprehensiveincomelossnetoftax": 10100000,
        "comprehensiveincomenetoftax": 271500000,
        "othercomprehensiveincomelosspensionandotherpostretirementbenefitplanstax": -4200000,
        "othercomprehensiveincomelosscashflowhedgegainlossafterreclassificationtaxparent": 700000,
        "othercomprehensiveincomelossavailableforsalesecuritiestax": 100000,
        "revenuefromcontractwithcustomerexcludingassessedtax": 1481300000,
        "costofgoodsandservicessold": 819300000,
        "grossprofit": 730300000,
        "sellinggeneralandadministrativeexpense": 361700000,
        "otherincomeexpense": -20400000,
        "interestexpense": 26800000,
        "incomelossfromcontinuingoperationsbeforeincometaxesextraordinaryitemsnoncontrollinginterest": 321400000,
        "incometaxexpensebenefit": 60000000,
        "earningspersharebasic": 2.22,
        "earningspersharediluted": 2.2,
        "weightedaveragenumberofsharesoutstandingbasic": 117600000,
        "weightedaveragenumberofdilutedsharesoutstanding": 118600000
    },
    {
        "date": "2019-03-30",
        "symbol": "ROK",
        "period": "Q2",
        "netincomeloss": 346000000,
        "othercomprehensiveincomelosspensionandotherpostretirementbenefitplansadjustmentnetoftax": -14200000,
        "othercomprehensiveincomelossforeigncurrencytransactionandtranslationadjustmentnetoftax": 19000000,
        "othercomprehensiveincomelosscashflowhedgegainlossafterreclassificationandtaxparent": 2500000,
        "othercomprehensiveincomelossavailableforsalesecuritiesadjustmentnetoftax": 900000,
        "othercomprehensiveincomelossnetoftax": 36600000,
        "comprehensiveincomenetoftax": 382600000,
        "othercomprehensiveincomelosspensionandotherpostretirementbenefitplanstax": -4300000,
        "othercomprehensiveincomelosscashflowhedgegainlossafterreclassificationtaxparent": 500000,
        "othercomprehensiveincomelossavailableforsalesecuritiestax": -200000,
        "revenuefromcontractwithcustomerexcludingassessedtax": 1466800000,
        "costofgoodsandservicessold": 823600000,
        "grossprofit": 708200000,
        "sellinggeneralandadministrativeexpense": 385000000,
        "otherincomeexpense": 102900000,
        "interestexpense": 23700000,
        "incomelossfromcontinuingoperationsbeforeincometaxesextraordinaryitemsnoncontrollinginterest": 402400000,
        "incometaxexpensebenefit": 56400000,
        "earningspersharebasic": 2.91,
        "earningspersharediluted": 2.88,
        "weightedaveragenumberofsharesoutstandingbasic": 118900000,
        "weightedaveragenumberofdilutedsharesoutstanding": 120000000
    },
    {
        "date": "2018-12-30",
        "symbol": "ROK",
        "period": "Q1",
        "netincomeloss": 80300000,
        "othercomprehensiveincomelosspensionandotherpostretirementbenefitplansadjustmentnetoftax": -13800000,
        "othercomprehensiveincomelossforeigncurrencytransactionandtranslationadjustmentnetoftax": -28500000,
        "othercomprehensiveincomelosscashflowhedgegainlossafterreclassificationandtaxparent": -20800000,
        "othercomprehensiveincomelossavailableforsalesecuritiesadjustmentnetoftax": 500000,
        "othercomprehensiveincomelossnetoftax": -35000000,
        "comprehensiveincomenetoftax": 45300000,
        "othercomprehensiveincomelosspensionandotherpostretirementbenefitplanstax": -4300000,
        "othercomprehensiveincomelosscashflowhedgegainlossafterreclassificationtaxparent": -6500000,
        "othercomprehensiveincomelossavailableforsalesecuritiestax": -100000,
        "revenuefromcontractwithcustomerexcludingassessedtax": 1457600000,
        "costofgoodsandservicessold": 782400000,
        "grossprofit": 738700000,
        "sellinggeneralandadministrativeexpense": 386700000,
        "otherincomeexpense": -210500000,
        "interestexpense": 20700000,
        "incomelossfromcontinuingoperationsbeforeincometaxesextraordinaryitemsnoncontrollinginterest": 120800000,
        "incometaxexpensebenefit": 40500000,
        "earningspersharebasic": 0.67,
        "earningspersharediluted": 0.66,
        "weightedaveragenumberofsharesoutstandingbasic": 120300000,
        "weightedaveragenumberofdilutedsharesoutstanding": 121500000
    },
    {
        "date": "2018-09-29",
        "symbol": "ROK",
        "period": "Q4",
        "netincomeloss": 345900000,
        "othercomprehensiveincomelosspensionandotherpostretirementbenefitplansadjustmentnetoftax": -208300000,
        "othercomprehensiveincomelossforeigncurrencytransactionandtranslationadjustmentnetoftax": -13000000,
        "othercomprehensiveincomelossderivativesqualifyingashedgesnetoftax": 2900000,
        "othercomprehensiveincomelossavailableforsalesecuritiesadjustmentnetoftax": 400000,
        "othercomprehensiveincomelossnetoftax": -67400000,
        "comprehensiveincomenetoftax": 544500000,
        "othercomprehensiveincomelosspensionandotherpostretirementbenefitplanstax": 109200000,
        "othercomprehensiveincomelossderivativesqualifyingashedgestax": 1200000,
        "costofgoodsandservicessold": 500000,
        "grossprofit": 732600000,
        "sellinggeneralandadministrativeexpense": 0,
        "otherincomeexpense": 186600000,
        "interestexpense": 19200000,
        "incomelossfromcontinuingoperationsbeforeincometaxesextraordinaryitemsnoncontrollinginterest": -174900000,
        "incometaxexpensebenefit": -533300000,
        "earningspersharebasic": 2.7199999999999998,
        "earningspersharediluted": 2.7,
        "weightedaveragenumberofsharesoutstandingbasic": -254100000,
        "weightedaveragenumberofdilutedsharesoutstanding": -255600000
    },
    {
        "date": "2018-06-29",
        "symbol": "ROK",
        "period": "Q3",
        "netincomeloss": 198600000,
        "othercomprehensiveincomelosspensionandotherpostretirementbenefitplansadjustmentnetoftax": -20200000,
        "othercomprehensiveincomelossforeigncurrencytransactionandtranslationadjustmentnetoftax": -95700000,
        "othercomprehensiveincomelossderivativesqualifyingashedgesnetoftax": 16400000,
        "othercomprehensiveincomelossavailableforsalesecuritiesadjustmentnetoftax": 100000,
        "othercomprehensiveincomelossnetoftax": -59000000,
        "comprehensiveincomenetoftax": 139600000,
        "othercomprehensiveincomelosspensionandotherpostretirementbenefitplanstax": -7200000,
        "othercomprehensiveincomelossderivativesqualifyingashedgestax": 6000000,
        "othercomprehensiveincomelossavailableforsalesecuritiestax": -100000,
        "salesrevenuegoodsnet": 1517800000,
        "salesrevenueservicesnet": 180900000,
        "salesrevenuenet": -200000,
        "costofgoodssold": 846000000,
        "costofservices": 111000000,
        "costofgoodsandservicessold": -3400000,
        "grossprofit": 741700000,
        "sellinggeneralandadministrativeexpense": 200000,
        "otherincomeexpense": -71300000,
        "interestexpense": 16500000,
        "incomelossfromcontinuingoperationsbeforeincometaxesextraordinaryitemsnoncontrollinginterest": 28700000,
        "incometaxexpensebenefit": 800000,
        "earningspersharebasic": 1.6,
        "earningspersharediluted": 1.58,
        "commonstockdividendspersharedeclared": 0.92,
        "weightedaveragenumberofsharesoutstandingbasic": 124400000,
        "weightedaveragenumberofdilutedsharesoutstanding": 125800000
    },
    {
        "date": "2018-03-30",
        "symbol": "ROK",
        "period": "Q2",
        "netincomeloss": 227400000,
        "othercomprehensiveincomelosspensionandotherpostretirementbenefitplansadjustmentnetoftax": -20200000,
        "othercomprehensiveincomelossforeigncurrencytransactionandtranslationadjustmentnetoftax": 76500000,
        "othercomprehensiveincomelossderivativesqualifyingashedgesnetoftax": -1000000,
        "othercomprehensiveincomelossavailableforsalesecuritiesadjustmentnetoftax": -1500000,
        "othercomprehensiveincomelossnetoftax": 94200000,
        "comprehensiveincomenetoftax": 321600000,
        "othercomprehensiveincomelosspensionandotherpostretirementbenefitplanstax": -7400000,
        "othercomprehensiveincomelossderivativesqualifyingashedgestax": -300000,
        "othercomprehensiveincomelossavailableforsalesecuritiestax": 300000,
        "salesrevenuegoodsnet": 1470500000,
        "salesrevenueservicesnet": 180700000,
        "salesrevenuenet": -800000,
        "costofgoodssold": 838800000,
        "costofservices": 111600000,
        "costofgoodsandservicessold": -8400000,
        "grossprofit": 700800000,
        "sellinggeneralandadministrativeexpense": 800000,
        "otherincomeexpense": 5300000,
        "interestexpense": 17300000,
        "incomelossfromcontinuingoperationsbeforeincometaxesextraordinaryitemsnoncontrollinginterest": 28900000,
        "incometaxexpensebenefit": 1800000,
        "earningspersharebasic": 1.79,
        "earningspersharediluted": 1.77,
        "commonstockdividendspersharedeclared": 0.835,
        "weightedaveragenumberofsharesoutstandingbasic": 126900000,
        "weightedaveragenumberofdilutedsharesoutstanding": 128500000
    },
    {
        "date": "2017-12-30",
        "symbol": "ROK",
        "period": "Q1",
        "netincomeloss": -236400000,
        "othercomprehensiveincomelosspensionandotherpostretirementbenefitplansadjustmentnetoftax": -20200000,
        "othercomprehensiveincomelossforeigncurrencytransactionandtranslationadjustmentnetoftax": -16100000,
        "othercomprehensiveincomelossderivativesqualifyingashedgesnetoftax": 500000,
        "othercomprehensiveincomelossavailableforsalesecuritiesadjustmentnetoftax": -1100000,
        "othercomprehensiveincomelossnetoftax": -16100000,
        "comprehensiveincomenetoftax": -232900000,
        "othercomprehensiveincomelosspensionandotherpostretirementbenefitplanstax": -7400000,
        "othercomprehensiveincomelossderivativesqualifyingashedgestax": -300000,
        "othercomprehensiveincomelossavailableforsalesecuritiestax": 300000,
        "salesrevenuegoodsnet": 1412500000,
        "salesrevenueservicesnet": 174100000,
        "salesrevenuenet": 839700000,
        "costofgoodssold": 783200000,
        "costofservices": 106300000,
        "costofgoodsandservicessold": -5900000,
        "grossprofit": 697100000,
        "sellinggeneralandadministrativeexpense": 200000,
        "otherincomeexpense": 10000000,
        "interestexpense": 20000000,
        "incomelossfromcontinuingoperationsbeforeincometaxesextraordinaryitemsnoncontrollinginterest": 130900000,
        "incometaxexpensebenefit": 534200000,
        "earningspersharebasic": -1.84,
        "earningspersharediluted": -1.84,
        "commonstockdividendspersharedeclared": 0.835,
        "weightedaveragenumberofsharesoutstandingbasic": 128200000,
        "weightedaveragenumberofdilutedsharesoutstanding": 128200000
    },
    {
        "date": "2017-06-29",
        "symbol": "ROK",
        "period": "Q3",
        "netincomeloss": -500000,
        "othercomprehensiveincomelosspensionandotherpostretirementbenefitplansadjustmentnetoftax": -23800000,
        "othercomprehensiveincomelossforeigncurrencytransactionandtranslationadjustmentnetoftax": 24900000,
        "othercomprehensiveincomelossderivativesqualifyingashedgesnetoftax": -4400000,
        "othercomprehensiveincomelossnetoftax": 24900000,
        "comprehensiveincomenetoftax": 261200000,
        "othercomprehensiveincomelosspensionandotherpostretirementbenefitplanstax": -12600000,
        "othercomprehensiveincomelossderivativesqualifyingashedgestax": -1000000,
        "salesrevenuegoodsnet": 1429600000,
        "salesrevenueservicesnet": 169600000,
        "salesrevenuenet": 867300000,
        "costofgoodssold": 813900000,
        "costofservices": 107600000,
        "costofgoodsandservicessold": 921500000,
        "grossprofit": 677700000,
        "sellinggeneralandadministrativeexpense": 386800000,
        "otherincomeexpense": 4200000,
        "interestexpense": 19100000,
        "incomelossfromcontinuingoperationsbeforeincometaxesextraordinaryitemsnoncontrollinginterest": 132700000,
        "incometaxexpensebenefit": -25300000,
        "earningspersharebasic": 1.6900000000000004,
        "earningspersharediluted": 1.6699999999999995,
        "commonstockdividendspersharedeclared": 1.5200000000000002,
        "weightedaveragenumberofsharesoutstandingbasic": -128500000,
        "weightedaveragenumberofdilutedsharesoutstanding": -130000000
    },
    {
        "date": "2017-03-30",
        "symbol": "ROK",
        "period": "Q2",
        "netincomeloss": -1300000,
        "othercomprehensiveincomelosspensionandotherpostretirementbenefitplansadjustmentnetoftax": -23800000,
        "othercomprehensiveincomelossforeigncurrencytransactionandtranslationadjustmentnetoftax": 60800000,
        "othercomprehensiveincomelossderivativesqualifyingashedgesnetoftax": -3600000,
        "othercomprehensiveincomelossavailableforsalesecuritiesadjustmentnetoftax": -100000,
        "othercomprehensiveincomelossnetoftax": 60800000,
        "comprehensiveincomenetoftax": 270400000,
        "othercomprehensiveincomelosspensionandotherpostretirementbenefitplanstax": -12400000,
        "othercomprehensiveincomelossderivativesqualifyingashedgestax": -700000,
        "salesrevenuegoodsnet": 1384400000,
        "salesrevenueservicesnet": 169900000,
        "salesrevenuenet": 835300000,
        "costofgoodssold": 787200000,
        "costofservices": 110600000,
        "costofgoodsandservicessold": 897800000,
        "grossprofit": 656500000,
        "sellinggeneralandadministrativeexpense": 409200000,
        "otherincomeexpense": 1900000,
        "interestexpense": 18900000,
        "incomelossfromcontinuingoperationsbeforeincometaxesextraordinaryitemsnoncontrollinginterest": 105400000,
        "incometaxexpensebenefit": 12400000,
        "earningspersharebasic": 1.47,
        "earningspersharediluted": 1.45,
        "commonstockdividendspersharedeclared": 0.76,
        "weightedaveragenumberofsharesoutstandingbasic": 128700000,
        "weightedaveragenumberofdilutedsharesoutstanding": 130300000
    },
    {
        "date": "2016-12-30",
        "symbol": "ROK",
        "period": "Q1",
        "netincomeloss": -200000,
        "othercomprehensiveincomelosspensionandotherpostretirementbenefitplansadjustmentnetoftax": -24500000,
        "othercomprehensiveincomelossforeigncurrencytransactionandtranslationadjustmentnetoftax": -86200000,
        "othercomprehensiveincomelossderivativesqualifyingashedgesnetoftax": 11600000,
        "othercomprehensiveincomelossnetoftax": -86200000,
        "comprehensiveincomenetoftax": 164600000,
        "othercomprehensiveincomelosspensionandotherpostretirementbenefitplanstax": -12800000,
        "othercomprehensiveincomelossderivativesqualifyingashedgestax": 4000000,
        "salesrevenuegoodsnet": 1330200000,
        "salesrevenueservicesnet": 160100000,
        "salesrevenuenet": 793900000,
        "costofgoodssold": 747100000,
        "costofservices": 100900000,
        "costofgoodsandservicessold": 848000000,
        "grossprofit": 642300000,
        "sellinggeneralandadministrativeexpense": 370000000,
        "otherincomeexpense": 4000000,
        "interestexpense": 18700000,
        "incomelossfromcontinuingoperationsbeforeincometaxesextraordinaryitemsnoncontrollinginterest": 108000000,
        "incometaxexpensebenefit": 12600000,
        "earningspersharebasic": 1.67,
        "earningspersharediluted": 1.65,
        "commonstockdividendspersharedeclared": 0.76,
        "weightedaveragenumberofsharesoutstandingbasic": 128300000,
        "weightedaveragenumberofdilutedsharesoutstanding": 129700000
    },
    {
        "date": "2016-09-29",
        "symbol": "ROK",
        "period": "Q4",
        "netincomeloss": 742400000,
        "othercomprehensiveincomelosspensionandotherpostretirementbenefitplansadjustmentnetoftax": 198000000,
        "othercomprehensiveincomelossforeigncurrencytransactionandtranslationadjustmentnetoftax": -7200000,
        "othercomprehensiveincomelossderivativesqualifyingashedgesnetoftax": -5300000,
        "othercomprehensiveincomelossnetoftax": -7200000,
        "comprehensiveincomenetoftax": -25300000,
        "othercomprehensiveincomelosspensionandotherpostretirementbenefitplanstax": 103100000,
        "othercomprehensiveincomelossderivativesqualifyingashedgestax": -1300000,
        "salesrevenuegoodsnet": 1368700000,
        "salesrevenueservicesnet": 169900000,
        "salesrevenuenet": -1964000000,
        "costofgoodssold": 786300000,
        "costofservices": 100400000,
        "costofgoodsandservicessold": 886700000,
        "grossprofit": 651900000,
        "sellinggeneralandadministrativeexpense": 402100000,
        "otherincomeexpense": 5300000,
        "interestexpense": 18200000,
        "incomelossfromcontinuingoperationsbeforeincometaxesextraordinaryitemsnoncontrollinginterest": -262500000,
        "incometaxexpensebenefit": -500000,
        "earningspersharebasic": 1.43,
        "earningspersharediluted": 1.4199999999999995,
        "weightedaveragenumberofsharesoutstandingbasic": -261900000,
        "weightedaveragenumberofdilutedsharesoutstanding": -263600000
    },
    {
        "date": "2016-06-29",
        "symbol": "ROK",
        "period": "Q3",
        "netincomeloss": -1100000,
        "othercomprehensiveincomelosspensionandotherpostretirementbenefitplansadjustmentnetoftax": -18500000,
        "othercomprehensiveincomelossforeigncurrencytransactionandtranslationadjustmentnetoftax": -18300000,
        "othercomprehensiveincomelossderivativesqualifyingashedgesnetoftax": -2800000,
        "othercomprehensiveincomelossnetoftax": -18300000,
        "comprehensiveincomenetoftax": 188400000,
        "othercomprehensiveincomelosspensionandotherpostretirementbenefitplanstax": -9800000,
        "othercomprehensiveincomelossderivativesqualifyingashedgestax": -1300000,
        "salesrevenuegoodsnet": 1316300000,
        "salesrevenueservicesnet": 157700000,
        "salesrevenuenet": 807600000,
        "costofgoodssold": 748900000,
        "costofservices": 108300000,
        "costofgoodsandservicessold": 857200000,
        "grossprofit": 616800000,
        "sellinggeneralandadministrativeexpense": 346700000,
        "otherincomeexpense": 300000,
        "interestexpense": 18100000,
        "incomelossfromcontinuingoperationsbeforeincometaxesextraordinaryitemsnoncontrollinginterest": 126800000,
        "incometaxexpensebenefit": 100000,
        "earningspersharebasic": 1.47,
        "earningspersharediluted": 1.46,
        "commonstockdividendspersharedeclared": 1.45,
        "weightedaveragenumberofsharesoutstandingbasic": 129800000,
        "weightedaveragenumberofdilutedsharesoutstanding": 130800000
    },
    {
        "date": "2016-03-30",
        "symbol": "ROK",
        "period": "Q2",
        "netincomeloss": -6700000,
        "othercomprehensiveincomelosspensionandotherpostretirementbenefitplansadjustmentnetoftax": -18400000,
        "othercomprehensiveincomelossforeigncurrencytransactionandtranslationadjustmentnetoftax": 7400000,
        "othercomprehensiveincomelossderivativesqualifyingashedgesnetoftax": -12500000,
        "othercomprehensiveincomelossnetoftax": 7400000,
        "comprehensiveincomenetoftax": 181300000,
        "othercomprehensiveincomelosspensionandotherpostretirementbenefitplanstax": -9800000,
        "othercomprehensiveincomelossderivativesqualifyingashedgestax": -4300000,
        "salesrevenuegoodsnet": 1283000000,
        "salesrevenueservicesnet": 157300000,
        "salesrevenuenet": 810800000,
        "costofgoodssold": 738300000,
        "costofservices": 107900000,
        "costofgoodsandservicessold": 846200000,
        "grossprofit": 594100000,
        "sellinggeneralandadministrativeexpense": 358700000,
        "otherincomeexpense": -800000,
        "interestexpense": 17600000,
        "incomelossfromcontinuingoperationsbeforeincometaxesextraordinaryitemsnoncontrollinginterest": 122900000,
        "incometaxexpensebenefit": -1900000,
        "earningspersharebasic": 1.29,
        "earningspersharediluted": 1.28,
        "commonstockdividendspersharedeclared": 0.725,
        "weightedaveragenumberofsharesoutstandingbasic": 130500000,
        "weightedaveragenumberofdilutedsharesoutstanding": 131300000
    },
    {
        "date": "2015-12-30",
        "symbol": "ROK",
        "period": "Q1",
        "netincomeloss": -4900000,
        "othercomprehensiveincomelosspensionandotherpostretirementbenefitplansadjustmentnetoftax": -18400000,
        "othercomprehensiveincomelossforeigncurrencytransactionandtranslationadjustmentnetoftax": -24400000,
        "othercomprehensiveincomelossderivativesqualifyingashedgesnetoftax": 1600000,
        "othercomprehensiveincomelossnetoftax": -24400000,
        "comprehensiveincomenetoftax": 181100000,
        "othercomprehensiveincomelosspensionandotherpostretirementbenefitplanstax": -9800000,
        "othercomprehensiveincomelossderivativesqualifyingashedgestax": 200000,
        "salesrevenuegoodsnet": 1271300000,
        "salesrevenueservicesnet": 155300000,
        "salesrevenuenet": 783700000,
        "costofgoodssold": 708600000,
        "costofservices": 105300000,
        "costofgoodsandservicessold": 813900000,
        "grossprofit": 612700000,
        "sellinggeneralandadministrativeexpense": 359900000,
        "otherincomeexpense": 1500000,
        "interestexpense": 17400000,
        "incomelossfromcontinuingoperationsbeforeincometaxesextraordinaryitemsnoncontrollinginterest": -6300000,
        "incometaxexpensebenefit": -1400000,
        "earningspersharebasic": 1.41,
        "earningspersharediluted": 1.4,
        "commonstockdividendspersharedeclared": 0.725,
        "weightedaveragenumberofsharesoutstandingbasic": 131800000,
        "weightedaveragenumberofdilutedsharesoutstanding": 132600000
    },
    {
        "date": "2015-06-29",
        "symbol": "ROK",
        "period": "Q3",
        "netincomeloss": -13400000,
        "othercomprehensiveincomelosspensionandotherpostretirementbenefitplansadjustmentnetoftax": -17400000,
        "othercomprehensiveincomelossforeigncurrencytransactionandtranslationadjustmentnetoftax": 27400000,
        "othercomprehensiveincomelossderivativesqualifyingashedgesnetoftax": -19500000,
        "othercomprehensiveincomelossnetoftax": 27400000,
        "comprehensiveincomenetoftax": 231400000,
        "othercomprehensiveincomelosspensionandotherpostretirementbenefitplanstax": -9000000,
        "othercomprehensiveincomelossderivativesqualifyingashedgestax": -2600000,
        "salesrevenuegoodsnet": 1410500000,
        "salesrevenueservicesnet": 164700000,
        "salesrevenuenet": 891700000,
        "costofgoodssold": 782200000,
        "costofservices": 114800000,
        "costofgoodsandservicessold": 897000000,
        "grossprofit": 678200000,
        "sellinggeneralandadministrativeexpense": 376400000,
        "otherincomeexpense": -800000,
        "interestexpense": 16400000,
        "incomelossfromcontinuingoperationsbeforeincometaxesextraordinaryitemsnoncontrollinginterest": -14100000,
        "incometaxexpensebenefit": -700000,
        "earningspersharebasic": 1.53,
        "earningspersharediluted": 1.52,
        "commonstockdividendspersharedeclared": 1.3,
        "weightedaveragenumberofsharesoutstandingbasic": 134300000,
        "weightedaveragenumberofdilutedsharesoutstanding": 135500000
    },
    {
        "date": "2015-03-30",
        "symbol": "ROK",
        "period": "Q2",
        "netincomeloss": -5700000,
        "othercomprehensiveincomelosspensionandotherpostretirementbenefitplansadjustmentnetoftax": -17200000,
        "othercomprehensiveincomelossforeigncurrencytransactionandtranslationadjustmentnetoftax": -67700000,
        "othercomprehensiveincomelossderivativesqualifyingashedgesnetoftax": 25700000,
        "othercomprehensiveincomelossnetoftax": -67700000,
        "comprehensiveincomenetoftax": 181200000,
        "othercomprehensiveincomelosspensionandotherpostretirementbenefitplanstax": -9200000,
        "othercomprehensiveincomelossderivativesqualifyingashedgestax": 8700000,
        "salesrevenuegoodsnet": 1394500000,
        "salesrevenueservicesnet": 156300000,
        "salesrevenuenet": 876500000,
        "costofgoodssold": 768600000,
        "costofservices": 109000000,
        "costofgoodsandservicessold": 877600000,
        "grossprofit": 673200000,
        "sellinggeneralandadministrativeexpense": 382400000,
        "otherincomeexpense": 1400000,
        "interestexpense": 15700000,
        "incomelossfromcontinuingoperationsbeforeincometaxesextraordinaryitemsnoncontrollinginterest": -5400000,
        "incometaxexpensebenefit": 300000,
        "earningspersharebasic": 1.53,
        "earningspersharediluted": 1.51,
        "commonstockdividendspersharedeclared": 0.65,
        "weightedaveragenumberofsharesoutstandingbasic": 134900000,
        "weightedaveragenumberofdilutedsharesoutstanding": 136000000
    },
    {
        "date": "2014-12-30",
        "symbol": "ROK",
        "period": "Q1",
        "netincomeloss": -4800000,
        "othercomprehensiveincomelosspensionandotherpostretirementbenefitplansadjustmentnetoftax": -17600000,
        "othercomprehensiveincomelossforeigncurrencytransactionandtranslationadjustmentnetoftax": -92900000,
        "othercomprehensiveincomelossderivativesqualifyingashedgesnetoftax": 7400000,
        "othercomprehensiveincomelossnetoftax": -92900000,
        "comprehensiveincomenetoftax": 146300000,
        "othercomprehensiveincomelosspensionandotherpostretirementbenefitplanstax": -9200000,
        "othercomprehensiveincomelossderivativesqualifyingashedgestax": -1100000,
        "salesrevenuegoodsnet": 1409800000,
        "salesrevenueservicesnet": 164600000,
        "salesrevenuenet": 1200000,
        "costofgoodssold": 776800000,
        "costofservices": 110100000,
        "costofgoodsandservicessold": 5800000,
        "grossprofit": 687500000,
        "sellinggeneralandadministrativeexpense": 386900000,
        "otherincomeexpense": 1800000,
        "interestexpense": 14900000,
        "incomelossfromcontinuingoperationsbeforeincometaxesextraordinaryitemsnoncontrollinginterest": -4600000,
        "incometaxexpensebenefit": 200000,
        "earningspersharebasic": 1.58,
        "earningspersharediluted": 1.56,
        "commonstockdividendspersharedeclared": 0.65,
        "weightedaveragenumberofsharesoutstandingbasic": 135600000,
        "weightedaveragenumberofdilutedsharesoutstanding": 136900000
    },
    {
        "date": "2014-06-29",
        "symbol": "ROK",
        "period": "Q3",
        "netincomeloss": 2500000,
        "othercomprehensiveincomelosspensionandotherpostretirementbenefitplansadjustmentnetoftax": -14600000,
        "othercomprehensiveincomelossforeigncurrencytransactionandtranslationadjustmentnetoftax": 1200000,
        "othercomprehensiveincomelossderivativesqualifyingashedgesnetoftax": -800000,
        "othercomprehensiveincomelossnetoftax": 15000000,
        "comprehensiveincomenetoftax": 214700000,
        "othercomprehensiveincomelosspensionandotherpostretirementbenefitplanstax": -7900000,
        "othercomprehensiveincomelossderivativesqualifyingashedgestax": 1600000,
        "salesrevenuegoodsnet": 600000,
        "salesrevenueservicesnet": 168300000,
        "salesrevenuenet": 715200000,
        "costofgoodssold": -2000000,
        "costofservices": 118200000,
        "costofgoodsandservicessold": 968000000,
        "grossprofit": 681500000,
        "sellinggeneralandadministrativeexpense": 394400000,
        "otherincomeexpense": 1300000,
        "interestexpense": 14400000,
        "incomelossfromcontinuingoperationsbeforeincometaxesextraordinaryitemsnoncontrollinginterest": 121300000,
        "incometaxexpensebenefit": 7900000,
        "earningspersharebasic": 1.44,
        "earningspersharediluted": 1.43,
        "commonstockdividendspersharedeclared": 1.16,
        "weightedaveragenumberofsharesoutstandingbasic": 138000000,
        "weightedaveragenumberofdilutedsharesoutstanding": 139600000
    },
    {
        "date": "2014-03-30",
        "symbol": "ROK",
        "period": "Q2",
        "netincomeloss": 14500000,
        "othercomprehensiveincomelosspensionandotherpostretirementbenefitplansadjustmentnetoftax": -14500000,
        "othercomprehensiveincomelossforeigncurrencytransactionandtranslationadjustmentnetoftax": 5100000,
        "othercomprehensiveincomelossderivativesqualifyingashedgesnetoftax": -2000000,
        "othercomprehensiveincomelossnetoftax": 17600000,
        "comprehensiveincomenetoftax": 197900000,
        "othercomprehensiveincomelosspensionandotherpostretirementbenefitplanstax": -7900000,
        "othercomprehensiveincomelossderivativesqualifyingashedgestax": 400000,
        "salesrevenuegoodsnet": 800000,
        "salesrevenueservicesnet": 171400000,
        "salesrevenuenet": 686800000,
        "costofgoodssold": 1700000,
        "costofservices": 119600000,
        "costofgoodsandservicessold": 944700000,
        "grossprofit": 655800000,
        "sellinggeneralandadministrativeexpense": 392500000,
        "otherincomeexpense": 100000,
        "interestexpense": 15000000,
        "incomelossfromcontinuingoperationsbeforeincometaxesextraordinaryitemsnoncontrollinginterest": 111900000,
        "incometaxexpensebenefit": -900000,
        "earningspersharebasic": 1.3,
        "earningspersharediluted": 1.28,
        "commonstockdividendspersharedeclared": 0.58,
        "weightedaveragenumberofsharesoutstandingbasic": 138500000,
        "weightedaveragenumberofdilutedsharesoutstanding": 140200000
    },
    {
        "date": "2013-12-30",
        "symbol": "ROK",
        "period": "Q1",
        "netincomeloss": -300000,
        "othercomprehensiveincomelosspensionandotherpostretirementbenefitplansadjustmentnetoftax": -14600000,
        "othercomprehensiveincomelossforeigncurrencytransactionandtranslationadjustmentnetoftax": 9200000,
        "othercomprehensiveincomelossderivativesqualifyingashedgesnetoftax": 700000,
        "othercomprehensiveincomelossnetoftax": 9200000,
        "comprehensiveincomenetoftax": 222600000,
        "othercomprehensiveincomelosspensionandotherpostretirementbenefitplanstax": 7800000,
        "othercomprehensiveincomelossderivativesqualifyingashedgestax": 400000,
        "salesrevenuegoodsnet": 200000,
        "salesrevenueservicesnet": 169400000,
        "salesrevenuenet": 895800000,
        "costofgoodssold": 700000,
        "costofservices": 117600000,
        "costofgoodsandservicessold": 928000000,
        "grossprofit": 663700000,
        "sellinggeneralandadministrativeexpense": 385400000,
        "otherincomeexpense": 9400000,
        "interestexpense": 14900000,
        "incomelossfromcontinuingoperationsbeforeincometaxesextraordinaryitemsnoncontrollinginterest": 211900000,
        "incometaxexpensebenefit": -200000,
        "earningspersharebasic": 1.43,
        "earningspersharediluted": 1.41,
        "commonstockdividendspersharedeclared": 0.58,
        "weightedaveragenumberofsharesoutstandingbasic": 138600000,
        "weightedaveragenumberofdilutedsharesoutstanding": 140400000
    },
    {
        "date": "2013-06-29",
        "symbol": "ROK",
        "period": "Q3",
        "netincomeloss": 203700000,
        "othercomprehensiveincomelosspensionandotherpostretirementbenefitplansadjustmentnetoftax": -21700000,
        "othercomprehensiveincomelossforeigncurrencytransactionandtranslationadjustmentnetoftax": -11900000,
        "othercomprehensiveincomelossderivativesqualifyingashedgesnetoftax": -400000,
        "othercomprehensiveincomelossnetoftax": 9400000,
        "comprehensiveincomenetoftax": 213100000,
        "salesrevenuegoodsnet": 1466200000,
        "salesrevenueservicesnet": 158000000,
        "salesrevenuenet": 953200000,
        "costofgoodssold": 859600000,
        "costofservices": 111700000,
        "costofgoodsandservicessold": 971300000,
        "grossprofit": 652900000,
        "sellinggeneralandadministrativeexpense": 383700000,
        "otherincomeexpense": 3500000,
        "interestexpense": 15300000,
        "incomelossfromcontinuingoperationsbeforeincometaxesextraordinaryitemsnoncontrollinginterest": 129200000,
        "incometaxexpensebenefit": 53700000,
        "earningspersharebasic": 1.46,
        "earningspersharediluted": 1.45,
        "commonstockdividendspersharedeclared": 1.04,
        "weightedaveragenumberofsharesoutstandingbasic": 138900000,
        "weightedaveragenumberofdilutedsharesoutstanding": 140400000
    },
    {
        "date": "2013-03-30",
        "symbol": "ROK",
        "period": "Q2",
        "netincomeloss": 175900000,
        "othercomprehensiveincomelosspensionandotherpostretirementbenefitplansadjustmentnetoftax": -21800000,
        "othercomprehensiveincomelossforeigncurrencytransactionandtranslationadjustmentnetoftax": -44000000,
        "othercomprehensiveincomelossderivativesqualifyingashedgesnetoftax": 5200000,
        "othercomprehensiveincomelossnetoftax": -17000000,
        "comprehensiveincomenetoftax": 158900000,
        "salesrevenuegoodsnet": 1363500000,
        "salesrevenueservicesnet": 159300000,
        "salesrevenuenet": 639200000,
        "costofgoodssold": 794200000,
        "costofservices": 112200000,
        "costofgoodsandservicessold": 906400000,
        "grossprofit": 616400000,
        "sellinggeneralandadministrativeexpense": 376800000,
        "otherincomeexpense": 2800000,
        "interestexpense": 15300000,
        "incomelossfromcontinuingoperationsbeforeincometaxesextraordinaryitemsnoncontrollinginterest": 169900000,
        "incometaxexpensebenefit": 51200000,
        "earningspersharebasic": 1.25,
        "earningspersharediluted": 1.24,
        "commonstockdividendspersharedeclared": 0.47,
        "weightedaveragenumberofsharesoutstandingbasic": 140000000,
        "weightedaveragenumberofdilutedsharesoutstanding": 141800000
    },
    {
        "date": "2012-12-30",
        "symbol": "ROK",
        "period": "Q1",
        "netincomeloss": 161400000,
        "othercomprehensiveincomelosspensionandotherpostretirementbenefitplansadjustmentnetoftax": -21900000,
        "othercomprehensiveincomelossforeigncurrencytransactionandtranslationadjustmentnetoftax": 24300000,
        "othercomprehensiveincomelossderivativesqualifyingashedgesnetoftax": -1000000,
        "othercomprehensiveincomelossnetoftax": 45200000,
        "comprehensiveincomenetoftax": 206600000,
        "salesrevenuegoodsnet": 1334200000,
        "salesrevenueservicesnet": 155000000,
        "salesrevenuenet": 831700000,
        "costofgoodssold": 774800000,
        "costofservices": 107100000,
        "costofgoodsandservicessold": 881900000,
        "grossprofit": 607300000,
        "sellinggeneralandadministrativeexpense": 373500000,
        "otherincomeexpense": -1200000,
        "interestexpense": 15400000,
        "incomelossfromcontinuingoperationsbeforeincometaxesextraordinaryitemsnoncontrollinginterest": -19700000,
        "incometaxexpensebenefit": 55800000,
        "earningspersharebasic": 1.16,
        "earningspersharediluted": 1.14,
        "commonstockdividendspersharedeclared": 0.47,
        "weightedaveragenumberofsharesoutstandingbasic": 139300000,
        "weightedaveragenumberofdilutedsharesoutstanding": 141200000
    },
    {
        "date": "2012-06-29",
        "symbol": "ROK",
        "period": "Q3",
        "salesrevenuegoodsnet": 1414500000,
        "salesrevenueservicesnet": 145900000,
        "salesrevenuenet": 663800000,
        "costofgoodssold": 823900000,
        "costofservices": 105000000,
        "costofgoodsandservicessold": 928900000,
        "grossprofit": 631500000,
        "sellinggeneralandadministrativeexpense": 369800000,
        "otherincomeexpense": -1700000,
        "interestexpense": 15200000,
        "incomelossfromcontinuingoperationsbeforeincometaxesminorityinterestandincomelossfromequitymethodinvestments": 244800000,
        "incometaxexpensebenefit": 54100000,
        "incomelossfromcontinuingoperations": -15200000,
        "netincomeloss": 190700000,
        "incomelossfromcontinuingoperationsperbasicshare": 1.34,
        "earningspersharebasic": 1.34,
        "incomelossfromcontinuingoperationsperdilutedshare": 1.33,
        "earningspersharediluted": 1.33,
        "commonstockdividendspersharedeclared": 0.895,
        "weightedaveragenumberofsharesoutstandingbasic": 141700000,
        "weightedaveragenumberofdilutedsharesoutstanding": 143500000
    },
    {
        "date": "2012-03-30",
        "symbol": "ROK",
        "period": "Q2",
        "salesrevenuegoodsnet": 1414700000,
        "salesrevenueservicesnet": 146400000,
        "salesrevenuenet": 664800000,
        "costofgoodssold": 839500000,
        "costofservices": 103300000,
        "costofgoodsandservicessold": 942800000,
        "grossprofit": 618300000,
        "sellinggeneralandadministrativeexpense": 373100000,
        "otherincomeexpense": -6900000,
        "interestexpense": 15000000,
        "incomelossfromcontinuingoperationsbeforeincometaxesminorityinterestandincomelossfromequitymethodinvestments": 223300000,
        "incometaxexpensebenefit": 55500000,
        "netincomeloss": 268300000,
        "earningspersharebasic": 1.18,
        "earningspersharediluted": 1.16,
        "commonstockdividendspersharedeclared": 0.425,
        "weightedaveragenumberofsharesoutstandingbasic": 142500000,
        "weightedaveragenumberofdilutedsharesoutstanding": 144700000
    },
    {
        "date": "2011-12-30",
        "symbol": "ROK",
        "period": "Q1",
        "salesrevenuegoodsnet": 1325500000,
        "salesrevenueservicesnet": 148400000,
        "salesrevenuenet": 823400000,
        "costofgoodssold": 752800000,
        "costofservices": 102400000,
        "costofgoodsandservicessold": 855200000,
        "grossprofit": 618700000,
        "sellinggeneralandadministrativeexpense": 362400000,
        "otherincomeexpense": 1600000,
        "interestexpense": 15000000,
        "incomelossfromcontinuingoperationsbeforeincometaxesminorityinterestandincomelossfromequitymethodinvestments": 242900000,
        "incometaxexpensebenefit": 59600000,
        "netincomeloss": 283800000,
        "earningspersharebasic": 1.29,
        "earningspersharediluted": 1.27,
        "commonstockdividendspersharedeclared": 0.425,
        "weightedaveragenumberofsharesoutstandingbasic": 141800000,
        "weightedaveragenumberofdilutedsharesoutstanding": 143900000
    },
    {
        "date": "2011-06-29",
        "symbol": "ROK",
        "period": "Q3",
        "salesrevenuegoodsnet": 1370000000,
        "salesrevenueservicesnet": 146200000,
        "salesrevenuenet": 843300000,
        "costofgoodssold": 810100000,
        "costofservices": 99300000,
        "costofgoodsandservicessold": 909400000,
        "grossprofit": 606800000,
        "sellinggeneralandadministrativeexpense": 370000000,
        "otherincomeexpense": -900000,
        "interestexpense": 14700000,
        "incomelossfromcontinuingoperationsbeforeincometaxesminorityinterestandincomelossfromequitymethodinvestments": 221200000,
        "incometaxexpensebenefit": 42400000,
        "incomelossfromcontinuingoperations": -22300000,
        "incomelossfromdiscontinuedoperationsnetoftaxattributabletoreportingentity": 700000,
        "netincomeloss": 179500000,
        "incomelossfromcontinuingoperationsperbasicshare": 1.24,
        "incomelossfromdiscontinuedoperationsnetoftaxperbasicshare": 0.01,
        "earningspersharebasic": 1.25,
        "incomelossfromcontinuingoperationsperdilutedshare": 1.22,
        "incomelossfromdiscontinuedoperationsnetoftaxperdilutedshare": 0.01,
        "earningspersharediluted": 1.23,
        "commonstockdividendspersharedeclared": 0.775,
        "weightedaveragenumberofsharesoutstandingbasic": 143400000,
        "weightedaveragenumberofdilutedsharesoutstanding": 145900000
    },
    {
        "date": "2011-03-30",
        "symbol": "ROK",
        "period": "Q2",
        "salesrevenuegoodsnet": 1329400000,
        "salesrevenueservicesnet": 134700000,
        "salesrevenuenet": 839900000,
        "costofgoodssold": 795100000,
        "costofservices": 92500000,
        "costofgoodsandservicessold": 887600000,
        "grossprofit": 576500000,
        "sellinggeneralandadministrativeexpense": 356100000,
        "otherincomeexpense": -1400000,
        "interestexpense": 15400000,
        "incomelossfromcontinuingoperationsbeforeincometaxesminorityinterestandincomelossfromequitymethodinvestments": 203600000,
        "incometaxexpensebenefit": 37200000,
        "incomelossfromcontinuingoperations": 166400000,
        "netincomeloss": 166400000,
        "incomelossfromcontinuingoperationsperbasicshare": 1.16,
        "earningspersharebasic": 1.16,
        "incomelossfromcontinuingoperationsperdilutedshare": 1.14,
        "earningspersharediluted": 1.14,
        "commonstockdividendspersharedeclared": 0.35,
        "weightedaveragenumberofsharesoutstandingbasic": 143400000,
        "weightedaveragenumberofdilutedsharesoutstanding": 146300000
    },
    {
        "date": "2010-12-30",
        "symbol": "ROK",
        "period": "Q1",
        "salesrevenuegoodsnet": 1235700000,
        "salesrevenueservicesnet": 130100000,
        "salesrevenuenet": 613900000,
        "costofgoodssold": 733300000,
        "costofservices": 88600000,
        "costofgoodsandservicessold": 821900000,
        "grossprofit": 543900000,
        "sellinggeneralandadministrativeexpense": 347000000,
        "otherincomeexpense": 4600000,
        "interestexpense": 14800000,
        "incomelossfromcontinuingoperationsbeforeincometaxesminorityinterestandincomelossfromequitymethodinvestments": 186700000,
        "incometaxexpensebenefit": 36600000,
        "incomelossfromcontinuingoperations": 150100000,
        "netincomeloss": 150100000,
        "incomelossfromcontinuingoperationsperbasicshare": 1.06,
        "earningspersharebasic": 1.06,
        "incomelossfromcontinuingoperationsperdilutedshare": 1.04,
        "earningspersharediluted": 1.04,
        "commonstockdividendspersharedeclared": 0.35,
        "weightedaveragenumberofsharesoutstandingbasic": 141800000,
        "weightedaveragenumberofdilutedsharesoutstanding": 144500000
    },
    {
        "date": "2010-06-29",
        "symbol": "ROK",
        "period": "Q3",
        "salesrevenuegoodsnet": 1128600000,
        "salesrevenueservicesnet": 139500000,
        "salesrevenuenet": -692900000,
        "costofgoodssold": 663800000,
        "costofservices": 97000000,
        "costofgoodsandservicessold": 760800000,
        "grossprofit": 507300000,
        "sellinggeneralandadministrativeexpense": 333300000,
        "interestexpense": 14800000,
        "incomelossfromcontinuingoperationsbeforeincometaxesminorityinterestandincomelossfromequitymethodinvestments": 155500000,
        "incometaxexpensebenefit": 36100000,
        "incomelossfromcontinuingoperations": 119400000,
        "incomelossfromdiscontinuedoperationsnetoftaxattributabletoreportingentity": 0,
        "netincomeloss": 119400000,
        "incomelossfromcontinuingoperationsperbasicshare": 0.8399999999999999,
        "incomelossfromdiscontinuedoperationsnetoftaxperbasicshare": 1.9081958235744878e-17,
        "earningspersharebasic": 0.8399999999999999,
        "incomelossfromcontinuingoperationsperdilutedshare": 0.8300000000000001,
        "incomelossfromdiscontinuedoperationsnetoftaxperdilutedshare": 1.9081958235744878e-17,
        "earningspersharediluted": 0.8300000000000001,
        "commonstockdividendspersharecashpaid": 0.6399999999999999,
        "weightedaveragenumberofsharesoutstandingbasic": -142300000,
        "weightedaveragenumberofdilutedsharesoutstanding": -144000000
    },
    {
        "date": "2010-03-30",
        "symbol": "ROK",
        "period": "Q2",
        "salesrevenuegoodsnet": 1049100000,
        "salesrevenueservicesnet": 115400000,
        "salesrevenuenet": 1164500000,
        "costofgoodssold": 612800000,
        "costofservices": 78600000,
        "costofgoodsandservicessold": 691400000,
        "grossprofit": 473100000,
        "sellinggeneralandadministrativeexpense": 323200000,
        "otherexpenseincome": 1200000,
        "interestexpense": 15100000,
        "incomelossfromcontinuingoperationsbeforeincometaxesminorityinterestandincomelossfromequitymethodinvestments": 133600000,
        "incometaxexpensebenefit": 21700000,
        "incomelossfromcontinuingoperations": 111900000,
        "incomelossfromdiscontinuedoperationsnetoftaxattributabletoreportingentity": 25100000,
        "netincomeloss": 137000000,
        "incomelossfromcontinuingoperationsperbasicshare": 0.78,
        "incomelossfromdiscontinuedoperationsnetoftaxperbasicshare": 0.18,
        "earningspersharebasic": 0.96,
        "incomelossfromcontinuingoperationsperdilutedshare": 0.77,
        "incomelossfromdiscontinuedoperationsnetoftaxperdilutedshare": 0.18,
        "earningspersharediluted": 0.95,
        "commonstockdividendspersharecashpaid": 0.29,
        "weightedaveragenumberofsharesoutstandingbasic": 142400000,
        "weightedaveragenumberofdilutedsharesoutstanding": 144400000
    },
    {
        "date": "2009-12-30",
        "symbol": "ROK",
        "period": "Q1",
        "salesrevenuegoodsnet": 949300000,
        "salesrevenueservicesnet": 118200000,
        "salesrevenuenet": 1067500000,
        "costofgoodssold": 559600000,
        "costofservices": 81100000,
        "costofgoodsandservicessold": 640700000,
        "grossprofit": 426800000,
        "sellinggeneralandadministrativeexpense": 312500000,
        "otheroperatingincome": -1600000,
        "interestexpense": 15400000,
        "incomelossfromcontinuingoperationsbeforeincometaxesminorityinterestandincomelossfromequitymethodinvestments": 97300000,
        "incometaxexpensebenefit": 19500000,
        "incomelossfromcontinuingoperations": 77800000,
        "incomelossfromdiscontinuedoperationsnetoftaxattributabletoreportingentity": -1200000,
        "netincomeloss": 76600000,
        "incomelossfromcontinuingoperationsperbasicshare": 0.55,
        "incomelossfromdiscontinuedoperationsnetoftaxperbasicshare": -0.01,
        "earningspersharebasic": 0.54,
        "incomelossfromcontinuingoperationsperdilutedshare": 0.54,
        "incomelossfromdiscontinuedoperationsnetoftaxperdilutedshare": -0.01,
        "earningspersharediluted": 0.53,
        "commonstockdividendspersharecashpaid": 0.29,
        "weightedaveragenumberofsharesoutstandingbasic": 142000000,
        "weightedaveragenumberofdilutedsharesoutstanding": 143700000
    }
]