[
    {
        "date": "2024-09-29",
        "symbol": "O",
        "period": "Q3",
        "leaseincome": 1271153000,
        "otherincome": 59762000,
        "revenues": 1330915000,
        "depreciationdepletionandamortization": 602339000,
        "interestexpense": 261261000,
        "directcostsofleasedandrentedpropertyorequipment": 92154000,
        "generalandadministrativeexpense": 41869000,
        "impairmentofrealestate": 33100000,
        "businesscombinationacquisitionrelatedcosts": 2900000,
        "costsandexpenses": 1103153000,
        "gainlossonsaleofproperties": 50563000,
        "gainlossonforeigncurrencyandunrealizedderivativesnet": -1672000,
        "incomelossfromequitymethodinvestments": 5087000,
        "othernonoperatingincomeexpense": 4739000,
        "incomelossfromcontinuingoperationsbeforeincometaxesextraordinaryitemsnoncontrollinginterest": 286479000,
        "incometaxexpensebenefit": 15355000,
        "profitloss": 271124000,
        "netincomelossattributabletononcontrollinginterest": 1639000,
        "netincomeloss": 269485000,
        "preferredstockdividendsincomestatementimpact": 2588000,
        "preferredstockredemptionpremium": 5100000,
        "netincomelossavailabletocommonstockholdersbasic": 261781000,
        "earningspersharebasic": 0.3,
        "earningspersharediluted": 0.3,
        "weightedaveragenumberofsharesoutstandingbasic": 870665000,
        "weightedaveragenumberofdilutedsharesoutstanding": 872052000,
        "othercomprehensiveincomeforeigncurrencytransactionandtranslationadjustmentnetoftaxportionattributabletoparent": 74615000,
        "othercomprehensiveincomelosscashflowhedgegainlossafterreclassificationandtaxparent": -46474000,
        "othercomprehensiveincomelossnetoftax": 28141000,
        "comprehensiveincomenetoftax": 289922000
    },
    {
        "date": "2024-03-30",
        "symbol": "O",
        "period": "Q1",
        "leaseincome": 1208169000,
        "otherincome": 52316000,
        "revenues": 1260485000,
        "depreciationdepletionandamortization": 581064000,
        "interestexpense": 240614000,
        "directcostsofleasedandrentedpropertyorequipment": 89361000,
        "generalandadministrativeexpense": 40842000,
        "impairmentofrealestate": 89489000,
        "businesscombinationacquisitionrelatedcosts": 94104000,
        "costsandexpenses": 1135474000,
        "gainlossonsaleofproperties": 16574000,
        "gainlossonforeigncurrencyandunrealizedderivativesnet": 4046000,
        "incomelossfromequitymethodinvestments": -1676000,
        "othernonoperatingincomeexpense": 5446000,
        "incomelossfromcontinuingoperationsbeforeincometaxesextraordinaryitemsnoncontrollinginterest": 149401000,
        "incometaxexpensebenefit": 15502000,
        "profitloss": 133899000,
        "netincomelossattributabletononcontrollinginterest": 1615000,
        "netincomeloss": 132284000,
        "preferredstockdividendsandotheradjustments": 2588000,
        "netincomelossavailabletocommonstockholdersbasic": 129696000,
        "earningspersharebasic": 0.16,
        "earningspersharediluted": 0.16,
        "weightedaveragenumberofsharesoutstandingbasic": 834940000,
        "weightedaveragenumberofdilutedsharesoutstanding": 835242000,
        "othercomprehensiveincomeforeigncurrencytransactionandtranslationadjustmentnetoftaxportionattributabletoparent": -18036000,
        "othercomprehensiveincomelosscashflowhedgegainlossafterreclassificationandtaxparent": 8922000,
        "othercomprehensiveincomelossnetoftax": -9114000,
        "comprehensiveincomenetoftax": 120582000
    },
    {
        "date": "2023-12-30",
        "symbol": "O",
        "period": "Q4",
        "leaseincome": 1028710000,
        "otherincome": 47575000,
        "revenues": 1076285000,
        "depreciationdepletionandamortization": 475856000,
        "interestexpense": 208313000,
        "directcostsofleasedandrentedpropertyorequipment": 81883000,
        "generalandadministrativeexpense": 38015000,
        "impairmentofrealestate": 27281000,
        "businesscombinationacquisitionrelatedcosts": 9932000,
        "costsandexpenses": 841280000,
        "gainlossonsaleofproperties": 5992000,
        "gainlossonforeigncurrencyandunrealizedderivativesnet": -18371000,
        "othernonoperatingincomeexpense": 10804000,
        "incomelossfromcontinuingoperationsbeforeincometaxesextraordinaryitemsnoncontrollinginterest": 235565000,
        "incometaxexpensebenefit": 15803000,
        "profitloss": 219762000,
        "netincomelossattributabletononcontrollinginterest": 1357000,
        "netincomeloss": 218405000,
        "earningspersharebasic": 0.3000000000000001,
        "earningspersharediluted": 0.3000000000000001,
        "weightedaveragenumberofsharesoutstandingbasic": 692298000,
        "weightedaveragenumberofdilutedsharesoutstanding": 693024000,
        "othercomprehensiveincomeforeigncurrencytransactionandtranslationadjustmentnetoftaxportionattributabletoparent": 67931000,
        "othercomprehensiveincomelosscashflowhedgegainlossafterreclassificationandtaxparent": -35886000,
        "othercomprehensiveincomelossnetoftax": 32045000,
        "comprehensiveincomenetoftax": 250450000
    },
    {
        "date": "2023-09-29",
        "symbol": "O",
        "period": "Q3",
        "leaseincome": 1008862000,
        "otherincome": 30242000,
        "revenues": 1039104000,
        "depreciationdepletionandamortization": 495566000,
        "interestexpense": 184121000,
        "directcostsofleasedandrentedpropertyorequipment": 70981000,
        "generalandadministrativeexpense": 35525000,
        "impairmentofrealestate": 16808000,
        "businesscombinationacquisitionrelatedcosts": 2884000,
        "costsandexpenses": 805885000,
        "gainlossonsaleofproperties": 7572000,
        "gainlossonforeigncurrencyandunrealizedderivativesnet": -2813000,
        "othernonoperatingincomeexpense": 7235000,
        "incomelossfromcontinuingoperationsbeforeincometaxesextraordinaryitemsnoncontrollinginterest": 245213000,
        "incometaxexpensebenefit": 11336000,
        "profitloss": 233877000,
        "netincomelossattributabletononcontrollinginterest": 404000,
        "netincomeloss": 233473000,
        "earningspersharebasic": 0.3299999999999999,
        "earningspersharediluted": 0.3299999999999999,
        "weightedaveragenumberofsharesoutstandingbasic": -653152399,
        "weightedaveragenumberofdilutedsharesoutstanding": -653702844,
        "othercomprehensiveincomeforeigncurrencytransactionandtranslationadjustmentnetoftaxportionattributabletoparent": -61401000,
        "othercomprehensiveincomelosscashflowhedgegainlossafterreclassificationandtaxparent": 7193000,
        "othercomprehensiveincomelossnetoftax": -54208000,
        "comprehensiveincomenetoftax": 179265000
    },
    {
        "date": "2023-06-29",
        "symbol": "O",
        "period": "Q2",
        "leaseincome": 995289000,
        "otherincome": 23916000,
        "revenues": 1019205000,
        "depreciationdepletionandamortization": 472278000,
        "interestexpense": 183857000,
        "directcostsofleasedandrentedpropertyorequipment": 94703000,
        "generalandadministrativeexpense": 36829000,
        "impairmentofrealestate": 29815000,
        "businesscombinationacquisitionrelatedcosts": 341000,
        "costsandexpenses": 817823000,
        "gainlossonsaleofproperties": 7824000,
        "gainlossonforeigncurrencyandunrealizedderivativesnet": -2552000,
        "incomelossfromequitymethodinvestments": 411000,
        "othernonoperatingincomeexpense": 3020000,
        "incomelossfromcontinuingoperationsbeforeincometaxesextraordinaryitemsnoncontrollinginterest": 210085000,
        "incometaxexpensebenefit": 12932000,
        "profitloss": 197153000,
        "netincomelossattributabletononcontrollinginterest": 1738000,
        "netincomeloss": 195415000,
        "earningspersharebasic": 0.29,
        "earningspersharediluted": 0.29,
        "weightedaveragenumberofsharesoutstandingbasic": 674109000,
        "weightedaveragenumberofdilutedsharesoutstanding": 674593000,
        "othercomprehensiveincomeforeigncurrencytransactionandtranslationadjustmentnetoftaxportionattributabletoparent": 29046000,
        "othercomprehensiveincomelosscashflowhedgegainlossafterreclassificationandtaxparent": -6410000,
        "othercomprehensiveincomelossnetoftax": 22636000,
        "comprehensiveincomenetoftax": 218051000
    },
    {
        "date": "2023-03-30",
        "symbol": "O",
        "period": "Q1",
        "leaseincome": 925289000,
        "otherincome": 19110000,
        "revenues": 944399000,
        "depreciationdepletionandamortization": 451477000,
        "interestexpense": 154132000,
        "directcostsofleasedandrentedpropertyorequipment": 69397000,
        "generalandadministrativeexpense": 34167000,
        "impairmentofrealestate": 13178000,
        "businesscombinationacquisitionrelatedcosts": 1307000,
        "costsandexpenses": 723658000,
        "gainlossonsaleofproperties": 4279000,
        "gainlossonforeigncurrencyandunrealizedderivativesnet": 10322000,
        "othernonoperatingincomeexpense": 2730000,
        "incomelossfromcontinuingoperationsbeforeincometaxesextraordinaryitemsnoncontrollinginterest": 238072000,
        "incometaxexpensebenefit": 11950000,
        "profitloss": 226122000,
        "netincomelossattributabletononcontrollinginterest": 1106000,
        "netincomeloss": 225016000,
        "earningspersharebasic": 0.34,
        "earningspersharediluted": 0.34,
        "weightedaveragenumberofsharesoutstandingbasic": 660462399,
        "weightedaveragenumberofdilutedsharesoutstanding": 661238844,
        "othercomprehensiveincomeforeigncurrencytransactionandtranslationadjustmentnetoftaxportionattributabletoparent": 28750000,
        "othercomprehensiveincomelosscashflowhedgegainlossafterreclassificationandtaxparent": -2162000,
        "othercomprehensiveincomelossnetoftax": 26588000,
        "comprehensiveincomenetoftax": 251604000
    },
    {
        "date": "2022-12-30",
        "symbol": "O",
        "period": "Q4",
        "leaseincome": 873346000,
        "otherincome": 15304000,
        "revenues": 888650000,
        "depreciationdepletionandamortization": 438174000,
        "interestexpense": 131290000,
        "directcostsofleasedandrentedpropertyorequipment": 69089000,
        "generalandadministrativeexpense": 37525000,
        "impairmentofrealestate": 9481000,
        "businesscombinationacquisitionrelatedcosts": 903000,
        "costsandexpenses": 686462000,
        "gainlossonsaleofproperties": 9346000,
        "incomelossfromequitymethodinvestments": -113000,
        "othernonoperatingincomeexpense": 23604000,
        "incomelossfromcontinuingoperationsbeforeincometaxesextraordinaryitemsnoncontrollinginterest": 237717000,
        "incometaxexpensebenefit": 9381000,
        "profitloss": 228336000,
        "netincomelossattributabletononcontrollinginterest": 1071000,
        "netincomeloss": 227265000,
        "earningspersharebasic": 0.35000000000000003,
        "earningspersharediluted": 0.35000000000000003,
        "weightedaveragenumberofsharesoutstandingbasic": -1201245294,
        "weightedaveragenumberofdilutedsharesoutstanding": -1201849025,
        "othercomprehensiveincomeforeigncurrencytransactionandtranslationadjustmentnetoftaxportionattributabletoparent": 93775000,
        "othercomprehensiveincomelosscashflowhedgegainlossafterreclassificationandtaxparent": -22004000,
        "comprehensiveincomenetoftax": 299036000
    },
    {
        "date": "2022-09-29",
        "symbol": "O",
        "period": "Q3",
        "leaseincome": 825946000,
        "otherincome": 11323000,
        "revenues": 837269000,
        "depreciationdepletionandamortization": 419016000,
        "interestexpense": 117409000,
        "directcostsofleasedandrentedpropertyorequipment": 52719000,
        "generalandadministrativeexpense": 34096000,
        "impairmentofrealestate": 1650000,
        "businesscombinationacquisitionrelatedcosts": 3746000,
        "costsandexpenses": 628636000,
        "gainlossonsaleofproperties": 42883000,
        "gainlossonforeigncurrencyandderivativenet": -22893000,
        "gainslossesonextinguishmentofdebt": 240000,
        "incomelossfromequitymethodinvestments": -662000,
        "othernonoperatingincomeexpense": 2249000,
        "incomelossfromcontinuingoperationsbeforeincometaxesextraordinaryitemsnoncontrollinginterest": 230450000,
        "incometaxexpensebenefit": 10163000,
        "profitloss": 220287000,
        "netincomelossattributabletononcontrollinginterest": 720000,
        "netincomeloss": 219567000,
        "earningspersharebasic": 0.36,
        "earningspersharediluted": 0.36,
        "weightedaveragenumberofsharesoutstandingbasic": 617511609,
        "weightedaveragenumberofdilutedsharesoutstanding": 617957039,
        "othercomprehensiveincomeforeigncurrencytransactionandtranslationadjustmentnetoftaxportionattributabletoparent": -89231000,
        "othercomprehensiveincomelosscashflowhedgegainlossafterreclassificationandtaxparent": 41914000,
        "comprehensiveincomenetoftax": 172250000
    },
    {
        "date": "2022-06-29",
        "symbol": "O",
        "period": "Q2",
        "leaseincome": 800800000,
        "otherincome": 9619000,
        "revenues": 810419000,
        "depreciationdepletionandamortization": 409437000,
        "interestexpense": 110121000,
        "directcostsofleasedandrentedpropertyorequipment": 52180000,
        "generalandadministrativeexpense": 34139000,
        "impairmentofrealestate": 7691000,
        "businesscombinationacquisitionrelatedcosts": 2729000,
        "costsandexpenses": 616297000,
        "gainlossonsaleofproperties": 40572000,
        "gainlossonforeigncurrencyandderivativenet": 7480000,
        "gainslossesonextinguishmentofdebt": 127000,
        "incomelossfromequitymethodinvestments": -6627000,
        "othernonoperatingincomeexpense": 2806000,
        "incomelossfromcontinuingoperationsbeforeincometaxesextraordinaryitemsnoncontrollinginterest": 238480000,
        "incometaxexpensebenefit": 14658000,
        "profitloss": 223822000,
        "netincomelossattributabletononcontrollinginterest": 615000,
        "netincomeloss": 223207000,
        "earningspersharebasic": 0.37,
        "earningspersharediluted": 0.37,
        "weightedaveragenumberofsharesoutstandingbasic": 601672201,
        "weightedaveragenumberofdilutedsharesoutstanding": 602030666,
        "othercomprehensiveincomeforeigncurrencytransactionandtranslationadjustmentnetoftaxportionattributabletoparent": -48992000,
        "othercomprehensiveincomelosscashflowhedgegainlossafterreclassificationandtaxparent": 33454000,
        "comprehensiveincomenetoftax": 207669000
    },
    {
        "date": "2022-03-30",
        "symbol": "O",
        "period": "Q1",
        "leaseincome": 799565000,
        "otherincome": 7778000,
        "revenues": 807343000,
        "depreciationdepletionandamortization": 403762000,
        "interestexpense": 106403000,
        "directcostsofleasedandrentedpropertyorequipment": 52342000,
        "generalandadministrativeexpense": 32699000,
        "impairmentofrealestate": 7038000,
        "businesscombinationacquisitionrelatedcosts": 6519000,
        "costsandexpenses": 608763000,
        "gainlossonsaleofproperties": 10156000,
        "gainlossonforeigncurrencyandderivativenet": -590000,
        "incomelossfromequitymethodinvestments": 954000,
        "othernonoperatingincomeexpense": 1852000,
        "incomelossfromcontinuingoperationsbeforeincometaxesextraordinaryitemsnoncontrollinginterest": 210952000,
        "incometaxexpensebenefit": 10981000,
        "profitloss": 199971000,
        "netincomelossattributabletononcontrollinginterest": 602000,
        "netincomeloss": 199369000,
        "earningspersharebasic": 0.34,
        "earningspersharediluted": 0.34,
        "weightedaveragenumberofsharesoutstandingbasic": 593827299,
        "weightedaveragenumberofdilutedsharesoutstanding": 594041839,
        "othercomprehensiveincomeforeigncurrencytransactionandtranslationadjustmentnetoftaxportionattributabletoparent": -10706000,
        "othercomprehensiveincomelosscashflowhedgegainlossafterreclassificationandtaxparent": 43690000,
        "comprehensiveincomenetoftax": 232353000
    },
    {
        "date": "2021-09-29",
        "symbol": "O",
        "period": "Q3",
        "leaseincome": 486337000,
        "otherincome": 5538000,
        "revenues": 491875000,
        "depreciationdepletionandamortization": 198832000,
        "interestexpense": 76156000,
        "directcostsofleasedandrentedpropertyorequipment": 29662000,
        "generalandadministrativeexpense": 23813000,
        "impairmentofrealestate": 11011000,
        "businesscombinationacquisitionrelatedcosts": 16783000,
        "costsandexpenses": 356257000,
        "gainlossonsaleofproperties": 12094000,
        "gainlossonforeigncurrencyandderivative": -2374000,
        "gainslossesonextinguishmentofdebt": -3983000,
        "incomelossfromcontinuingoperationsbeforeincometaxesextraordinaryitemsnoncontrollinginterest": 141355000,
        "incometaxexpensebenefit": 6079000,
        "profitloss": 135276000,
        "netincomelossattributabletononcontrollinginterest": 280000,
        "netincomeloss": 134996000,
        "earningspersharebasic": 0.34,
        "earningspersharediluted": 0.34,
        "weightedaveragenumberofsharesoutstandingbasic": 391913478,
        "weightedaveragenumberofdilutedsharesoutstanding": 392050401,
        "othercomprehensiveincomeforeigncurrencytransactionandtranslationadjustmentnetoftaxportionattributabletoparent": 1438000,
        "othercomprehensiveincomelosscashflowhedgegainlossafterreclassificationandtaxparent": 16852000,
        "comprehensiveincomenetoftax": 153286000
    },
    {
        "date": "2021-06-29",
        "symbol": "O",
        "period": "Q2",
        "leaseincome": 460256000,
        "otherincome": 4026000,
        "revenues": 464282000,
        "depreciationdepletionandamortization": 187789000,
        "interestexpense": 73674000,
        "directcostsofleasedandrentedpropertyorequipment": 31734000,
        "generalandadministrativeexpense": 21849000,
        "impairmentofrealestate": 17246000,
        "gainlossonsaleofproperties": 14901000,
        "gainlossonforeigncurrencyandderivative": 400000,
        "gainslossesonextinguishmentofdebt": 0,
        "incometaxexpensebenefit": 9225000,
        "profitloss": 124768000,
        "netincomelossattributabletononcontrollinginterest": 289000,
        "netincomeloss": 124479000,
        "earningspersharebasic": 0.32999999999999996,
        "earningspersharediluted": 0.32999999999999996,
        "weightedaveragenumberofsharesoutstandingbasic": 1356558,
        "weightedaveragenumberofdilutedsharesoutstanding": 1369843,
        "othercomprehensiveincomeforeigncurrencytransactionandtranslationadjustmentnetoftaxportionattributabletoparent": -49000,
        "othercomprehensiveincomelosscashflowhedgegainlossafterreclassificationandtaxparent": -10833000,
        "comprehensiveincomenetoftax": 113597000
    },
    {
        "date": "2021-03-30",
        "symbol": "O",
        "period": "Q1",
        "leaseincome": 439365000,
        "otherincome": 3439000,
        "revenues": 442804000,
        "depreciationdepletionandamortization": 177985000,
        "interestexpense": 73075000,
        "directcostsofleasedandrentedpropertyorequipment": 28499000,
        "generalandadministrativeexpense": 20796000,
        "incometaxexpensebenefit": 6225000,
        "impairmentofrealestate": 2720000,
        "expensesincludingincometaxexpense": 309300000,
        "gainlossonsaleofproperties": 8401000,
        "gainlossonforeigncurrencyandderivative": 804000,
        "gainslossesonextinguishmentofdebt": -46473000,
        "profitloss": 96236000,
        "netincomelossattributabletononcontrollinginterest": 296000,
        "netincomeloss": 95940000,
        "earningspersharebasic": 0.26,
        "earningspersharediluted": 0.26,
        "weightedaveragenumberofsharesoutstandingbasic": 371522607,
        "weightedaveragenumberofdilutedsharesoutstanding": 371601901,
        "othercomprehensiveincomeforeigncurrencytransactionandtranslationadjustmentnetoftaxportionattributabletoparent": -259000,
        "othercomprehensiveincomelosscashflowhedgegainlossafterreclassificationandtaxparent": 46409000,
        "comprehensiveincomenetoftax": 142090000
    },
    {
        "date": "2020-12-30",
        "symbol": "O",
        "period": "Q4",
        "leaseincome": -224449000,
        "otherincome": 2770000,
        "revenues": 418076000,
        "depreciationdepletionandamortization": 175041000,
        "interestexpense": 78764000,
        "generalandadministrativeexpense": 16674000,
        "incometaxexpensebenefit": 4500000,
        "impairmentofrealestate": 23790000,
        "expensesincludingincometaxexpense": 325904000,
        "gainlossonsaleofproperties": 22667000,
        "gainlossonforeigncurrencyandderivative": 3311000,
        "profitloss": -136501000,
        "netincomelossattributabletononcontrollinginterest": 219000,
        "netincomeloss": 117931000,
        "weightedaveragenumberofsharesoutstandingbasic": -336995525,
        "weightedaveragenumberofdilutedsharesoutstanding": -337349225,
        "othercomprehensiveincomeforeigncurrencytransactionandtranslationadjustmentnetoftaxportionattributabletoparent": -2056000,
        "othercomprehensiveincomelosscashflowhedgegainlossafterreclassificationandtaxparent": -132000,
        "comprehensiveincomenetoftax": 115743000
    },
    {
        "date": "2020-09-29",
        "symbol": "O",
        "period": "Q3",
        "leaseincome": 1041624000,
        "otherincome": 2703000,
        "revenues": 404572000,
        "depreciationdepletionandamortization": 169084000,
        "interestexpense": 76806000,
        "generalandadministrativeexpense": 16514000,
        "incometaxexpensebenefit": 4592000,
        "impairmentofrealestate": 105095000,
        "expensesincludingincometaxexpense": 397501000,
        "gainlossonsaleofproperties": 13736000,
        "gainlossonforeigncurrencyandderivative": 2336000,
        "profitloss": 277794000,
        "netincomelossattributabletononcontrollinginterest": 239000,
        "netincomeloss": 22904000,
        "weightedaveragenumberofsharesoutstandingbasic": 342214164,
        "weightedaveragenumberofdilutedsharesoutstanding": 342483218,
        "othercomprehensiveincomeforeigncurrencytransactionandtranslationadjustmentnetoftaxportionattributabletoparent": -964000,
        "othercomprehensiveincomelosscashflowhedgegainlossafterreclassificationandtaxparent": 1602000,
        "comprehensiveincomenetoftax": 23542000
    },
    {
        "date": "2020-06-29",
        "symbol": "O",
        "period": "Q2",
        "leaseincome": 410201000,
        "otherincome": 4435000,
        "revenues": 414636000,
        "depreciationdepletionandamortization": 168328000,
        "interestexpense": 77841000,
        "directcostsofleasedandrentedpropertyorequipmentincludingreimbursableexpense": 26452000,
        "generalandadministrativeexpense": 19063000,
        "incometaxexpensebenefit": 2838000,
        "impairmentofrealestate": 13869000,
        "expensesincludingincometaxexpense": 308391000,
        "gainlossonsaleofproperties": 1323000,
        "gainlossonforeigncurrencyandderivative": 502000,
        "gainslossesonextinguishmentofdebt": 0,
        "profitloss": 108070000,
        "netincomelossattributabletononcontrollinginterest": 246000,
        "netincomeloss": 107824000,
        "earningspersharebasicanddiluted": 0.31,
        "weightedaveragenumberofsharesoutstandingbasic": 3436920,
        "weightedaveragenumberofdilutedsharesoutstanding": 3304750,
        "othercomprehensiveincomeforeigncurrencytransactionandtranslationadjustmentnetoftaxportionattributabletoparent": 22000,
        "othercomprehensiveincomelosscashflowhedgegainlossafterreclassificationandtaxparent": -10534000,
        "comprehensiveincomenetoftax": 97312000
    },
    {
        "date": "2020-03-30",
        "symbol": "O",
        "period": "Q1",
        "leaseincome": 412157000,
        "otherincome": 2184000,
        "revenues": 414341000,
        "depreciationdepletionandamortization": 164585000,
        "interestexpense": 75925000,
        "directcostsofleasedandrentedpropertyorequipmentincludingreimbursableexpense": 25606000,
        "generalandadministrativeexpense": 20964000,
        "incometaxexpensebenefit": 2763000,
        "impairmentofrealestate": 4478000,
        "expensesincludingincometaxexpense": 294321000,
        "gainlossonsaleofproperties": 38506000,
        "gainlossonforeigncurrencyandderivative": -1564000,
        "gainslossesonextinguishmentofdebt": -9819000,
        "profitloss": 147143000,
        "netincomelossattributabletononcontrollinginterest": 316000,
        "netincomeloss": 146827000,
        "earningspersharebasicanddiluted": 0.44,
        "weightedaveragenumberofsharesoutstandingbasic": 336624567,
        "weightedaveragenumberofdilutedsharesoutstanding": 336976515,
        "othercomprehensiveincomeforeigncurrencytransactionandtranslationadjustmentnetoftaxportionattributabletoparent": 392000,
        "othercomprehensiveincomelosscashflowhedgegainlossafterreclassificationandtaxparent": -25862000,
        "comprehensiveincomenetoftax": 121357000
    },
    {
        "date": "2019-12-30",
        "symbol": "O",
        "period": "Q4",
        "leaseincome": 394217000,
        "otherincome": 3312000,
        "revenues": 748394000,
        "depreciationdepletionandamortization": 156594000,
        "interestexpense": 75073000,
        "generalandadministrativeexpense": 16330000,
        "directcostsofleasedandrentedpropertyorequipmentincludingreimbursableexpense": 25253000,
        "incometaxexpensebenefit": 1736000,
        "impairmentofrealestate": 8950000,
        "expensesincludingincometaxexpense": 283936000,
        "gainlossonsaleofproperties": 14131000,
        "profitloss": 129841000,
        "netincomelossattributabletononcontrollinginterest": 256000,
        "netincomeloss": 129297000,
        "weightedaveragenumberofsharesoutstandingbasic": -618670228,
        "weightedaveragenumberofdilutedsharesoutstanding": -619245780,
        "comprehensiveincomenetoftax": 125794000
    },
    {
        "date": "2019-09-29",
        "symbol": "O",
        "period": "Q3",
        "leaseincome": 372312000,
        "otherincome": 1935000,
        "revenues": 374247000,
        "depreciationdepletionandamortization": 149424000,
        "interestexpense": 73410000,
        "generalandadministrativeexpense": 16460000,
        "directcostsofleasedandrentedpropertyorequipmentincludingreimbursableexpense": 20354000,
        "incometaxexpensebenefit": 1822000,
        "impairmentofrealestate": 13503000,
        "expensesincludingincometaxexpense": 274973000,
        "gainlossonsaleofproperties": 1674000,
        "gainlossonforeigncurrencyandderivative": 327000,
        "profitloss": 101275000,
        "netincomelossattributabletononcontrollinginterest": 226000,
        "netincomeloss": 101049000,
        "earningspersharebasic": 0.32,
        "earningspersharediluted": 0.32,
        "weightedaveragenumberofsharesoutstandingbasic": 319945932,
        "weightedaveragenumberofdilutedsharesoutstanding": 320263017,
        "othercomprehensiveincomeforeigncurrencytransactionandtranslationadjustmentnetoftaxportionattributabletoparent": -359000,
        "othercomprehensiveincomelosscashflowhedgegainlossafterreclassificationandtaxparent": 1357000,
        "comprehensiveincomenetoftax": 102047000
    },
    {
        "date": "2019-06-29",
        "symbol": "O",
        "period": "Q2",
        "leaseincome": 364252000,
        "otherincome": 1198000,
        "revenues": 365450000,
        "depreciationdepletionandamortization": 150426000,
        "interestexpense": 72488000,
        "generalandadministrativeexpense": 18585000,
        "directcostsofleasedandrentedpropertyorequipmentincludingreimbursableexpense": 21342000,
        "incometaxexpensebenefit": 1155000,
        "impairmentofrealestate": 13061000,
        "expensesincludingincometaxexpense": 277057000,
        "gainlossonsaleofproperties": 6891000,
        "gainlossonforeigncurrencyandderivative": 136000,
        "profitloss": 95420000,
        "netincomelossattributabletononcontrollinginterest": 226000,
        "netincomeloss": 95194000,
        "earningspersharebasicanddiluted": 0.31,
        "weightedaveragenumberofsharesoutstandingbasic": 311032972,
        "weightedaveragenumberofdilutedsharesoutstanding": 311322162,
        "othercomprehensiveincomeforeigncurrencytransactionandtranslationadjustmentnetoftaxportionattributabletoparent": -6000,
        "othercomprehensiveincomelosscashflowhedgegainlossafterreclassificationandtaxparent": -2794000,
        "comprehensiveincomenetoftax": 92394000
    },
    {
        "date": "2019-03-30",
        "symbol": "O",
        "period": "Q1",
        "leaseincome": 354037000,
        "otherincome": 328000,
        "revenues": 3500000,
        "depreciationdepletionandamortization": 137517000,
        "interestexpense": 70020000,
        "generalandadministrativeexpense": 15108000,
        "directcostsofleasedandrentedpropertyorequipmentincludingreimbursableexpense": 21636000,
        "incometaxexpensebenefit": 1445000,
        "impairmentofrealestate": 4672000,
        "expensesincludingincometaxexpense": 250398000,
        "gainlossonsaleofproperties": 7300000,
        "profitloss": 110942000,
        "netincomelossattributabletononcontrollinginterest": 288000,
        "netincomeloss": 110942000,
        "earningspersharebasicanddiluted": 0.37,
        "weightedaveragenumberofsharesoutstandingbasic": 303528336,
        "weightedaveragenumberofdilutedsharesoutstanding": 303819878,
        "othercomprehensiveincomelosscashflowhedgegainlossbeforereclassificationaftertax": -4377000,
        "othercomprehensiveincomelosscashflowhedgegainlossreclassificationaftertax": -678000,
        "comprehensiveincomenetoftax": 107243000
    },
    {
        "date": "2018-09-29",
        "symbol": "O",
        "period": "Q3",
        "revenuefromcontractwithcustomerexcludingassessedtax": 324773000,
        "depreciationdepletionandamortization": 136967000,
        "interestexpense": 69342000,
        "generalandadministrativeexpense": 16332000,
        "directcostsofleasedandrentedpropertyorequipmentincludingreimbursableexpense": 15806000,
        "incometaxexpensebenefit": 1302000,
        "impairmentofrealestate": 6862000,
        "expensesincludingincometaxexpense": 246611000,
        "gainonsaleofpropertiescontinuingoperations": 7813000,
        "profitloss": 99283000,
        "netincomelossattributabletononcontrollinginterest": 284000,
        "netincomeloss": 98999000,
        "netincomelossavailabletocommonstockholdersbasic": 98999000,
        "earningspersharebasicanddiluted": 0.34,
        "weightedaveragenumberofsharesoutstandingbasic": 290664368,
        "weightedaveragenumberofdilutedsharesoutstanding": 291207186
    },
    {
        "date": "2018-06-29",
        "symbol": "O",
        "period": "Q2",
        "revenuefromcontractwithcustomerexcludingassessedtax": 11395000,
        "depreciationdepletionandamortization": 133999000,
        "interestexpense": 66628000,
        "generalandadministrativeexpense": 17954000,
        "directcostsofleasedandrentedpropertyorequipmentincludingreimbursableexpense": 16236000,
        "incometaxexpensebenefit": 1208000,
        "impairmentofrealestate": 3951000,
        "expensesincludingincometaxexpense": 239976000,
        "gainonsaleofpropertiescontinuingoperations": 7787000,
        "profitloss": 96697000,
        "netincomelossattributabletononcontrollinginterest": 317000,
        "netincomeloss": 96380000,
        "netincomelossavailabletocommonstockholdersbasic": 96380000,
        "earningspersharebasicanddiluted": 0.34,
        "weightedaveragenumberofsharesoutstandingbasic": 284928969,
        "weightedaveragenumberofdilutedsharesoutstanding": 285372256
    },
    {
        "date": "2014-09-29",
        "symbol": "O",
        "period": "Q3",
        "operatingleasesincomestatementleaserevenue": -249978000,
        "tenantreimbursements": 8276000,
        "otherrealestaterevenue": 606000,
        "realestaterevenuenet": 235714000,
        "depreciationdepletionandamortization": 95260000,
        "interestexpense": 52814000,
        "generalandadministrativeexpense": 11026000,
        "directcostsofleasedandrentedpropertyorequipmentincludingreimbursableexpense": 12770000,
        "incometaxexpensebenefit": 697000,
        "impairmentofrealestate": 494000,
        "expensesincludingincometaxexpense": 173061000,
        "gainonsaleofpropertiescontinuingoperations": 10976000,
        "incomelossfromcontinuingoperations": 73629000,
        "incomelossfromdiscontinuedoperationsnetoftaxattributabletoreportingentity": 0,
        "profitloss": 73629000,
        "netincomelossattributabletononcontrollinginterest": -453000,
        "netincomeloss": 73284000,
        "preferredstockdividendsincomestatementimpact": 9328000,
        "netincomelossavailabletocommonstockholdersbasic": 57941000,
        "incomelossfromcontinuingoperationsperbasicanddilutedshare": 0.27,
        "weightedaveragenumberofsharesoutstandingbasic": -211179090,
        "weightedaveragenumberofdilutedsharesoutstanding": -211537969
    },
    {
        "date": "2014-06-29",
        "symbol": "O",
        "period": "Q2",
        "operatingleasesincomestatementleaserevenue": 46506000,
        "tenantreimbursements": 6169000,
        "otherrealestaterevenue": 609000,
        "realestaterevenuenet": 228646000,
        "depreciationdepletionandamortization": 92894000,
        "interestexpense": 52712000,
        "generalandadministrativeexpense": 11587000,
        "directcostsofleasedandrentedpropertyorequipmentincludingreimbursableexpense": 10127000,
        "incometaxexpensebenefit": 570000,
        "impairmentofrealestate": 499000,
        "expensesincludingincometaxexpense": 168389000,
        "gainonsaleofpropertiescontinuingoperations": 1964000,
        "incomelossfromcontinuingoperations": 62221000,
        "incomelossfromdiscontinuedoperationsnetoftaxattributabletoreportingentity": 20000,
        "profitloss": 62241000,
        "netincomelossattributabletononcontrollinginterest": 339000,
        "netincomeloss": 61902000,
        "preferredstockdividendsincomestatementimpact": 10482000,
        "netincomelossavailabletocommonstockholdersbasic": 51420000,
        "incomelossfromcontinuingoperationsperbasicanddilutedshare": 0.23,
        "earningspersharebasicanddiluted": 0.23,
        "weightedaveragenumberofsharesoutstandingbasic": 220979955,
        "weightedaveragenumberofdilutedsharesoutstanding": 221360641
    },
    {
        "date": "2014-03-30",
        "symbol": "O",
        "period": "Q1",
        "operatingleasesincomestatementleaserevenue": 214122000,
        "tenantreimbursements": 6427000,
        "otherrealestaterevenue": 1023000,
        "realestaterevenuenet": 221572000,
        "depreciationdepletionandamortization": 89970000,
        "interestexpense": 51720000,
        "generalandadministrativeexpense": 12886000,
        "directcostsofleasedandrentedpropertyorequipmentincludingreimbursableexpense": 10577000,
        "incometaxexpensebenefit": 1091000,
        "impairmentofrealestate": 1683000,
        "expensesincludingincometaxexpense": 167927000,
        "gainonsaleofpropertiescontinuingoperations": 1271000,
        "incomelossfromcontinuingoperations": 54916000,
        "incomelossfromdiscontinuedoperationsnetoftaxattributabletoreportingentity": 3077000,
        "profitloss": 57993000,
        "netincomelossattributabletononcontrollinginterest": 332000,
        "netincomeloss": 57661000,
        "preferredstockdividendsincomestatementimpact": 10482000,
        "netincomelossavailabletocommonstockholdersbasic": 47179000,
        "incomelossfromcontinuingoperationsperbasicanddilutedshare": 0.21,
        "earningspersharebasic": 0.23,
        "earningspersharediluted": 0.23,
        "weightedaveragenumberofsharesoutstandingbasic": 207003950,
        "weightedaveragenumberofdilutedsharesoutstanding": 207324363
    },
    {
        "date": "2013-09-29",
        "symbol": "O",
        "period": "Q3",
        "operatingleasesincomestatementleaserevenue": 3148000,
        "otherrealestaterevenue": 3875000,
        "realestaterevenuenet": 199304000,
        "depreciationdepletionandamortization": 80869000,
        "interestexpense": 49703000,
        "generalandadministrativeexpense": 16628000,
        "directcostsofleasedandrentedpropertyorequipment": 5898000,
        "incometaxexpensebenefit": 671000,
        "businesscombinationacquisitionrelatedcosts": 240000,
        "expensesincludingincometaxexpense": 154009000,
        "incomelossfromcontinuingoperations": 45295000,
        "incomelossfromdiscontinuedoperationsnetoftaxattributabletoreportingentity": 6612000,
        "profitloss": 51907000,
        "netincomelossattributabletononcontrollinginterest": 336000,
        "netincomeloss": 51571000,
        "preferredstockdividendsincomestatementimpact": 10482000,
        "netincomelossavailabletocommonstockholdersbasic": 41089000,
        "incomelossfromcontinuingoperationsperbasicshare": 0.18,
        "incomelossfromcontinuingoperationsperdilutedshare": 0.18,
        "earningspersharebasic": 0.21,
        "earningspersharediluted": 0.21,
        "weightedaveragenumberofsharesoutstandingbasic": 195768298,
        "weightedaveragenumberofdilutedsharesoutstanding": 196619866
    },
    {
        "date": "2013-06-29",
        "symbol": "O",
        "period": "Q2",
        "operatingleasesincomestatementleaserevenue": 182354000,
        "otherrealestaterevenue": 1965000,
        "realestaterevenuenet": 184319000,
        "depreciationdepletionandamortization": 77698000,
        "interestexpense": 39100000,
        "generalandadministrativeexpense": 12075000,
        "directcostsofleasedandrentedpropertyorequipment": 3283000,
        "incometaxexpensebenefit": 722000,
        "businesscombinationacquisitionrelatedcosts": 605000,
        "expensesincludingincometaxexpense": 133483000,
        "incomelossfromcontinuingoperations": 50836000,
        "incomelossfromdiscontinuedoperationsnetoftaxattributabletoreportingentity": 3911000,
        "profitloss": 54747000,
        "netincomelossattributabletononcontrollinginterest": 77000,
        "netincomeloss": 54670000,
        "preferredstockdividendsincomestatementimpact": 10482000,
        "netincomelossavailabletocommonstockholdersbasic": 44188000,
        "incomelossfromcontinuingoperationsperbasicshare": 0.21,
        "incomelossfromcontinuingoperationsperdilutedshare": 0.21,
        "earningspersharebasic": 0.23,
        "earningspersharediluted": 0.23,
        "weightedaveragenumberofsharesoutstandingbasic": 195574014,
        "weightedaveragenumberofdilutedsharesoutstanding": 196099610
    },
    {
        "date": "2013-03-30",
        "symbol": "O",
        "period": "Q1",
        "operatingleasesincomestatementleaserevenue": 170304000,
        "otherrealestaterevenue": 1391000,
        "realestaterevenuenet": 171695000,
        "depreciationdepletionandamortization": 69808000,
        "interestexpense": 41468000,
        "generalandadministrativeexpense": 11613000,
        "directcostsofleasedandrentedpropertyorequipment": 3772000,
        "incometaxexpensebenefit": 671000,
        "businesscombinationacquisitionrelatedcosts": 12030000,
        "expensesincludingincometaxexpense": 139362000,
        "incomelossfromcontinuingoperations": 32333000,
        "incomelossfromdiscontinuedoperationsnetoftaxattributabletoreportingentity": 39480000,
        "profitloss": 71813000,
        "netincomelossattributabletononcontrollinginterest": 9000,
        "netincomeloss": 71804000,
        "preferredstockdividendsincomestatementimpact": 10482000,
        "netincomelossavailabletocommonstockholdersbasic": 61322000,
        "incomelossfromcontinuingoperationsperbasicshare": 0.13,
        "incomelossfromcontinuingoperationsperdilutedshare": 0.13,
        "earningspersharebasic": 0.36,
        "earningspersharediluted": 0.36,
        "weightedaveragenumberofsharesoutstandingbasic": 171659191,
        "weightedaveragenumberofdilutedsharesoutstanding": 172053880
    },
    {
        "date": "2012-09-29",
        "symbol": "O",
        "period": "Q3",
        "operatingleasesincomestatementleaserevenue": 3226000,
        "depreciationdepletionandamortization": 37722000,
        "interestexpense": 29719000,
        "generalandadministrativeexpense": 9334000,
        "directcostsofleasedandrentedpropertyorequipment": 1964000,
        "incometaxexpensebenefit": 405000,
        "incomelossfromcontinuingoperations": 35375000,
        "incomelossfromdiscontinuedoperationsnetoftaxattributabletoreportingentity": 2083000,
        "netincomeloss": 37458000,
        "netincomelossavailabletocommonstockholdersbasic": 26976000,
        "incomelossfromcontinuingoperationsperbasicshare": 0.19,
        "incomelossfromcontinuingoperationsperdilutedshare": 0.19,
        "weightedaveragenumberofsharesoutstandingbasic": 88286,
        "weightedaveragenumberofdilutedsharesoutstanding": 60757
    },
    {
        "date": "2012-06-29",
        "symbol": "O",
        "period": "Q2",
        "operatingleasesincomestatementleaserevenue": -18644000,
        "depreciationdepletionandamortization": 35310000,
        "interestexpense": 28806000,
        "generalandadministrativeexpense": 9273000,
        "directcostsofleasedandrentedpropertyorequipment": 2000000,
        "incometaxexpensebenefit": 405000,
        "incomelossfromcontinuingoperations": 39401000,
        "incomelossfromdiscontinuedoperationsnetoftaxattributabletoreportingentity": 4007000,
        "netincomeloss": 43408000,
        "netincomelossavailabletocommonstockholdersbasic": 32951000,
        "incomelossfromcontinuingoperationsperbasicshare": 0.21999999999999997,
        "incomelossfromcontinuingoperationsperdilutedshare": 0.21999999999999997,
        "weightedaveragenumberofsharesoutstandingbasic": 66598,
        "weightedaveragenumberofdilutedsharesoutstanding": 81259
    },
    {
        "date": "2012-03-30",
        "symbol": "O",
        "period": "Q1",
        "operatingleasesincomestatementleaserevenue": 24271000,
        "other": 255000,
        "revenues": 114723000,
        "depreciationdepletionandamortization": 35250000,
        "interestexpense": 28952000,
        "generalandadministrativeexpense": 9168000,
        "directcostsofleasedandrentedpropertyorequipment": 2536000,
        "incometaxexpensebenefit": 405000,
        "totalexpenses": 76311000,
        "incomelossfromcontinuingoperations": 38412000,
        "incomelossfromdiscontinuedoperationsnetoftaxattributabletoreportingentity": 851000,
        "netincomeloss": 39263000,
        "dividendspreferredstock": 9496000,
        "excessofredemptionvalueovercarryingvalueofpreferredsharesredeemed": -3696000,
        "netincomelossavailabletocommonstockholdersbasic": 26071000,
        "incomelossfromcontinuingoperationsperbasicshare": 0.19,
        "incomelossfromcontinuingoperationsperdilutedshare": 0.19,
        "basic": 0.2,
        "diluted": 0.2,
        "weightedaveragenumberofsharesoutstandingbasic": 132577100,
        "weightedaveragenumberofdilutedsharesoutstanding": 132703954
    },
    {
        "date": "2011-09-29",
        "symbol": "O",
        "period": "Q3",
        "operatingleasesincomestatementleaserevenue": 34000,
        "other": 488000,
        "revenues": 107296000,
        "depreciationdepletionandamortization": 31869000,
        "interestexpense": 28550000,
        "generalandadministrativeexpense": 7143000,
        "directcostsofleasedandrentedpropertyorequipment": 1698000,
        "incometaxexpensebenefit": 367000,
        "totalexpenses": 69627000,
        "incomelossfromcontinuingoperations": 37669000,
        "incomelossfromdiscontinuedoperationsnetoftaxattributabletoreportingentity": 3111000,
        "netincomeloss": 40780000,
        "dividendspreferredstock": 6063000,
        "netincomelossavailabletocommonstockholdersbasic": 34717000,
        "incomelossfromcontinuingoperationsperbasicshare": 0.25,
        "incomelossfromcontinuingoperationsperdilutedshare": 0.25,
        "basic": 0.27,
        "diluted": 0.27,
        "weightedaveragenumberofsharesoutstandingbasic": 126376201,
        "weightedaveragenumberofdilutedsharesoutstanding": 126582609
    },
    {
        "date": "2011-06-29",
        "symbol": "O",
        "period": "Q2",
        "operatingleasesincomestatementleaserevenue": 22811000,
        "other": 259000,
        "revenues": 102626000,
        "depreciationdepletionandamortization": 29001000,
        "interestexpense": 25647000,
        "generalandadministrativeexpense": 7987000,
        "directcostsofleasedandrentedpropertyorequipment": 1656000,
        "incometaxexpensebenefit": 368000,
        "totalexpenses": 64659000,
        "incomelossfromcontinuingoperations": 37967000,
        "incomefromdiscontinuedoperationsrealestateacquiredforresalebycrest": 220000,
        "realestateheldforinvestment": 1061000,
        "incomelossfromdiscontinuedoperationsnetoftaxattributabletoreportingentity": 1281000,
        "netincomeloss": 39248000,
        "dividendspreferredstock": 6063000,
        "netincomelossavailabletocommonstockholdersbasic": 33185000,
        "incomelossfromcontinuingoperationsperbasicshare": 0.25,
        "incomelossfromcontinuingoperationsperdilutedshare": 0.25,
        "basicindollarspershare": 0.26,
        "diluted": 0.26,
        "weightedaveragenumberofsharesoutstandingbasic": 125999323,
        "weightedaveragenumberofdilutedsharesoutstanding": 126202047
    },
    {
        "date": "2011-03-30",
        "symbol": "O",
        "period": "Q1",
        "operatingleasesincomestatementleaserevenue": 97616000,
        "other": 140000,
        "revenues": 97756000,
        "depreciationdepletionandamortization": 26810000,
        "interestexpense": 25122000,
        "generalandadministrativeexpense": 7870000,
        "directcostsofleasedandrentedpropertyorequipment": 1983000,
        "incometaxexpensebenefit": 368000,
        "totalexpenses": 62153000,
        "incomelossfromcontinuingoperations": 35603000,
        "realestateacquiredforresalebycrest": 222000,
        "realestateheldforinvestment": 174000,
        "incomelossfromdiscontinuedoperationsnetoftaxattributabletoreportingentity": 396000,
        "netincomeloss": 35999000,
        "preferredstockdividends": 6063000,
        "netincomelossavailabletocommonstockholdersbasic": 29936000,
        "incomelossfromcontinuingoperationsperbasicshare": 0.25,
        "incomelossfromcontinuingoperationsperdilutedshare": 0.25,
        "basic": 0.25,
        "diluted": 0.25,
        "weightedaveragenumberofsharesoutstandingbasic": 118960878,
        "weightedaveragenumberofdilutedsharesoutstanding": 119109044
    },
    {
        "date": "2010-09-29",
        "symbol": "O",
        "period": "Q3",
        "operatingleasesincomestatementleaserevenue": 87089000,
        "other": 84000,
        "revenues": 87173000,
        "depreciationdepletionandamortization": 24100000,
        "interestexpense": 25135000,
        "generalandadministrativeexpense": 6165000,
        "directcostsofleasedandrentedpropertyorequipment": 1763000,
        "incometaxexpensebenefit": 335000,
        "totalexpenses": 57498000,
        "incomelossfromcontinuingoperations": 29675000,
        "realestateacquiredforresalebycrest": 221000,
        "realestateheldforinvestment": 1758000,
        "incomelossfromdiscontinuedoperationsnetoftaxattributabletoreportingentity": 1979000,
        "netincomeloss": 31654000,
        "preferredstockdividends": 6063000,
        "netincomelossavailabletocommonstockholdersbasic": 25591000,
        "incomelossfromcontinuingoperationsperbasicshare": 0.23,
        "incomelossfromcontinuingoperationsperdilutedshare": 0.23,
        "basic": 0.25,
        "diluted": 0.25,
        "weightedaveragenumberofsharesoutstandingbasic": 103830029,
        "weightedaveragenumberofdilutedsharesoutstanding": 103977023
    },
    {
        "date": "2010-06-29",
        "symbol": "O",
        "period": "Q2",
        "operatingleasesincomestatementleaserevenue": 82802000,
        "other": 664000,
        "revenues": 83466000,
        "depreciationdepletionandamortization": 23524000,
        "interestexpense": 21576000,
        "generalandadministrativeexpense": 6650000,
        "directcostsofleasedandrentedpropertyorequipment": 1684000,
        "incometaxexpensebenefit": 277000,
        "totalexpenses": 53711000,
        "incomelossfromcontinuingoperations": 29755000,
        "realestateacquiredforresalebycrest": 158000,
        "realestateheldforinvestment": 1135000,
        "incomelossfromdiscontinuedoperationsnetoftaxattributabletoreportingentity": 1293000,
        "netincomeloss": 31048000,
        "preferredstockdividends": 6063000,
        "netincomelossavailabletocommonstockholdersbasic": 24985000,
        "incomelossfromcontinuingoperationsperbasicshare": 0.23,
        "incomelossfromcontinuingoperationsperdilutedshare": 0.23,
        "basic": 0.24,
        "diluted": 0.24,
        "weightedaveragenumberofsharesoutstandingbasic": 103612454,
        "weightedaveragenumberofdilutedsharesoutstanding": 103765828
    }
]