[
    {
        "date": "2024-09-29",
        "symbol": "ODFL",
        "period": "Q3",
        "revenuefromcontractwithcustomerincludingassessedtax": 1470211000,
        "laborandrelatedexpense": 681238000,
        "operatingcostsandexpenses": 156177000,
        "othersellingandgeneralexpense": 46040000,
        "directtaxesandlicensescosts": 36733000,
        "operatinginsuranceandclaimscostsproduction": 17209000,
        "directcommunicationsandutilitiescosts": 10056000,
        "depreciationandamortization": 86666000,
        "purchasedtransportation": 30941000,
        "othercostandexpenseoperating": 3290000,
        "costsandexpenses": 1068350000,
        "operatingincomeloss": 401861000,
        "interestanddebtexpense": 19000,
        "investmentincomenet": 1775000,
        "othernonoperatingincomeexpense": -523000,
        "nonoperatingincomeexpense": 1233000,
        "incomelossfromcontinuingoperationsbeforeincometaxesextraordinaryitemsnoncontrollinginterest": 403094000,
        "incometaxexpensebenefit": 94514000,
        "profitloss": 308580000,
        "earningspersharebasic": 1.44,
        "earningspersharediluted": 1.43,
        "weightedaveragenumberofsharesoutstandingbasic": 214089000,
        "weightedaveragenumberofdilutedsharesoutstanding": 215227000,
        "commonstockdividendspersharedeclared": 0.26
    },
    {
        "date": "2024-06-29",
        "symbol": "ODFL",
        "period": "Q2",
        "revenuefromcontractwithcustomerincludingassessedtax": 1498697000,
        "laborandrelatedexpense": 683784000,
        "operatingcostsandexpenses": 161020000,
        "othersellingandgeneralexpense": 44371000,
        "directtaxesandlicensescosts": 36282000,
        "operatinginsuranceandclaimscostsproduction": 17141000,
        "directcommunicationsandutilitiescosts": 10158000,
        "depreciationandamortization": 84563000,
        "purchasedtransportation": 32010000,
        "othercostandexpenseoperating": 7677000,
        "costsandexpenses": 1077006000,
        "operatingincomeloss": 421691000,
        "interestanddebtexpense": 131000,
        "investmentincomenet": 5961000,
        "othernonoperatingincomeexpense": -1075000,
        "nonoperatingincomeexpense": 4755000,
        "incomelossfromcontinuingoperationsbeforeincometaxesextraordinaryitemsnoncontrollinginterest": 426446000,
        "incometaxexpensebenefit": 104401000,
        "profitloss": 322045000,
        "earningspersharebasic": 1.49,
        "earningspersharediluted": 1.48,
        "weightedaveragenumberofsharesoutstandingbasic": 216369000,
        "weightedaveragenumberofdilutedsharesoutstanding": 217541000,
        "commonstockdividendspersharedeclared": 0.26
    },
    {
        "date": "2024-03-30",
        "symbol": "ODFL",
        "period": "Q1",
        "revenuefromcontractwithcustomerincludingassessedtax": 1460073000,
        "laborandrelatedexpense": 668390000,
        "operatingcostsandexpenses": 172472000,
        "othersellingandgeneralexpense": 45576000,
        "directtaxesandlicensescosts": 35838000,
        "operatinginsuranceandclaimscostsproduction": 18194000,
        "directcommunicationsandutilitiescosts": 10995000,
        "depreciationandamortization": 84531000,
        "purchasedtransportation": 30710000,
        "othercostandexpenseoperating": 6941000,
        "costsandexpenses": 1073647000,
        "operatingincomeloss": 386426000,
        "interestanddebtexpense": 37000,
        "investmentincomenet": 7372000,
        "othernonoperatingincomeexpense": -879000,
        "nonoperatingincomeexpense": 6456000,
        "incomelossfromcontinuingoperationsbeforeincometaxesextraordinaryitemsnoncontrollinginterest": 392882000,
        "incometaxexpensebenefit": 100578000,
        "profitloss": 292304000,
        "earningspersharebasic": 1.34,
        "earningspersharediluted": 1.34,
        "weightedaveragenumberofsharesoutstandingbasic": 217594000,
        "weightedaveragenumberofdilutedsharesoutstanding": 218808000,
        "commonstockdividendspersharedeclared": 0.26
    },
    {
        "date": "2023-12-30",
        "symbol": "ODFL",
        "period": "Q4",
        "revenuefromcontractwithcustomerincludingassessedtax": 2893365000,
        "laborandrelatedexpense": 670950000,
        "operatingcostsandexpenses": 179916000,
        "othersellingandgeneralexpense": 42520000,
        "directtaxesandlicensescosts": 35524000,
        "operatinginsuranceandclaimscostsproduction": 27955000,
        "directcommunicationsandutilitiescosts": 10013000,
        "depreciationandamortization": 84649000,
        "purchasedtransportation": 31470000,
        "othercostandexpenseoperating": -8458000,
        "costsandexpenses": 1074539000,
        "operatingincomeloss": 421011000,
        "interestanddebtexpense": 85000,
        "investmentincomenet": 5312000,
        "othernonoperatingincomeexpense": -913000,
        "nonoperatingincomeexpense": 4314000,
        "incomelossfromcontinuingoperationsbeforeincometaxesextraordinaryitemsnoncontrollinginterest": 425325000,
        "incometaxexpensebenefit": 102510000,
        "profitloss": 322815000,
        "earningspersharebasic": 2.960000000000001,
        "earningspersharediluted": 2.9399999999999995,
        "weightedaveragenumberofsharesoutstandingbasic": 109421245,
        "weightedaveragenumberofdilutedsharesoutstanding": 110090212,
        "commonstockdividendspersharedeclared": 0.40000000000000013
    },
    {
        "date": "2023-09-29",
        "symbol": "ODFL",
        "period": "Q3",
        "revenuefromcontractwithcustomerincludingassessedtax": 1515277000,
        "laborandrelatedexpense": 663810000,
        "operatingcostsandexpenses": 180653000,
        "othersellingandgeneralexpense": 41745000,
        "directtaxesandlicensescosts": 36527000,
        "operatinginsuranceandclaimscostsproduction": 16004000,
        "directcommunicationsandutilitiescosts": 10724000,
        "depreciationandamortization": 84055000,
        "purchasedtransportation": 30835000,
        "othercostandexpenseoperating": 5905000,
        "costsandexpenses": 1070258000,
        "operatingincomeloss": 445019000,
        "interestanddebtexpense": 90000,
        "investmentincomenet": 2308000,
        "othernonoperatingincomeexpense": -861000,
        "nonoperatingincomeexpense": 1357000,
        "incomelossfromcontinuingoperationsbeforeincometaxesextraordinaryitemsnoncontrollinginterest": 446376000,
        "incometaxexpensebenefit": 107089000,
        "profitloss": 339287000,
        "earningspersharebasic": 3.11,
        "earningspersharediluted": 3.09,
        "weightedaveragenumberofsharesoutstandingbasic": 109193000,
        "weightedaveragenumberofdilutedsharesoutstanding": 109835000,
        "commonstockdividendspersharedeclared": 0.4
    },
    {
        "date": "2023-06-29",
        "symbol": "ODFL",
        "period": "Q2",
        "revenuefromcontractwithcustomerincludingassessedtax": 15374000,
        "laborandrelatedexpense": 642841000,
        "operatingcostsandexpenses": 165373000,
        "othersellingandgeneralexpense": 38606000,
        "directtaxesandlicensescosts": 36890000,
        "operatinginsuranceandclaimscostsproduction": 15381000,
        "directcommunicationsandutilitiescosts": 11515000,
        "depreciationandamortization": 79784000,
        "purchasedtransportation": 28596000,
        "othercostandexpenseoperating": 2609000,
        "costsandexpenses": 1021595000,
        "operatingincomeloss": 391594000,
        "interestanddebtexpense": 89000,
        "investmentincomenet": 2368000,
        "othernonoperatingincomeexpense": -1947000,
        "nonoperatingincomeexpense": 332000,
        "incomelossfromcontinuingoperationsbeforeincometaxesextraordinaryitemsnoncontrollinginterest": 391926000,
        "incometaxexpensebenefit": 99564000,
        "profitloss": 292362000,
        "earningspersharebasic": 2.67,
        "earningspersharediluted": 2.65,
        "weightedaveragenumberofsharesoutstandingbasic": 109521000,
        "weightedaveragenumberofdilutedsharesoutstanding": 110199000,
        "commonstockdividendspersharedeclared": 0.4
    },
    {
        "date": "2023-03-30",
        "symbol": "ODFL",
        "period": "Q1",
        "revenuefromcontractwithcustomerincludingassessedtax": 1442136000,
        "laborandrelatedexpense": 652075000,
        "operatingcostsandexpenses": 192384000,
        "othersellingandgeneralexpense": 39545000,
        "directtaxesandlicensescosts": 36701000,
        "operatinginsuranceandclaimscostsproduction": 16028000,
        "directcommunicationsandutilitiescosts": 11017000,
        "depreciationandamortization": 75947000,
        "purchasedtransportation": 30615000,
        "othercostandexpenseoperating": 4775000,
        "costsandexpenses": 1059087000,
        "operatingincomeloss": 383049000,
        "interestanddebtexpense": 200000,
        "investmentincomenet": 2811000,
        "othernonoperatingincomeexpense": -1511000,
        "nonoperatingincomeexpense": 1100000,
        "incomelossfromcontinuingoperationsbeforeincometaxesextraordinaryitemsnoncontrollinginterest": 384149000,
        "incometaxexpensebenefit": 99111000,
        "profitloss": 285038000,
        "earningspersharebasic": 2.59,
        "earningspersharediluted": 2.58,
        "weightedaveragenumberofsharesoutstandingbasic": 109956000,
        "weightedaveragenumberofdilutedsharesoutstanding": 110679000,
        "commonstockdividendspersharedeclared": 0.4
    },
    {
        "date": "2022-12-30",
        "symbol": "ODFL",
        "period": "Q4",
        "revenuefromcontractwithcustomerincludingassessedtax": 1491659000,
        "laborandrelatedexpense": 655852000,
        "operatingcostsandexpenses": 207626000,
        "othersellingandgeneralexpense": 39418000,
        "directtaxesandlicensescosts": 35458000,
        "operatinginsuranceandclaimscostsproduction": 7739000,
        "directcommunicationsandutilitiescosts": 10522000,
        "depreciationandamortization": 72053000,
        "purchasedtransportation": 28477000,
        "othercostandexpenseoperating": 4285000,
        "costsandexpenses": 1061430000,
        "operatingincomeloss": 430229000,
        "interestanddebtexpense": 280000,
        "investmentincomenet": 2951000,
        "othernonoperatingincomeexpense": -898000,
        "nonoperatingincomeexpense": 1773000,
        "incomelossfromcontinuingoperationsbeforeincometaxesextraordinaryitemsnoncontrollinginterest": 432002000,
        "incometaxexpensebenefit": 108073000,
        "profitloss": 323929000,
        "earningspersharebasic": 2.929999999999999,
        "earningspersharediluted": 2.9200000000000004,
        "weightedaveragenumberofsharesoutstandingbasic": -226726207,
        "weightedaveragenumberofdilutedsharesoutstanding": -228195043,
        "commonstockdividendspersharedeclared": 0.2999999999999999
    },
    {
        "date": "2022-09-29",
        "symbol": "ODFL",
        "period": "Q3",
        "revenuefromcontractwithcustomerincludingassessedtax": 1603690000,
        "laborandrelatedexpense": 675084000,
        "operatingcostsandexpenses": 217260000,
        "othersellingandgeneralexpense": 45951000,
        "directtaxesandlicensescosts": 35753000,
        "operatinginsuranceandclaimscostsproduction": 17491000,
        "directcommunicationsandutilitiescosts": 10288000,
        "depreciationandamortization": 68347000,
        "purchasedtransportation": 34453000,
        "othercostandexpenseoperating": 2983000,
        "costsandexpenses": 1107610000,
        "operatingincomeloss": 496080000,
        "interestanddebtexpense": 997000,
        "investmentincomenet": 1333000,
        "othernonoperatingincomeexpense": -351000,
        "nonoperatingincomeexpense": -15000,
        "incomelossfromcontinuingoperationsbeforeincometaxesextraordinaryitemsnoncontrollinginterest": 496065000,
        "incometaxexpensebenefit": 118664000,
        "profitloss": 377401000,
        "earningspersharebasic": 3.38,
        "earningspersharediluted": 3.36,
        "weightedaveragenumberofsharesoutstandingbasic": 111569260,
        "weightedaveragenumberofdilutedsharesoutstanding": 112294938,
        "commonstockdividendspersharedeclared": 0.3
    },
    {
        "date": "2022-06-29",
        "symbol": "ODFL",
        "period": "Q2",
        "revenuefromcontractwithcustomerincludingassessedtax": 1667448000,
        "laborandrelatedexpense": 705710000,
        "operatingcostsandexpenses": 236712000,
        "othersellingandgeneralexpense": 39116000,
        "directtaxesandlicensescosts": 34952000,
        "operatinginsuranceandclaimscostsproduction": 16964000,
        "directcommunicationsandutilitiescosts": 9898000,
        "depreciationandamortization": 68310000,
        "purchasedtransportation": 42681000,
        "othercostandexpenseoperating": 4400000,
        "costsandexpenses": 1158743000,
        "operatingincomeloss": 508705000,
        "interestanddebtexpense": 213000,
        "investmentincomenet": 471000,
        "othernonoperatingincomeexpense": -750000,
        "nonoperatingincomeexpense": -492000,
        "incomelossfromcontinuingoperationsbeforeincometaxesextraordinaryitemsnoncontrollinginterest": 508213000,
        "incometaxexpensebenefit": 132135000,
        "profitloss": 376078000,
        "earningspersharebasic": 3.33,
        "earningspersharediluted": 3.3,
        "weightedaveragenumberofsharesoutstandingbasic": 113079035,
        "weightedaveragenumberofdilutedsharesoutstanding": 113805149,
        "commonstockdividendspersharedeclared": 0.3
    },
    {
        "date": "2022-03-30",
        "symbol": "ODFL",
        "period": "Q1",
        "revenuefromcontractwithcustomerincludingassessedtax": 1497280000,
        "laborandrelatedexpense": 680189000,
        "operatingcostsandexpenses": 191357000,
        "othersellingandgeneralexpense": 35513000,
        "directtaxesandlicensescosts": 35076000,
        "operatinginsuranceandclaimscostsproduction": 16107000,
        "directcommunicationsandutilitiescosts": 9876000,
        "depreciationandamortization": 67340000,
        "purchasedtransportation": 52500000,
        "othercostandexpenseoperating": 3704000,
        "costsandexpenses": 1091662000,
        "operatingincomeloss": 405618000,
        "interestanddebtexpense": 73000,
        "investmentincomenet": 129000,
        "othernonoperatingincomeexpense": -605000,
        "nonoperatingincomeexpense": -549000,
        "incomelossfromcontinuingoperationsbeforeincometaxesextraordinaryitemsnoncontrollinginterest": 405069000,
        "incometaxexpensebenefit": 105318000,
        "profitloss": 299751000,
        "earningspersharebasic": 2.62,
        "earningspersharediluted": 2.6,
        "weightedaveragenumberofsharesoutstandingbasic": 114418703,
        "weightedaveragenumberofdilutedsharesoutstanding": 115172776,
        "commonstockdividendspersharedeclared": 0.3
    },
    {
        "date": "2021-12-30",
        "symbol": "ODFL",
        "period": "Q4",
        "revenuefromcontractwithcustomerincludingassessedtax": 1410358000,
        "laborandrelatedexpense": 661123000,
        "operatingcostsandexpenses": 159373000,
        "othersellingandgeneralexpense": 33152000,
        "directtaxesandlicensescosts": 34902000,
        "operatinginsuranceandclaimscostsproduction": 9970000,
        "directcommunicationsandutilitiescosts": 8825000,
        "depreciationandamortization": 66789000,
        "purchasedtransportation": 55107000,
        "othercostandexpenseoperating": 8626000,
        "costsandexpenses": 1037867000,
        "operatingincomeloss": 372491000,
        "interestanddebtexpense": 384000,
        "investmentincomenet": 126000,
        "othernonoperatingincomeexpense": -457000,
        "nonoperatingincomeexpense": -715000,
        "incometaxexpensebenefit": 92970000,
        "profitloss": 278806000,
        "earningspersharebasic": 2.419999999999999,
        "earningspersharediluted": 2.4099999999999993,
        "weightedaveragenumberofsharesoutstandingbasic": -232078036,
        "weightedaveragenumberofdilutedsharesoutstanding": -233568548,
        "commonstockdividendspersharedeclared": 0.20000000000000007
    },
    {
        "date": "2021-09-29",
        "symbol": "ODFL",
        "period": "Q3",
        "revenuefromcontractwithcustomerincludingassessedtax": 1400046000,
        "laborandrelatedexpense": 649685000,
        "operatingcostsandexpenses": 146509000,
        "othersellingandgeneralexpense": 37312000,
        "directtaxesandlicensescosts": 34028000,
        "operatinginsuranceandclaimscostsproduction": 15674000,
        "directcommunicationsandutilitiescosts": 8738000,
        "depreciationandamortization": 65160000,
        "purchasedtransportation": 52037000,
        "othercostandexpenseoperating": 7493000,
        "costsandexpenses": 1016636000,
        "operatingincomeloss": 383410000,
        "interestanddebtexpense": 371000,
        "investmentincomenet": 178000,
        "othernonoperatingincomeexpense": -266000,
        "nonoperatingincomeexpense": -459000,
        "incomelossfromcontinuingoperationsbeforeincometaxesminorityinterestandincomelossfromequitymethodinvestments": 382951000,
        "incometaxexpensebenefit": 96317000,
        "profitloss": 286634000,
        "earningspersharebasic": 2.48,
        "earningspersharediluted": 2.47,
        "weightedaveragenumberofsharesoutstandingbasic": 115411032,
        "weightedaveragenumberofdilutedsharesoutstanding": 116161555,
        "commonstockdividendspersharedeclared": 0.2
    },
    {
        "date": "2021-06-29",
        "symbol": "ODFL",
        "period": "Q2",
        "revenuefromcontractwithcustomerincludingassessedtax": 1319409000,
        "laborandrelatedexpense": 611518000,
        "operatingcostsandexpenses": 137577000,
        "othersellingandgeneralexpense": 34427000,
        "directtaxesandlicensescosts": 33256000,
        "operatinginsuranceandclaimscostsproduction": 14983000,
        "directcommunicationsandutilitiescosts": 8390000,
        "depreciationandamortization": 63947000,
        "purchasedtransportation": 43927000,
        "othercostandexpenseoperating": 5340000,
        "costsandexpenses": 953365000,
        "operatingincomeloss": 366044000,
        "interestanddebtexpense": 465000,
        "investmentincomenet": 196000,
        "othernonoperatingincomeexpense": -1387000,
        "nonoperatingincomeexpense": -1656000,
        "incomelossfromcontinuingoperationsbeforeincometaxesminorityinterestandincomelossfromequitymethodinvestments": 364388000,
        "incometaxexpensebenefit": 94812000,
        "profitloss": 269576000,
        "earningspersharebasic": 2.33,
        "earningspersharediluted": 2.31,
        "weightedaveragenumberofsharesoutstandingbasic": 115820522,
        "weightedaveragenumberofdilutedsharesoutstanding": 116561242,
        "commonstockdividendspersharedeclared": 0.2
    },
    {
        "date": "2021-03-30",
        "symbol": "ODFL",
        "period": "Q1",
        "revenuefromcontractwithcustomerincludingassessedtax": 1126515000,
        "laborandrelatedexpense": 545659000,
        "operatingcostsandexpenses": 124156000,
        "othersellingandgeneralexpense": 31168000,
        "directtaxesandlicensescosts": 31266000,
        "operatinginsuranceandclaimscostsproduction": 12922000,
        "directcommunicationsandutilitiescosts": 8196000,
        "depreciationandamortization": 63987000,
        "purchasedtransportation": 34714000,
        "othercostandexpenseoperating": 4790000,
        "costsandexpenses": 856858000,
        "operatingincomeloss": 269657000,
        "interestanddebtexpense": 507000,
        "investmentincomenet": 286000,
        "othernonoperatingincomeexpense": -128000,
        "nonoperatingincomeexpense": -349000,
        "incomelossfromcontinuingoperationsbeforeincometaxesminorityinterestandincomelossfromequitymethodinvestments": 269308000,
        "incometaxexpensebenefit": 69949000,
        "profitloss": 199359000,
        "earningspersharebasic": 1.71,
        "earningspersharediluted": 1.7,
        "weightedaveragenumberofsharesoutstandingbasic": 116497893,
        "weightedaveragenumberofdilutedsharesoutstanding": 117255740,
        "commonstockdividendspersharedeclared": 0.2
    },
    {
        "date": "2020-12-30",
        "symbol": "ODFL",
        "period": "Q4",
        "revenuefromcontractwithcustomerincludingassessedtax": 1073389000,
        "laborandrelatedexpense": 543847000,
        "operatingcostsandexpenses": 100057000,
        "othersellingandgeneralexpense": 23407000,
        "directtaxesandlicensescosts": 30663000,
        "operatinginsuranceandclaimscostsproduction": 9783000,
        "directcommunicationsandutilitiescosts": 8467000,
        "depreciationandamortization": 65106000,
        "purchasedtransportation": 32759000,
        "othercostandexpenseoperating": 4998000,
        "costsandexpenses": 819087000,
        "operatingincomeloss": 254302000,
        "interestanddebtexpense": 846000,
        "investmentincomenet": 228000,
        "othernonoperatingincomeexpense": -361000,
        "nonoperatingincomeexpense": -979000,
        "incomelossfromcontinuingoperationsbeforeincometaxesminorityinterestandincomelossfromequitymethodinvestments": 253323000,
        "incometaxexpensebenefit": 63491000,
        "profitloss": 189832000,
        "earningspersharebasic": 1.6100000000000003,
        "earningspersharediluted": 1.6099999999999997,
        "weightedaveragenumberofsharesoutstandingbasic": -236111570,
        "weightedaveragenumberofdilutedsharesoutstanding": -237605693,
        "commonstockdividendspersharedeclared": 0.14999999999999994
    },
    {
        "date": "2020-09-29",
        "symbol": "ODFL",
        "period": "Q3",
        "revenuefromcontractwithcustomerincludingassessedtax": 1058166000,
        "laborandrelatedexpense": 524658000,
        "operatingcostsandexpenses": 90269000,
        "othersellingandgeneralexpense": 27383000,
        "directtaxesandlicensescosts": 29923000,
        "operatinginsuranceandclaimscostsproduction": 11821000,
        "directcommunicationsandutilitiescosts": 7622000,
        "depreciationandamortization": 64983000,
        "purchasedtransportation": 25405000,
        "othercostandexpenseoperating": 5858000,
        "costsandexpenses": 787922000,
        "operatingincomeloss": 270244000,
        "interestanddebtexpense": 1071000,
        "investmentincomenet": 123000,
        "othernonoperatingincomeexpense": -961000,
        "nonoperatingincomeexpense": -1909000,
        "incomelossfromcontinuingoperationsbeforeincometaxesminorityinterestandincomelossfromequitymethodinvestments": 268335000,
        "incometaxexpensebenefit": 66467000,
        "profitloss": 201868000,
        "earningspersharebasic": 1.72,
        "earningspersharediluted": 1.71,
        "weightedaveragenumberofsharesoutstandingbasic": 117188398,
        "weightedaveragenumberofdilutedsharesoutstanding": 117933440,
        "commonstockdividendspersharedeclared": 0.15
    },
    {
        "date": "2020-06-29",
        "symbol": "ODFL",
        "period": "Q2",
        "revenuefromcontractwithcustomerincludingassessedtax": 896210000,
        "laborandrelatedexpense": 460906000,
        "operatingcostsandexpenses": 75412000,
        "othersellingandgeneralexpense": 25881000,
        "directtaxesandlicensescosts": 27043000,
        "operatinginsuranceandclaimscostsproduction": 10910000,
        "directcommunicationsandutilitiescosts": 7262000,
        "depreciationandamortization": 65735000,
        "purchasedtransportation": 18983000,
        "othercostandexpenseoperating": 4912000,
        "costsandexpenses": 697044000,
        "operatingincomeloss": 199166000,
        "interestanddebtexpense": 765000,
        "investmentincomenet": 231000,
        "othernonoperatingincomeexpense": 373000,
        "nonoperatingincomeexpense": -161000,
        "incomelossfromcontinuingoperationsbeforeincometaxesminorityinterestandincomelossfromequitymethodinvestments": 199005000,
        "incometaxexpensebenefit": 51200000,
        "profitloss": 147805000,
        "earningspersharebasic": 1.26,
        "earningspersharediluted": 1.25,
        "weightedaveragenumberofsharesoutstandingbasic": 117610178,
        "weightedaveragenumberofdilutedsharesoutstanding": 118359884,
        "commonstockdividendspersharedeclared": 0.15
    },
    {
        "date": "2020-03-30",
        "symbol": "ODFL",
        "period": "Q1",
        "revenuefromcontractwithcustomerincludingassessedtax": 987364000,
        "laborandrelatedexpense": 524483000,
        "operatingcostsandexpenses": 107693000,
        "othersellingandgeneralexpense": 33608000,
        "directtaxesandlicensescosts": 29314000,
        "operatinginsuranceandclaimscostsproduction": 9850000,
        "directcommunicationsandutilitiescosts": 8191000,
        "depreciationandamortization": 65435000,
        "purchasedtransportation": 20800000,
        "othercostandexpenseoperating": 4820000,
        "costsandexpenses": 804194000,
        "operatingincomeloss": 183170000,
        "interestanddebtexpense": 100000,
        "investmentincomenet": 1248000,
        "othernonoperatingincomeexpense": -3617000,
        "nonoperatingincomeexpense": -2469000,
        "incomelossfromcontinuingoperationsbeforeincometaxesminorityinterestandincomelossfromequitymethodinvestments": 180701000,
        "incometaxexpensebenefit": 47524000,
        "profitloss": 133177000,
        "earningspersharebasic": 1.12,
        "earningspersharediluted": 1.11,
        "weightedaveragenumberofsharesoutstandingbasic": 119050174,
        "weightedaveragenumberofdilutedsharesoutstanding": 119805572,
        "commonstockdividendspersharedeclared": 0.15
    },
    {
        "date": "2019-12-30",
        "symbol": "ODFL",
        "period": "Q4",
        "revenuefromcontractwithcustomerincludingassessedtax": 1985769000,
        "laborandrelatedexpense": 534086000,
        "operatingcostsandexpenses": 112004000,
        "othersellingandgeneralexpense": 26391000,
        "directtaxesandlicensescosts": 29267000,
        "operatinginsuranceandclaimscostsproduction": 18510000,
        "directcommunicationsandutilitiescosts": 7530000,
        "depreciationandamortization": 64544000,
        "purchasedtransportation": 21418000,
        "othercostandexpenseoperating": 7192000,
        "costsandexpenses": 820942000,
        "operatingincomeloss": 188264000,
        "interestanddebtexpense": 92000,
        "investmentincomenet": 1797000,
        "othernonoperatingincomeexpense": -375000,
        "nonoperatingincomeexpense": 1330000,
        "incomelossfromcontinuingoperationsbeforeincometaxesminorityinterestandincomelossfromequitymethodinvestments": 189594000,
        "incometaxexpensebenefit": 45570000,
        "profitloss": 144024000,
        "earningspersharebasic": 1.81,
        "earningspersharediluted": 1.8100000000000003,
        "weightedaveragenumberofsharesoutstandingbasic": -161159549,
        "weightedaveragenumberofdilutedsharesoutstanding": -161371954,
        "commonstockdividendspersharedeclared": 0.16999999999999996
    },
    {
        "date": "2019-09-29",
        "symbol": "ODFL",
        "period": "Q3",
        "revenuefromcontractwithcustomerincludingassessedtax": 1048457000,
        "laborandrelatedexpense": 533451000,
        "operatingcostsandexpenses": 117343000,
        "othersellingandgeneralexpense": 33633000,
        "directtaxesandlicensescosts": 29117000,
        "operatinginsuranceandclaimscostsproduction": 11280000,
        "directcommunicationsandutilitiescosts": 8098000,
        "depreciationandamortization": 63493000,
        "purchasedtransportation": 23063000,
        "othercostandexpenseoperating": 11452000,
        "costsandexpenses": 830930000,
        "operatingincomeloss": 217527000,
        "interestanddebtexpense": 3000,
        "investmentincomenet": 1714000,
        "othernonoperatingincomeexpense": -844000,
        "nonoperatingincomeexpense": 867000,
        "incomelossfromcontinuingoperationsbeforeincometaxesminorityinterestandincomelossfromequitymethodinvestments": 218394000,
        "incometaxexpensebenefit": 54295000,
        "profitloss": 164099000,
        "earningspersharebasic": 2.05,
        "earningspersharediluted": 2.05,
        "weightedaveragenumberofsharesoutstandingbasic": 79880281,
        "weightedaveragenumberofdilutedsharesoutstanding": 79989435,
        "commonstockdividendspersharedeclared": 0.17
    },
    {
        "date": "2019-06-29",
        "symbol": "ODFL",
        "period": "Q2",
        "revenuefromcontractwithcustomerincludingassessedtax": 1060666000,
        "laborandrelatedexpense": 532583000,
        "operatingcostsandexpenses": 122410000,
        "othersellingandgeneralexpense": 32391000,
        "directtaxesandlicensescosts": 29384000,
        "operatinginsuranceandclaimscostsproduction": 11587000,
        "directcommunicationsandutilitiescosts": 6134000,
        "depreciationandamortization": 62571000,
        "purchasedtransportation": 24468000,
        "othercostandexpenseoperating": 4649000,
        "costsandexpenses": 826177000,
        "operatingincomeloss": 234489000,
        "interestanddebtexpense": 160000,
        "investmentincomenet": 1769000,
        "othernonoperatingincomeexpense": -524000,
        "nonoperatingincomeexpense": 1085000,
        "incomelossfromcontinuingoperationsbeforeincometaxesminorityinterestandincomelossfromequitymethodinvestments": 235574000,
        "incometaxexpensebenefit": 61502000,
        "profitloss": 174072000,
        "earningspersharebasic": 2.16,
        "earningspersharediluted": 2.16,
        "weightedaveragenumberofsharesoutstandingbasic": 80522276,
        "weightedaveragenumberofdilutedsharesoutstanding": 80645364,
        "commonstockdividendspersharedeclared": 0.17
    },
    {
        "date": "2019-03-30",
        "symbol": "ODFL",
        "period": "Q1",
        "revenuefromcontractwithcustomerincludingassessedtax": 14219000,
        "laborandrelatedexpense": 522344000,
        "operatingcostsandexpenses": 121357000,
        "othersellingandgeneralexpense": 31560000,
        "directtaxesandlicensescosts": 29071000,
        "operatinginsuranceandclaimscostsproduction": 11172000,
        "directcommunicationsandutilitiescosts": 7839000,
        "depreciationandamortization": 63073000,
        "purchasedtransportation": 20687000,
        "othercostandexpenseoperating": 5253000,
        "costsandexpenses": 812356000,
        "operatingincomeloss": 178426000,
        "interestanddebtexpense": 122000,
        "investmentincomenet": 1483000,
        "othernonoperatingincomeexpense": 600000,
        "nonoperatingincomeexpense": 1961000,
        "incomelossfromcontinuingoperationsbeforeincometaxesminorityinterestandincomelossfromequitymethodinvestments": 180387000,
        "incometaxexpensebenefit": 47064000,
        "profitloss": 133323000,
        "earningspersharebasic": 1.65,
        "earningspersharediluted": 1.64,
        "weightedaveragenumberofsharesoutstandingbasic": 81033137,
        "weightedaveragenumberofdilutedsharesoutstanding": 81143554,
        "commonstockdividendspersharedeclared": 0.17
    },
    {
        "date": "2018-12-30",
        "symbol": "ODFL",
        "period": "Q4",
        "laborandrelatedexpense": 515529000,
        "othersellingandgeneralexpense": 28104000,
        "operatinginsuranceandclaimscostsproduction": 9608000,
        "directcommunicationsandutilitiescosts": 8370000,
        "depreciationandamortization": 62555000,
        "leaseandrentalexpense": 1391000,
        "costsandexpenses": 808099000,
        "operatingincomeloss": 218845000,
        "interestanddebtexpense": 138000,
        "investmentincomenet": 1211000,
        "othernonoperatingincomeexpense": -2567000,
        "nonoperatingincomeexpense": -1494000,
        "incomelossfromcontinuingoperationsbeforeincometaxesminorityinterestandincomelossfromequitymethodinvestments": 217351000,
        "incometaxexpensebenefit": 57892000,
        "earningspersharebasic": 1.9499999999999993,
        "earningspersharediluted": 1.9399999999999995,
        "weightedaveragenumberofsharesoutstandingbasic": -164283040,
        "weightedaveragenumberofdilutedsharesoutstanding": -164481593,
        "commonstockdividendspersharedeclared": 0.13
    },
    {
        "date": "2018-09-29",
        "symbol": "ODFL",
        "period": "Q3",
        "revenuefromcontractwithcustomerincludingassessedtax": 16379000,
        "laborandrelatedexpense": 536513000,
        "operatingcostsandexpenses": 126024000,
        "othersellingandgeneralexpense": 31209000,
        "directtaxesandlicensescosts": 27952000,
        "operatinginsuranceandclaimscostsproduction": 12069000,
        "directcommunicationsandutilitiescosts": 8215000,
        "depreciationandamortization": 58086000,
        "purchasedtransportation": 25373000,
        "leaseandrentalexpense": 1533000,
        "othercostandexpenseoperating": 2874000,
        "costsandexpenses": 829848000,
        "operatingincomeloss": 228385000,
        "interestanddebtexpense": 29000,
        "investmentincomenet": 778000,
        "othernonoperatingincomeexpense": 70000,
        "nonoperatingincomeexpense": 819000,
        "incomelossfromcontinuingoperationsbeforeincometaxesminorityinterestandincomelossfromequitymethodinvestments": 229204000,
        "incometaxexpensebenefit": 55762000,
        "profitloss": 173442000,
        "earningspersharebasic": 2.12,
        "earningspersharediluted": 2.12,
        "commonstockdividendspersharedeclared": 0.13,
        "weightedaveragenumberofsharesoutstandingbasic": 81885262,
        "weightedaveragenumberofdilutedsharesoutstanding": 81975774
    },
    {
        "date": "2018-06-29",
        "symbol": "ODFL",
        "period": "Q2",
        "revenuefromcontractwithcustomerincludingassessedtax": 15007000,
        "laborandrelatedexpense": 522249000,
        "operatingcostsandexpenses": 124919000,
        "othersellingandgeneralexpense": 29891000,
        "directtaxesandlicensescosts": 28165000,
        "operatinginsuranceandclaimscostsproduction": 11342000,
        "directcommunicationsandutilitiescosts": 7439000,
        "depreciationandamortization": 56235000,
        "purchasedtransportation": 26044000,
        "leaseandrentalexpense": 1647000,
        "othercostandexpenseoperating": 5086000,
        "costsandexpenses": 813017000,
        "operatingincomeloss": 220481000,
        "interestanddebtexpense": 11000,
        "investmentincomenet": 668000,
        "othernonoperatingincomeexpense": 334000,
        "nonoperatingincomeexpense": 991000,
        "incomelossfromcontinuingoperationsbeforeincometaxesminorityinterestandincomelossfromequitymethodinvestments": 221472000,
        "incometaxexpensebenefit": 58038000,
        "profitloss": 163434000,
        "earningspersharebasic": 1.99,
        "earningspersharediluted": 1.99,
        "commonstockdividendspersharedeclared": 0.13,
        "weightedaveragenumberofsharesoutstandingbasic": 82067872,
        "weightedaveragenumberofdilutedsharesoutstanding": 82169552
    },
    {
        "date": "2018-03-30",
        "symbol": "ODFL",
        "period": "Q1",
        "salesrevenueservicesnet": 13966000,
        "laborandrelatedexpense": 501311000,
        "costofservicesdirectmaterials": 114061000,
        "othersellingandgeneralexpense": 29976000,
        "costofservicesdirecttaxesandlicensescosts": 26788000,
        "operatinginsuranceandclaimscostsproduction": 11099000,
        "directcommunicationsandutilitiescosts": 7046000,
        "depreciationandamortization": 53481000,
        "shippinghandlingandtransportationcosts": 21740000,
        "leaseandrentalexpense": 1875000,
        "otheroperatingexpensesnet": 8303000,
        "costsandexpenses": 775680000,
        "operatingincomeloss": 149340000,
        "interestanddebtexpense": 11000,
        "investmentincomenet": 456000,
        "othernonoperatingincomeexpense": -2299000,
        "nonoperatingincomeexpense": -1854000,
        "incomelossfromcontinuingoperationsbeforeincometaxesminorityinterestandincomelossfromequitymethodinvestments": 147486000,
        "incometaxexpensebenefit": 38153000,
        "netincomeloss": 109333000,
        "earningspersharebasic": 1.33,
        "earningspersharediluted": 1.33,
        "commonstockdividendspersharedeclared": 0.13,
        "weightedaveragenumberofsharesoutstandingbasic": 82253470,
        "weightedaveragenumberofdilutedsharesoutstanding": 82356048
    },
    {
        "date": "2017-09-29",
        "symbol": "ODFL",
        "period": "Q3",
        "salesrevenueservicesnet": 13155000,
        "laborandrelatedexpense": 461799000,
        "costofservicesdirectmaterials": 95543000,
        "othersellingandgeneralexpense": 28785000,
        "costofservicesdirecttaxesandlicensescosts": 24547000,
        "operatinginsuranceandclaimscostsproduction": 10700000,
        "directcommunicationsandutilitiescosts": 6490000,
        "depreciationandamortization": 51934000,
        "shippinghandlingandtransportationcosts": 22739000,
        "leaseandrentalexpense": 2018000,
        "otheroperatingexpensesnet": 4557000,
        "costsandexpenses": 709112000,
        "operatingincomeloss": 163875000,
        "interestanddebtexpense": 555000,
        "investmentincomenet": 228000,
        "othernonoperatingincomeexpense": 977000,
        "nonoperatingincomeexpense": 650000,
        "incomelossfromcontinuingoperationsbeforeincometaxesminorityinterestandincomelossfromequitymethodinvestments": 164525000,
        "incometaxexpensebenefit": 62211000,
        "netincomeloss": 102314000,
        "earningspersharebasic": 1.24,
        "earningspersharediluted": 1.24,
        "commonstockdividendspersharedeclared": 0.1,
        "weightedaveragenumberofsharesoutstandingbasic": 82286295,
        "weightedaveragenumberofdilutedsharesoutstanding": 82380936
    },
    {
        "date": "2017-06-29",
        "symbol": "ODFL",
        "period": "Q2",
        "salesrevenueservicesnet": 13511000,
        "laborandrelatedexpense": 441904000,
        "costofservicesdirectmaterials": 88580000,
        "othersellingandgeneralexpense": 28283000,
        "costofservicesdirecttaxesandlicensescosts": 24961000,
        "operatinginsuranceandclaimscostsproduction": 9314000,
        "directcommunicationsandutilitiescosts": 7022000,
        "depreciationandamortization": 50449000,
        "shippinghandlingandtransportationcosts": 20860000,
        "leaseandrentalexpense": 1982000,
        "otheroperatingexpensesnet": 6125000,
        "costsandexpenses": 679480000,
        "operatingincomeloss": 160432000,
        "interestanddebtexpense": 642000,
        "investmentincomenet": 69000,
        "othernonoperatingincomeexpense": 431000,
        "nonoperatingincomeexpense": -142000,
        "incomelossfromcontinuingoperationsbeforeincometaxesminorityinterestandincomelossfromequitymethodinvestments": 160290000,
        "incometaxexpensebenefit": 61872000,
        "netincomeloss": 98418000,
        "earningspersharebasic": 1.2,
        "earningspersharediluted": 1.19,
        "commonstockdividendspersharedeclared": 0.1,
        "weightedaveragenumberofsharesoutstandingbasic": 82318623,
        "weightedaveragenumberofdilutedsharesoutstanding": 82427975
    },
    {
        "date": "2017-03-30",
        "symbol": "ODFL",
        "period": "Q1",
        "salesrevenueservicesnet": 754096000,
        "laborandrelatedexpense": 416504000,
        "costofservicesdirectmaterials": 90987000,
        "othersellingandgeneralexpense": 22872000,
        "costofservicesdirecttaxesandlicensescosts": 24022000,
        "operatinginsuranceandclaimscostsproduction": 8790000,
        "directcommunicationsandutilitiescosts": 7433000,
        "depreciationandamortization": 50287000,
        "shippinghandlingandtransportationcosts": 17997000,
        "leaseandrentalexpense": 2114000,
        "otheroperatingexpensesnet": 4968000,
        "costsandexpenses": 645974000,
        "operatingincomeloss": 108122000,
        "interestanddebtexpense": 595000,
        "investmentincomenet": 35000,
        "othernonoperatingincomeexpense": -409000,
        "nonoperatingincomeexpense": -969000,
        "incomelossfromcontinuingoperationsbeforeincometaxesminorityinterestandincomelossfromequitymethodinvestments": 107153000,
        "incometaxexpensebenefit": 41361000,
        "netincomeloss": 65792000,
        "earningspersharebasic": 0.8,
        "earningspersharediluted": 0.8,
        "commonstockdividendspersharedeclared": 0.1,
        "weightedaveragenumberofsharesoutstandingbasic": 82349024,
        "weightedaveragenumberofdilutedsharesoutstanding": 82444458
    },
    {
        "date": "2016-09-29",
        "symbol": "ODFL",
        "period": "Q3",
        "salesrevenueservicesnet": 782611000,
        "laborandrelatedexpense": 425076000,
        "costofservicesdirectmaterials": 83197000,
        "othersellingandgeneralexpense": 22010000,
        "costofservicesdirecttaxesandlicensescosts": 22714000,
        "operatinginsuranceandclaimscostsproduction": 10185000,
        "directcommunicationsandutilitiescosts": 7025000,
        "depreciationandamortization": 49041000,
        "shippinghandlingandtransportationcosts": 18907000,
        "leaseandrentalexpense": 2050000,
        "otheroperatingexpensesnet": 5002000,
        "costsandexpenses": 645207000,
        "operatingincomeloss": 137404000,
        "interestanddebtexpense": 1131000,
        "investmentincomenet": 10000,
        "othernonoperatingincomeexpense": -6000,
        "nonoperatingincomeexpense": -1127000,
        "incomelossfromcontinuingoperationsbeforeincometaxesminorityinterestandincomelossfromequitymethodinvestments": 136277000,
        "incometaxexpensebenefit": 50696000,
        "netincomeloss": 85581000,
        "earningspersharebasic": 1.03,
        "earningspersharediluted": 1.03,
        "weightedaveragenumberofsharesoutstandingbasic": 82742070,
        "weightedaveragenumberofdilutedsharesoutstanding": 82811371
    },
    {
        "date": "2016-06-29",
        "symbol": "ODFL",
        "period": "Q2",
        "salesrevenueservicesnet": 755435000,
        "laborandrelatedexpense": 408424000,
        "costofservicesdirectmaterials": 80335000,
        "othersellingandgeneralexpense": 22778000,
        "costofservicesdirecttaxesandlicensescosts": 23466000,
        "operatinginsuranceandclaimscostsproduction": 9363000,
        "directcommunicationsandutilitiescosts": 7327000,
        "depreciationandamortization": 46480000,
        "shippinghandlingandtransportationcosts": 18176000,
        "leaseandrentalexpense": 2164000,
        "otheroperatingexpensesnet": 3486000,
        "costsandexpenses": 621999000,
        "operatingincomeloss": 133436000,
        "interestanddebtexpense": 1064000,
        "investmentincomenet": 12000,
        "othernonoperatingincomeexpense": -260000,
        "nonoperatingincomeexpense": -1312000,
        "incomelossfromcontinuingoperationsbeforeincometaxesminorityinterestandincomelossfromequitymethodinvestments": 132124000,
        "incometaxexpensebenefit": 50736000,
        "netincomeloss": 81388000,
        "earningspersharebasic": 0.98,
        "earningspersharediluted": 0.98,
        "weightedaveragenumberofsharesoutstandingbasic": 83354013,
        "weightedaveragenumberofdilutedsharesoutstanding": 83381429
    },
    {
        "date": "2016-03-30",
        "symbol": "ODFL",
        "period": "Q1",
        "salesrevenueservicesnet": 707733000,
        "laborandrelatedexpense": 400869000,
        "costofservicesdirectmaterials": 75372000,
        "othersellingandgeneralexpense": 21142000,
        "costofservicesdirecttaxesandlicensescosts": 23188000,
        "operatinginsuranceandclaimscostsproduction": 10244000,
        "directcommunicationsandutilitiescosts": 7005000,
        "depreciationandamortization": 44772000,
        "shippinghandlingandtransportationcosts": 18496000,
        "leaseandrentalexpense": 2273000,
        "otheroperatingexpensesnet": 4824000,
        "costsandexpenses": 608185000,
        "operatingincomeloss": 99548000,
        "interestanddebtexpense": 1183000,
        "investmentincomenet": 16000,
        "othernonoperatingincomeexpense": -516000,
        "nonoperatingincomeexpense": -1683000,
        "incomelossfromcontinuingoperationsbeforeincometaxesminorityinterestandincomelossfromequitymethodinvestments": 97865000,
        "incometaxexpensebenefit": 37580000,
        "netincomeloss": 60285000,
        "earningspersharebasic": 0.72,
        "earningspersharediluted": 0.72,
        "weightedaveragenumberofsharesoutstandingbasic": 83983028,
        "weightedaveragenumberofdilutedsharesoutstanding": 83983028
    },
    {
        "date": "2015-09-29",
        "symbol": "ODFL",
        "period": "Q3",
        "salesrevenueservicesnet": 779474000,
        "laborandrelatedexpense": 406592000,
        "costofservicesdirectmaterials": 88669000,
        "othersellingandgeneralexpense": 24350000,
        "costofservicesdirecttaxesandlicensescosts": 23855000,
        "operatinginsuranceandclaimscostsproduction": 10808000,
        "directcommunicationsandutilitiescosts": 6867000,
        "depreciationandamortization": 42561000,
        "shippinghandlingandtransportationcosts": 30297000,
        "leaseandrentalexpense": 2395000,
        "otheroperatingexpensesnet": 3226000,
        "costsandexpenses": 639620000,
        "operatingincomeloss": 139854000,
        "interestanddebtexpense": 1163000,
        "investmentincomenet": 33000,
        "othernonoperatingincomeexpense": -1866000,
        "nonoperatingincomeexpense": -2996000,
        "incomelossfromcontinuingoperationsbeforeincometaxesminorityinterestandincomelossfromequitymethodinvestments": 136858000,
        "incometaxexpensebenefit": 52490000,
        "netincomeloss": 84368000,
        "earningspersharebasic": 0.99,
        "earningspersharediluted": 0.99,
        "weightedaveragenumberofsharesoutstandingbasic": 85247467,
        "weightedaveragenumberofdilutedsharesoutstanding": 85247467
    },
    {
        "date": "2015-06-29",
        "symbol": "ODFL",
        "period": "Q2",
        "salesrevenueservicesnet": 762151000,
        "laborandrelatedexpense": 387423000,
        "costofservicesdirectmaterials": 93390000,
        "othersellingandgeneralexpense": 23533000,
        "costofservicesdirecttaxesandlicensescosts": 23538000,
        "operatinginsuranceandclaimscostsproduction": 10321000,
        "directcommunicationsandutilitiescosts": 6501000,
        "depreciationandamortization": 39771000,
        "shippinghandlingandtransportationcosts": 32702000,
        "leaseandrentalexpense": 2474000,
        "otheroperatingexpensesnet": 1599000,
        "costsandexpenses": 621252000,
        "operatingincomeloss": 140899000,
        "interestanddebtexpense": 1169000,
        "investmentincomenet": 83000,
        "othernonoperatingincomeexpense": -441000,
        "nonoperatingincomeexpense": -1527000,
        "incomelossfromcontinuingoperationsbeforeincometaxesminorityinterestandincomelossfromequitymethodinvestments": 139372000,
        "incometaxexpensebenefit": 53798000,
        "netincomeloss": 85574000,
        "earningspersharebasic": 1,
        "earningspersharediluted": 1,
        "weightedaveragenumberofsharesoutstandingbasic": 85726933,
        "weightedaveragenumberofdilutedsharesoutstanding": 85726933
    },
    {
        "date": "2015-03-30",
        "symbol": "ODFL",
        "period": "Q1",
        "salesrevenueservicesnet": 696245000,
        "laborandrelatedexpense": 368442000,
        "costofservicesdirectmaterials": 88049000,
        "othersellingandgeneralexpense": 21292000,
        "costofservicesdirecttaxesandlicensescosts": 22274000,
        "operatinginsuranceandclaimscostsproduction": 10042000,
        "directcommunicationsandutilitiescosts": 6775000,
        "depreciationandamortization": 38788000,
        "shippinghandlingandtransportationcosts": 30148000,
        "leaseandrentalexpense": 2278000,
        "otheroperatingexpensesnet": 4592000,
        "costsandexpenses": 592680000,
        "operatingincomeloss": 103565000,
        "interestanddebtexpense": 1569000,
        "investmentincomenet": 71000,
        "othernonoperatingincomeexpense": -237000,
        "nonoperatingincomeexpense": -1735000,
        "incomelossfromcontinuingoperationsbeforeincometaxesminorityinterestandincomelossfromequitymethodinvestments": 101830000,
        "incometaxexpensebenefit": 39306000,
        "netincomeloss": 62524000,
        "earningspersharebasic": 0.73,
        "earningspersharediluted": 0.73,
        "weightedaveragenumberofsharesoutstandingbasic": 85970829,
        "weightedaveragenumberofdilutedsharesoutstanding": 85970829
    },
    {
        "date": "2014-09-29",
        "symbol": "ODFL",
        "period": "Q3",
        "salesrevenueservicesnet": 743586000,
        "laborandrelatedexpense": 363420000,
        "costofservicesdirectmaterials": 111670000,
        "othersellingandgeneralexpense": 21931000,
        "costofservicesdirecttaxesandlicensescosts": 21338000,
        "operatinginsuranceandclaimscostsproduction": 10118000,
        "directcommunicationsandutilitiescosts": 6320000,
        "depreciationandamortization": 37707000,
        "shippinghandlingandtransportationcosts": 34590000,
        "leaseandrentalexpense": 2880000,
        "otheroperatingexpensesnet": 7350000,
        "costsandexpenses": 617324000,
        "operatingincomeloss": 126262000,
        "interestanddebtexpense": 1463000,
        "investmentincomenet": 19000,
        "othernonoperatingincomeexpense": -951000,
        "nonoperatingincomeexpense": -2395000,
        "incomelossfromcontinuingoperationsbeforeincometaxesminorityinterestandincomelossfromequitymethodinvestments": 123867000,
        "incometaxexpensebenefit": 45958000,
        "netincomeloss": 77909000,
        "earningspersharebasic": 0.9,
        "earningspersharediluted": 0.9,
        "weightedaveragenumberofsharesoutstandingbasic": 86164917,
        "weightedaveragenumberofdilutedsharesoutstanding": 86164917
    },
    {
        "date": "2014-06-29",
        "symbol": "ODFL",
        "period": "Q2",
        "salesrevenueservicesnet": 702987000,
        "laborandrelatedexpense": 340309000,
        "costofservicesdirectmaterials": 109917000,
        "othersellingandgeneralexpense": 20889000,
        "costofservicesdirecttaxesandlicensescosts": 20618000,
        "operatinginsuranceandclaimscostsproduction": 9836000,
        "directcommunicationsandutilitiescosts": 6102000,
        "depreciationandamortization": 35121000,
        "shippinghandlingandtransportationcosts": 33157000,
        "leaseandrentalexpense": 2513000,
        "otheroperatingexpensesnet": 1830000,
        "costsandexpenses": 580292000,
        "operatingincomeloss": 122695000,
        "interestanddebtexpense": 1622000,
        "investmentincomenet": 26000,
        "othernonoperatingincomeexpense": -35000,
        "nonoperatingincomeexpense": -1631000,
        "incomelossfromcontinuingoperationsbeforeincometaxesminorityinterestandincomelossfromequitymethodinvestments": 121064000,
        "incometaxexpensebenefit": 47215000,
        "netincomeloss": 73849000,
        "earningspersharebasic": 0.86,
        "earningspersharediluted": 0.86,
        "weightedaveragenumberofsharesoutstandingbasic": 86164917,
        "weightedaveragenumberofdilutedsharesoutstanding": 86164917
    },
    {
        "date": "2014-03-30",
        "symbol": "ODFL",
        "period": "Q1",
        "salesrevenueservicesnet": 620276000,
        "laborandrelatedexpense": 311181000,
        "costofservicesdirectmaterials": 106294000,
        "othersellingandgeneralexpense": 19135000,
        "costofservicesdirecttaxesandlicensescosts": 19050000,
        "operatinginsuranceandclaimscostsproduction": 7973000,
        "directcommunicationsandutilitiescosts": 6734000,
        "depreciationandamortization": 34092000,
        "shippinghandlingandtransportationcosts": 29136000,
        "leaseandrentalexpense": 2506000,
        "otheroperatingexpensesnet": 4123000,
        "costsandexpenses": 540224000,
        "operatingincomeloss": 80052000,
        "interestanddebtexpense": 2076000,
        "investmentincomenet": 33000,
        "othernonoperatingincomeexpense": -775000,
        "nonoperatingincomeexpense": -2818000,
        "incomelossfromcontinuingoperationsbeforeincometaxesminorityinterestandincomelossfromequitymethodinvestments": 77234000,
        "incometaxexpensebenefit": 31347000,
        "netincomeloss": 45887000,
        "earningspersharebasic": 0.53,
        "earningspersharediluted": 0.53,
        "weightedaveragenumberofsharesoutstandingbasic": 86164917,
        "weightedaveragenumberofdilutedsharesoutstanding": 86164917
    },
    {
        "date": "2013-12-30",
        "symbol": "ODFL",
        "period": "Q4",
        "salesrevenueservicesnet": 598311000,
        "laborandrelatedexpense": 308159000,
        "costofservicesdirectmaterials": 97591000,
        "othersellingandgeneralexpense": 16054000,
        "costofservicesdirecttaxesandlicensescosts": 18193000,
        "operatinginsuranceandclaimscostsproduction": 7643000,
        "directcommunicationsandutilitiescosts": 5927000,
        "depreciationandamortization": 33807000,
        "shippinghandlingandtransportationcosts": 33416000,
        "leaseandrentalexpense": 2784000,
        "otheroperatingexpensesnet": -2108000,
        "costsandexpenses": 521466000,
        "operatingincomeloss": 76845000,
        "interestanddebtexpense": 2338000,
        "investmentincomenet": 46000,
        "othernonoperatingincomeexpense": 518000,
        "nonoperatingincomeexpense": -1774000,
        "incomelossfromcontinuingoperationsbeforeincometaxesminorityinterestandincomelossfromequitymethodinvestments": 75071000,
        "incometaxexpensebenefit": 27915000,
        "netincomeloss": 47156000,
        "earningspersharebasic": 0.5400000000000003,
        "earningspersharediluted": 0.5400000000000003,
        "weightedaveragenumberofsharesoutstandingbasic": -172329834,
        "weightedaveragenumberofdilutedsharesoutstanding": -172329834
    },
    {
        "date": "2013-09-29",
        "symbol": "ODFL",
        "period": "Q3",
        "salesrevenueservicesnet": 616458000,
        "laborandrelatedexpense": 303853000,
        "costofservicesdirectmaterials": 96792000,
        "othersellingandgeneralexpense": 18311000,
        "costofservicesdirecttaxesandlicensescosts": 18155000,
        "operatinginsuranceandclaimscostsproduction": 8395000,
        "directcommunicationsandutilitiescosts": 5726000,
        "depreciationandamortization": 32914000,
        "shippinghandlingandtransportationcosts": 28500000,
        "leaseandrentalexpense": 2849000,
        "otheroperatingexpensesnet": 2887000,
        "costsandexpenses": 518382000,
        "operatingincomeloss": 98076000,
        "interestanddebtexpense": 2479000,
        "investmentincomenet": 45000,
        "othernonoperatingincomeexpense": -389000,
        "nonoperatingincomeexpense": -2823000,
        "incomelossfromcontinuingoperationsbeforeincometaxesminorityinterestandincomelossfromequitymethodinvestments": 95253000,
        "incometaxexpensebenefit": 35104000,
        "netincomeloss": 60149000,
        "earningspersharebasic": 0.7,
        "earningspersharediluted": 0.7,
        "weightedaveragenumberofsharesoutstandingbasic": 86164917,
        "weightedaveragenumberofdilutedsharesoutstanding": 86164917
    },
    {
        "date": "2013-06-29",
        "symbol": "ODFL",
        "period": "Q2",
        "salesrevenueservicesnet": 590304000,
        "laborandrelatedexpense": 287961000,
        "costofservicesdirectmaterials": 95115000,
        "othersellingandgeneralexpense": 17639000,
        "costofservicesdirecttaxesandlicensescosts": 17982000,
        "operatinginsuranceandclaimscostsproduction": 7602000,
        "directcommunicationsandutilitiescosts": 5768000,
        "depreciationandamortization": 30517000,
        "shippinghandlingandtransportationcosts": 27021000,
        "leaseandrentalexpense": 3109000,
        "otheroperatingexpensesnet": 17000,
        "costsandexpenses": 492731000,
        "operatingincomeloss": 97573000,
        "interestanddebtexpense": 2403000,
        "investmentincomenet": 42000,
        "othernonoperatingincomeexpense": -334000,
        "nonoperatingincomeexpense": -2695000,
        "incomelossfromcontinuingoperationsbeforeincometaxesminorityinterestandincomelossfromequitymethodinvestments": 94878000,
        "incometaxexpensebenefit": 36623000,
        "netincomeloss": 58255000,
        "earningspersharebasic": 0.68,
        "earningspersharediluted": 0.68,
        "weightedaveragenumberofsharesoutstandingbasic": 86164917,
        "weightedaveragenumberofdilutedsharesoutstanding": 86164917
    },
    {
        "date": "2013-03-30",
        "symbol": "ODFL",
        "period": "Q1",
        "salesrevenueservicesnet": 532575000,
        "laborandrelatedexpense": 270800000,
        "costofservicesdirectmaterials": 95703000,
        "othersellingandgeneralexpense": 17761000,
        "costofservicesdirecttaxesandlicensescosts": 17269000,
        "operatinginsuranceandclaimscostsproduction": 7270000,
        "directcommunicationsandutilitiescosts": 5721000,
        "depreciationandamortization": 29834000,
        "shippinghandlingandtransportationcosts": 17498000,
        "leaseandrentalexpense": 3178000,
        "otheroperatingexpensesnet": 1597000,
        "costsandexpenses": 466631000,
        "operatingincomeloss": 65944000,
        "interestanddebtexpense": 2400000,
        "investmentincomenet": 14000,
        "othernonoperatingincomeexpense": -74000,
        "nonoperatingincomeexpense": -2460000,
        "incomelossfromcontinuingoperationsbeforeincometaxesminorityinterestandincomelossfromequitymethodinvestments": 63484000,
        "incometaxexpensebenefit": 22931000,
        "netincomeloss": 40553000,
        "earningspersharebasic": 0.47,
        "earningspersharediluted": 0.47,
        "weightedaveragenumberofsharesoutstandingbasic": 86164917,
        "weightedaveragenumberofdilutedsharesoutstanding": 86164917
    },
    {
        "date": "2012-12-30",
        "symbol": "ODFL",
        "period": "Q4",
        "salesrevenueservicesnet": 527345000,
        "laborandrelatedexpense": 269153000,
        "costofservicesdirectmaterials": 95895000,
        "othersellingandgeneralexpense": 14312000,
        "costofservicesdirecttaxesandlicensescosts": 16843000,
        "operatinginsuranceandclaimscostsproduction": 6010000,
        "directcommunicationsandutilitiescosts": 5424000,
        "depreciationandamortization": 29948000,
        "shippinghandlingandtransportationcosts": 17316000,
        "leaseandrentalexpense": 3396000,
        "otheroperatingexpensesnet": 1532000,
        "costsandexpenses": 459829000,
        "operatingincomeloss": 67516000,
        "interestanddebtexpense": 2755000,
        "investmentincomenet": 6000,
        "othernonoperatingincomeexpense": -488000,
        "nonoperatingincomeexpense": -3237000,
        "incomelossfromcontinuingoperationsbeforeincometaxesminorityinterestandincomelossfromequitymethodinvestments": 64279000,
        "incometaxexpensebenefit": 24798000,
        "netincomeloss": 39481000,
        "earningspersharebasic": 0.009999999999999898,
        "earningspersharediluted": 0.009999999999999898,
        "weightedaveragenumberofsharesoutstandingbasic": -114886652,
        "weightedaveragenumberofdilutedsharesoutstanding": -114886652
    },
    {
        "date": "2012-09-29",
        "symbol": "ODFL",
        "period": "Q3",
        "salesrevenueservicesnet": 544493000,
        "laborandrelatedexpense": 270907000,
        "costofservicesdirectmaterials": 94732000,
        "othersellingandgeneralexpense": 14507000,
        "costofservicesdirecttaxesandlicensescosts": 17182000,
        "operatinginsuranceandclaimscostsproduction": 8336000,
        "directcommunicationsandutilitiescosts": 5003000,
        "depreciationandamortization": 28727000,
        "shippinghandlingandtransportationcosts": 18234000,
        "leaseandrentalexpense": 3393000,
        "otheroperatingexpensesnet": 2540000,
        "costsandexpenses": 463561000,
        "operatingincomeloss": 80932000,
        "interestanddebtexpense": 2882000,
        "investmentincomenet": 22000,
        "othernonoperatingincomeexpense": 289000,
        "nonoperatingincomeexpense": -2571000,
        "incomelossfromcontinuingoperationsbeforeincometaxesminorityinterestandincomelossfromequitymethodinvestments": 78361000,
        "incometaxexpensebenefit": 27317000,
        "netincomeloss": 51044000,
        "earningspersharebasic": 0.59,
        "earningspersharediluted": 0.59,
        "weightedaveragenumberofsharesoutstandingbasic": 86164968,
        "weightedaveragenumberofdilutedsharesoutstanding": 86164968
    },
    {
        "date": "2012-06-29",
        "symbol": "ODFL",
        "period": "Q2",
        "salesrevenueservicesnet": 541505000,
        "laborandrelatedexpense": 268502000,
        "costofservicesdirectmaterials": 93691000,
        "othersellingandgeneralexpense": 15937000,
        "costofservicesdirecttaxesandlicensescosts": 17145000,
        "operatinginsuranceandclaimscostsproduction": 7652000,
        "directcommunicationsandutilitiescosts": 4699000,
        "depreciationandamortization": 26524000,
        "shippinghandlingandtransportationcosts": 18645000,
        "leaseandrentalexpense": 3457000,
        "otheroperatingexpensesnet": 2665000,
        "costsandexpenses": 458917000,
        "operatingincomeloss": 82588000,
        "interestanddebtexpense": 2685000,
        "investmentincomenet": 33000,
        "othernonoperatingincomeexpense": -875000,
        "nonoperatingincomeexpense": -3527000,
        "incomelossfromcontinuingoperationsbeforeincometaxesminorityinterestandincomelossfromequitymethodinvestments": 79061000,
        "incometaxexpensebenefit": 31229000,
        "netincomeloss": 47832000,
        "earningspersharebasic": 0.83,
        "earningspersharediluted": 0.83,
        "weightedaveragenumberofsharesoutstandingbasic": 57443324,
        "weightedaveragenumberofdilutedsharesoutstanding": 57443324
    },
    {
        "date": "2012-03-30",
        "symbol": "ODFL",
        "period": "Q1",
        "salesrevenueservicesnet": 497140000,
        "laborandrelatedexpense": 257989000,
        "costofservicesdirectmaterials": 94216000,
        "othersellingandgeneralexpense": 14152000,
        "costofservicesdirecttaxesandlicensescosts": 16356000,
        "operatinginsuranceandclaimscostsproduction": 7683000,
        "directcommunicationsandutilitiescosts": 4854000,
        "depreciationandamortization": 25544000,
        "shippinghandlingandtransportationcosts": 16231000,
        "leaseandrentalexpense": 3268000,
        "otheroperatingexpensesnet": 2629000,
        "costsandexpenses": 442922000,
        "operatingincomeloss": 54218000,
        "interestanddebtexpense": 3219000,
        "investmentincomenet": 52000,
        "othernonoperatingincomeexpense": 346000,
        "nonoperatingincomeexpense": -2821000,
        "incomelossfromcontinuingoperationsbeforeincometaxesminorityinterestandincomelossfromequitymethodinvestments": 51397000,
        "incometaxexpensebenefit": 20302000,
        "netincomeloss": 31095000,
        "earningspersharebasic": 0.54,
        "earningspersharediluted": 0.54,
        "weightedaveragenumberofsharesoutstandingbasic": 57443324,
        "weightedaveragenumberofdilutedsharesoutstanding": 57443324
    },
    {
        "date": "2011-12-30",
        "symbol": "ODFL",
        "period": "Q4",
        "salesrevenueservicesnet": 485132000,
        "laborandrelatedexpense": 248048000,
        "costofservicesdirectmaterials": 90435000,
        "othersellingandgeneralexpense": 12485000,
        "costofservicesdirecttaxesandlicensescosts": 15737000,
        "operatinginsuranceandclaimscostsproduction": 4818000,
        "directcommunicationsandutilitiescosts": 4603000,
        "depreciationandamortization": 24290000,
        "shippinghandlingandtransportationcosts": 15561000,
        "leaseandrentalexpense": 3390000,
        "otheroperatingexpensesnet": 2453000,
        "costsandexpenses": 421820000,
        "operatingincomeloss": 63312000,
        "interestanddebtexpense": 3330000,
        "investmentincomenet": 144000,
        "othernonoperatingincomeexpense": 521000,
        "nonoperatingincomeexpense": -2665000,
        "incomelossfromcontinuingoperationsbeforeincometaxesminorityinterestandincomelossfromequitymethodinvestments": 60647000,
        "incometaxexpensebenefit": 20764000,
        "netincomeloss": 39883000,
        "earningspersharebasic": 0.7000000000000001,
        "earningspersharediluted": 0.7000000000000001,
        "weightedaveragenumberofsharesoutstandingbasic": -113996132,
        "weightedaveragenumberofdilutedsharesoutstanding": -113996132
    },
    {
        "date": "2011-09-29",
        "symbol": "ODFL",
        "period": "Q3",
        "salesrevenueservicesnet": 494475000,
        "laborandrelatedexpense": 247157000,
        "costofservicesdirectmaterials": 91421000,
        "othersellingandgeneralexpense": 12648000,
        "costofservicesdirecttaxesandlicensescosts": 16128000,
        "operatinginsuranceandclaimscostsproduction": 8154000,
        "directcommunicationsandutilitiescosts": 4518000,
        "depreciationandamortization": 23396000,
        "shippinghandlingandtransportationcosts": 16628000,
        "leaseandrentalexpense": 3412000,
        "otheroperatingexpensesnet": 2819000,
        "costsandexpenses": 426281000,
        "operatingincomeloss": 68194000,
        "interestanddebtexpense": 3397000,
        "investmentincomenet": 3000,
        "othernonoperatingincomeexpense": -1678000,
        "nonoperatingincomeexpense": -5072000,
        "incomelossfromcontinuingoperationsbeforeincometaxesminorityinterestandincomelossfromequitymethodinvestments": 63122000,
        "incometaxexpensebenefit": 24491000,
        "netincomeloss": 38631000,
        "earningspersharebasic": 0.67,
        "earningspersharediluted": 0.67,
        "weightedaveragenumberofsharesoutstandingbasic": 57443324,
        "weightedaveragenumberofdilutedsharesoutstanding": 57443324
    },
    {
        "date": "2011-06-29",
        "symbol": "ODFL",
        "period": "Q2",
        "salesrevenueservicesnet": 480255000,
        "laborandrelatedexpense": 239376000,
        "costofservicesdirectmaterials": 90697000,
        "othersellingandgeneralexpense": 13201000,
        "costofservicesdirecttaxesandlicensescosts": 15890000,
        "operatinginsuranceandclaimscostsproduction": 7529000,
        "directcommunicationsandutilitiescosts": 4433000,
        "depreciationandamortization": 22013000,
        "shippinghandlingandtransportationcosts": 16778000,
        "leaseandrentalexpense": 3500000,
        "otheroperatingexpensesnet": 2193000,
        "costsandexpenses": 415610000,
        "operatingincomeloss": 64645000,
        "interestanddebtexpense": 3464000,
        "investmentincomenet": 14000,
        "othernonoperatingincomeexpense": -362000,
        "nonoperatingincomeexpense": -3812000,
        "incomelossfromcontinuingoperationsbeforeincometaxesminorityinterestandincomelossfromequitymethodinvestments": 60833000,
        "incometaxexpensebenefit": 21450000,
        "netincomeloss": 39383000,
        "earningspersharebasic": 0.69,
        "earningspersharediluted": 0.69,
        "weightedaveragenumberofsharesoutstandingbasic": 57443324,
        "weightedaveragenumberofdilutedsharesoutstanding": 57443324
    },
    {
        "date": "2011-03-30",
        "symbol": "ODFL",
        "period": "Q1",
        "salesrevenueservicesnet": 422679000,
        "laborandrelatedexpense": 221498000,
        "costofservicesdirectmaterials": 82633000,
        "othersellingandgeneralexpense": 11566000,
        "costofservicesdirecttaxesandlicensescosts": 15529000,
        "operatinginsuranceandclaimscostsproduction": 7192000,
        "directcommunicationsandutilitiescosts": 4550000,
        "depreciationandamortization": 21121000,
        "shippinghandlingandtransportationcosts": 14290000,
        "leaseandrentalexpense": 3387000,
        "otheroperatingexpensesnet": 2992000,
        "costsandexpenses": 384758000,
        "operatingincomeloss": 37921000,
        "interestanddebtexpense": 3876000,
        "investmentincomenet": 19000,
        "othernonoperatingincomeexpense": 1418000,
        "nonoperatingincomeexpense": -2439000,
        "incomelossfromcontinuingoperationsbeforeincometaxesminorityinterestandincomelossfromequitymethodinvestments": 35482000,
        "incometaxexpensebenefit": 13909000,
        "netincomeloss": 21573000,
        "earningspersharebasic": 0.38,
        "earningspersharediluted": 0.38,
        "weightedaveragenumberofsharesoutstandingbasic": 56255970,
        "weightedaveragenumberofdilutedsharesoutstanding": 56255970
    },
    {
        "date": "2010-09-29",
        "symbol": "ODFL",
        "period": "Q3",
        "salesrevenueservicesnet": 395981000,
        "laborandrelatedexpense": 213380000,
        "costofservicesdirectmaterials": 62746000,
        "othersellingandgeneralexpense": 11136000,
        "costofservicesdirecttaxesandlicensescosts": 14360000,
        "operatinginsuranceandclaimscostsproduction": 7204000,
        "directcommunicationsandutilitiescosts": 3820000,
        "depreciationandamortization": 19396000,
        "shippinghandlingandtransportationcosts": 15026000,
        "leaseandrentalexpense": 3719000,
        "otheroperatingexpensesnet": 1810000,
        "costsandexpenses": 352597000,
        "operatingincomeloss": 43384000,
        "interestanddebtexpense": 2964000,
        "investmentincomenet": 37000,
        "othernonoperatingincomeexpense": 178000,
        "nonoperatingincomeexpense": -2749000,
        "incomelossfromcontinuingoperationsbeforeincometaxesminorityinterestandincomelossfromequitymethodinvestments": 40635000,
        "incometaxexpensebenefit": 16254000,
        "netincomeloss": 24381000,
        "earningspersharebasic": 0.44,
        "earningspersharediluted": 0.44,
        "weightedaveragenumberofsharesoutstandingbasic": 55926984,
        "weightedaveragenumberofdilutedsharesoutstanding": 55926984
    },
    {
        "date": "2010-06-29",
        "symbol": "ODFL",
        "period": "Q2",
        "salesrevenueservicesnet": 368250000,
        "laborandrelatedexpense": 196260000,
        "costofservicesdirectmaterials": 59594000,
        "othersellingandgeneralexpense": 10443000,
        "costofservicesdirecttaxesandlicensescosts": 13708000,
        "operatinginsuranceandclaimscostsproduction": 6209000,
        "directcommunicationsandutilitiescosts": 3668000,
        "depreciationandamortization": 19553000,
        "shippinghandlingandtransportationcosts": 12575000,
        "leaseandrentalexpense": 4174000,
        "otheroperatingexpensesnet": 2055000,
        "costsandexpenses": 328239000,
        "operatingincomeloss": 40011000,
        "interestanddebtexpense": 3181000,
        "investmentincomenet": 53000,
        "othernonoperatingincomeexpense": -1029000,
        "nonoperatingincomeexpense": -4157000,
        "incomelossfromcontinuingoperationsbeforeincometaxesminorityinterestandincomelossfromequitymethodinvestments": 35854000,
        "incometaxexpensebenefit": 14341000,
        "netincomeloss": 21513000,
        "earningspersharebasic": 0.58,
        "earningspersharediluted": 0.58,
        "weightedaveragenumberofsharesoutstandingbasic": 37284675,
        "weightedaveragenumberofdilutedsharesoutstanding": 37284675
    }
]