[
    {
        "date": "2024-09-29",
        "symbol": "ERIE",
        "period": "Q3",
        "revenuefromcontractwithcustomerexcludingassessedtax": 223908000,
        "operatingexpenses": 819761000,
        "operatingincomeloss": 180125000,
        "netinvestmentincomeandincomelossfromequitymethodinvestments": 17322000,
        "debtandequitysecuritiesgainloss": 2925000,
        "debtsecuritiesandfinancingreceivablesimpairmentlossrecoveries": -698000,
        "netinvestmentincome": 19549000,
        "othernonoperatingincomeexpense": 1168000,
        "incomelossfromcontinuingoperationsbeforeincometaxesextraordinaryitemsnoncontrollinginterest": 200842000,
        "incometaxexpensebenefit": 41012000,
        "netincomeloss": 159830000,
        "earningspersharebasic": 515,
        "earningspersharediluted": 515,
        "weightedaveragenumberofsharesoutstandingbasic": 2542,
        "weightedaveragenumberofdilutedsharesoutstanding": 2542,
        "commonstockdividendspersharedeclared": 191.25,
        "othercomprehensiveincomeavailableforsalesecuritiesadjustmentnetoftaxportionattributabletoparent": 20227000,
        "othercomprehensiveincomedefinedbenefitplansadjustmentnetoftaxportionattributabletoparent": 1538000,
        "othercomprehensiveincomelossnetoftaxportionattributabletoparent": 18689000,
        "comprehensiveincomenetoftax": 178519000
    },
    {
        "date": "2024-06-29",
        "symbol": "ERIE",
        "period": "Q2",
        "revenuefromcontractwithcustomerexcludingassessedtax": 760886000,
        "operatingexpenses": 594202000,
        "operatingincomeloss": 190208000,
        "netinvestmentincomeandincomelossfromequitymethodinvestments": 16010000,
        "debtandequitysecuritiesgainloss": -1795000,
        "debtsecuritiesandfinancingreceivablesimpairmentlossrecoveries": -388000,
        "netinvestmentincome": 13827000,
        "othernonoperatingincomeexpense": 3292000,
        "incomelossfromcontinuingoperationsbeforeincometaxesextraordinaryitemsnoncontrollinginterest": 207327000,
        "incometaxexpensebenefit": 43424000,
        "netincomeloss": 163903000,
        "earningspersharebasic": 3.52,
        "earningspersharediluted": 3.13,
        "weightedaveragenumberofsharesoutstandingbasic": 46189042,
        "weightedaveragenumberofdilutedsharesoutstanding": 52305299,
        "commonstockdividendspersharedeclared": 1.275,
        "othercomprehensiveincomeavailableforsalesecuritiesadjustmentnetoftaxportionattributabletoparent": 1541000,
        "othercomprehensiveincomedefinedbenefitplansadjustmentnetoftaxportionattributabletoparent": 3434000,
        "othercomprehensiveincomelossnetoftaxportionattributabletoparent": -1893000,
        "comprehensiveincomenetoftax": 162010000
    },
    {
        "date": "2023-12-30",
        "symbol": "ERIE",
        "period": "Q4",
        "revenuefromcontractwithcustomerexcludingassessedtax": 1404906000,
        "operatingexpenses": 140562000,
        "operatingincomeloss": 127084000,
        "netinvestmentincomeandincomelossfromequitymethodinvestments": 14212000,
        "debtandequitysecuritiesgainloss": 3408000,
        "netinvestmentincome": 9771000,
        "othernonoperatingincomeexpense": 3069000,
        "incomelossfromcontinuingoperationsbeforeincometaxesextraordinaryitemsnoncontrollinginterest": 139924000,
        "incometaxexpensebenefit": 28996000,
        "netincomeloss": 110928000,
        "earningspersharebasic": -651.23,
        "earningspersharediluted": -651.98,
        "weightedaveragenumberofsharesoutstandingbasic": 46188981,
        "weightedaveragenumberofdilutedsharesoutstanding": 52299411,
        "othercomprehensiveincomeavailableforsalesecuritiesadjustmentnetoftaxportionattributabletoparent": 24938000,
        "othercomprehensiveincomedefinedbenefitplansadjustmentnetoftaxportionattributabletoparent": 25544000,
        "othercomprehensiveincomelossnetoftaxportionattributabletoparent": -606000,
        "comprehensiveincomenetoftax": 110322000
    },
    {
        "date": "2023-09-29",
        "symbol": "ERIE",
        "period": "Q3",
        "revenuefromcontractwithcustomerexcludingassessedtax": 649049000,
        "operatingexpenses": 523349000,
        "operatingincomeloss": 148471000,
        "netinvestmentincomeandincomelossfromequitymethodinvestments": 14642000,
        "debtandequitysecuritiesgainloss": -2227000,
        "availableforsaledebtsecuritiesandfinancingreceivablesimpairmentlossrecoverynet": -113000,
        "netinvestmentincome": 12302000,
        "othernonoperatingincomeexpense": 3001000,
        "incomelossfromcontinuingoperationsbeforeincometaxesextraordinaryitemsnoncontrollinginterest": 163774000,
        "incometaxexpensebenefit": 32734000,
        "netincomeloss": 131040000,
        "earningspersharebasic": 2.81,
        "earningspersharediluted": 2.51,
        "weightedaveragenumberofsharesoutstandingbasic": 46189037,
        "weightedaveragenumberofdilutedsharesoutstanding": 52299369,
        "commonstockdividendspersharedeclared": 1.19,
        "othercomprehensiveincomeavailableforsalesecuritiesadjustmentnetoftaxportionattributabletoparent": -5902000,
        "othercomprehensiveincomedefinedbenefitplansadjustmentnetoftaxportionattributabletoparent": 2742000,
        "othercomprehensiveincomelossnetoftaxportionattributabletoparent": -8644000,
        "comprehensiveincomenetoftax": 122396000
    },
    {
        "date": "2023-06-29",
        "symbol": "ERIE",
        "period": "Q2",
        "revenuefromcontractwithcustomerexcludingassessedtax": 200102000,
        "operatingexpenses": 705712000,
        "operatingincomeloss": 134158000,
        "netinvestmentincomeandincomelossfromequitymethodinvestments": 13535000,
        "debtandequitysecuritiesgainloss": -1737000,
        "availableforsaledebtsecuritiesandfinancingreceivablesimpairmentlossrecoverynet": -171000,
        "netinvestmentincome": 11627000,
        "othernonoperatingincomeexpense": 3305000,
        "incomelossfromcontinuingoperationsbeforeincometaxesextraordinaryitemsnoncontrollinginterest": 149090000,
        "incometaxexpensebenefit": 31238000,
        "netincomeloss": 117852000,
        "earningspersharebasic": 380,
        "earningspersharediluted": 380,
        "weightedaveragenumberofsharesoutstandingbasic": 2542,
        "weightedaveragenumberofdilutedsharesoutstanding": 2542,
        "commonstockdividendspersharedeclared": 178.5,
        "othercomprehensiveincomeavailableforsalesecuritiesadjustmentnetoftaxportionattributabletoparent": -1746000,
        "othercomprehensiveincomedefinedbenefitplansadjustmentnetoftaxportionattributabletoparent": 2742000,
        "othercomprehensiveincomelossnetoftaxportionattributabletoparent": -4488000,
        "comprehensiveincomenetoftax": 113364000
    },
    {
        "date": "2023-03-30",
        "symbol": "ERIE",
        "period": "Q1",
        "revenuefromcontractwithcustomerexcludingassessedtax": 188016000,
        "operatingexpenses": 641922000,
        "operatingincomeloss": 110543000,
        "netinvestmentincomeandincomelossfromequitymethodinvestments": 2183000,
        "debtandequitysecuritiesgainloss": -5282000,
        "availableforsaledebtsecuritiesandfinancingreceivablesimpairmentlossrecoverynet": -1633000,
        "netinvestmentincome": -4732000,
        "othernonoperatingincomeexpense": 3337000,
        "incomelossfromcontinuingoperationsbeforeincometaxesextraordinaryitemsnoncontrollinginterest": 109148000,
        "incometaxexpensebenefit": 22907000,
        "netincomeloss": 86241000,
        "earningspersharebasic": 278,
        "earningspersharediluted": 278,
        "weightedaveragenumberofsharesoutstandingbasic": 2542,
        "weightedaveragenumberofdilutedsharesoutstanding": 2542,
        "commonstockdividendspersharedeclared": 178.5,
        "othercomprehensiveincomeavailableforsalesecuritiesadjustmentnetoftaxportionattributabletoparent": 10494000,
        "othercomprehensiveincomedefinedbenefitplansadjustmentnetoftaxportionattributabletoparent": 2742000,
        "othercomprehensiveincomelossnetoftaxportionattributabletoparent": 7752000,
        "comprehensiveincomenetoftax": 93993000
    },
    {
        "date": "2022-12-30",
        "symbol": "ERIE",
        "period": "Q4",
        "revenuefromcontractwithcustomerexcludingassessedtax": -533901000,
        "operatingexpenses": 619205000,
        "operatingincomeloss": 81430000,
        "netinvestmentincomeandincomelossfromequitymethodinvestments": 3979000,
        "debtandequitysecuritiesgainloss": -3453000,
        "netinvestmentincome": 288000,
        "interestexpense": 0,
        "othernonoperatingincomeexpense": 243000,
        "incomelossfromcontinuingoperationsbeforeincometaxesextraordinaryitemsnoncontrollinginterest": 81961000,
        "incometaxexpensebenefit": 16471000,
        "netincomeloss": 65490000,
        "earningspersharebasic": 211,
        "earningspersharediluted": 211,
        "weightedaveragenumberofsharesoutstandingbasic": -5084,
        "weightedaveragenumberofdilutedsharesoutstanding": -5084,
        "othercomprehensiveincomeavailableforsalesecuritiesadjustmentnetoftaxportionattributabletoparent": 10390000,
        "othercomprehensiveincomedefinedbenefitplansadjustmentnetoftaxportionattributabletoparent": -71368000,
        "othercomprehensiveincomelossnetoftaxportionattributabletoparent": 81758000,
        "comprehensiveincomenetoftax": 147248000
    },
    {
        "date": "2022-09-29",
        "symbol": "ERIE",
        "period": "Q3",
        "revenuefromcontractwithcustomerexcludingassessedtax": 183310000,
        "operatingexpenses": 634764000,
        "operatingincomeloss": 106472000,
        "netinvestmentincomeandincomelossfromequitymethodinvestments": 5834000,
        "debtandequitysecuritiesgainloss": -6230000,
        "availableforsaledebtsecuritiesandfinancingreceivablesimpairmentlossrecoverynet": -175000,
        "netinvestmentincome": -571000,
        "interestexpense": 115000,
        "othernonoperatingincomeexpense": 562000,
        "incomelossfromcontinuingoperationsbeforeincometaxesextraordinaryitemsnoncontrollinginterest": 106348000,
        "incometaxexpensebenefit": 22035000,
        "netincomeloss": 84313000,
        "earningspersharebasic": 272,
        "earningspersharediluted": 272,
        "weightedaveragenumberofsharesoutstandingbasic": 2542,
        "weightedaveragenumberofdilutedsharesoutstanding": 2542,
        "commonstockdividendspersharedeclared": 166.5,
        "othercomprehensiveincomeavailableforsalesecuritiesadjustmentnetoftaxportionattributabletoparent": -17178000,
        "othercomprehensiveincomedefinedbenefitplansadjustmentnetoftaxportionattributabletoparent": -1731000,
        "othercomprehensiveincomelossnetoftaxportionattributabletoparent": -15447000,
        "comprehensiveincomenetoftax": 68866000
    },
    {
        "date": "2022-06-29",
        "symbol": "ERIE",
        "period": "Q2",
        "revenuefromcontractwithcustomerexcludingassessedtax": 175151000,
        "operatingexpenses": 622143000,
        "operatingincomeloss": 104000000,
        "netinvestmentincomeandincomelossfromequitymethodinvestments": 8268000,
        "debtandequitysecuritiesgainloss": -10324000,
        "availableforsaledebtsecuritiesandfinancingreceivablesimpairmentlossrecoverynet": -38000,
        "netinvestmentincome": -2094000,
        "interestexpense": 895000,
        "othernonoperatingincomeexpense": 337000,
        "incomelossfromcontinuingoperationsbeforeincometaxesextraordinaryitemsnoncontrollinginterest": 101348000,
        "incometaxexpensebenefit": 21201000,
        "netincomeloss": 80147000,
        "earningspersharebasic": 258,
        "earningspersharediluted": 258,
        "weightedaveragenumberofsharesoutstandingbasic": 2542,
        "weightedaveragenumberofdilutedsharesoutstanding": 2542,
        "commonstockdividendspersharedeclared": 166.5,
        "othercomprehensiveincomeavailableforsalesecuritiesadjustmentnetoftaxportionattributabletoparent": -24985000,
        "othercomprehensiveincomedefinedbenefitplansadjustmentnetoftaxportionattributabletoparent": -1737000,
        "othercomprehensiveincomelossnetoftaxportionattributabletoparent": -23248000,
        "comprehensiveincomenetoftax": 56899000
    },
    {
        "date": "2022-03-30",
        "symbol": "ERIE",
        "period": "Q1",
        "revenuefromcontractwithcustomerexcludingassessedtax": 177640000,
        "operatingexpenses": 587798000,
        "operatingincomeloss": 84312000,
        "netinvestmentincomeandincomelossfromequitymethodinvestments": 10504000,
        "debtandequitysecuritiesgainloss": -7279000,
        "availableforsaledebtsecuritiesandfinancingreceivablesimpairmentlossrecoverynet": -216000,
        "netinvestmentincome": 3009000,
        "interestexpense": 999000,
        "othernonoperatingincomeexpense": 473000,
        "incomelossfromcontinuingoperationsbeforeincometaxesextraordinaryitemsnoncontrollinginterest": 86795000,
        "incometaxexpensebenefit": 18176000,
        "netincomeloss": 68619000,
        "earningspersharebasic": 221,
        "earningspersharediluted": 221,
        "weightedaveragenumberofsharesoutstandingbasic": 2542,
        "weightedaveragenumberofdilutedsharesoutstanding": 2542,
        "commonstockdividendspersharedeclared": 166.5,
        "othercomprehensiveincomeavailableforsalesecuritiesadjustmentnetoftaxportionattributabletoparent": -26919000,
        "othercomprehensiveincomedefinedbenefitplansadjustmentnetoftaxportionattributabletoparent": -1730000,
        "othercomprehensiveincomelossnetoftaxportionattributabletoparent": -25189000,
        "comprehensiveincomenetoftax": 43430000
    },
    {
        "date": "2021-09-29",
        "symbol": "ERIE",
        "period": "Q3",
        "revenuefromcontractwithcustomerexcludingassessedtax": 504891000,
        "operatingexpenses": 430326000,
        "operatingincomeloss": 95103000,
        "netinvestmentincomeandincomelossfromequitymethodinvestments": 18858000,
        "debtandequitysecuritiesgainloss": 1610000,
        "availableforsaledebtsecuritiesandfinancingreceivablesimpairmentlossrecoverynet": -130000,
        "nonoperatingincomeexpense": 20598000,
        "interestexpense": 1034000,
        "otherexpense": 541000,
        "incomelossfromcontinuingoperationsbeforeincometaxesextraordinaryitemsnoncontrollinginterest": 114126000,
        "incometaxexpensebenefit": 23903000,
        "netincomeloss": 90223000,
        "earningspersharebasic": 1.94,
        "earningspersharediluted": 1.72,
        "weightedaveragenumberofsharesoutstandingbasic": 46189035,
        "weightedaveragenumberofdilutedsharesoutstanding": 52305245,
        "commonstockdividendspersharedeclared": 1.035,
        "othercomprehensiveincomeavailableforsalesecuritiesadjustmentnetoftaxportionattributabletoparent": -3732000,
        "othercomprehensiveincomedefinedbenefitplansadjustmentnetoftaxportionattributabletoparent": -3463000,
        "othercomprehensiveincomelossnetoftaxportionattributabletoparent": -269000,
        "comprehensiveincomenetoftax": 89954000
    },
    {
        "date": "2021-06-29",
        "symbol": "ERIE",
        "period": "Q2",
        "revenuefromcontractwithcustomerexcludingassessedtax": 502271000,
        "operatingexpenses": 437775000,
        "operatingincomeloss": 85065000,
        "netinvestmentincomeandincomelossfromequitymethodinvestments": 13650000,
        "debtandequitysecuritiesgainloss": 2769000,
        "availableforsaledebtsecuritiesandfinancingreceivablesimpairmentlossrecoverynet": 1000,
        "nonoperatingincomeexpense": 16418000,
        "interestexpense": 1039000,
        "otherexpense": 548000,
        "incomelossfromcontinuingoperationsbeforeincometaxesextraordinaryitemsnoncontrollinginterest": 99896000,
        "incometaxexpensebenefit": 20867000,
        "netincomeloss": 79029000,
        "earningspersharebasic": 1.7,
        "earningspersharediluted": 1.51,
        "weightedaveragenumberofsharesoutstandingbasic": 46188289,
        "weightedaveragenumberofdilutedsharesoutstanding": 52302370,
        "commonstockdividendspersharedeclared": 1.035,
        "othercomprehensiveincomeavailableforsalesecuritiesadjustmentnetoftaxportionattributabletoparent": 2676000,
        "othercomprehensiveincomedefinedbenefitplansadjustmentnetoftaxportionattributabletoparent": -3463000,
        "othercomprehensiveincomelossnetoftaxportionattributabletoparent": 6139000,
        "comprehensiveincomenetoftax": 85168000
    },
    {
        "date": "2021-03-30",
        "symbol": "ERIE",
        "period": "Q1",
        "revenuefromcontractwithcustomerexcludingassessedtax": 455718000,
        "operatingexpenses": 400549000,
        "operatingincomeloss": 76095000,
        "netinvestmentincomeandincomelossfromequitymethodinvestments": 17097000,
        "debtandequitysecuritiesgainloss": 804000,
        "availableforsaledebtsecuritiesandfinancingreceivablesimpairmentloss": -87000,
        "nonoperatingincomeexpense": 17988000,
        "interestexpense": 1009000,
        "otherexpense": 519000,
        "incomelossfromcontinuingoperationsbeforeincometaxesextraordinaryitemsnoncontrollinginterest": 92555000,
        "incometaxexpensebenefit": 18989000,
        "netincomeloss": 73566000,
        "earningspersharebasic": 1.58,
        "earningspersharediluted": 1.41,
        "weightedaveragenumberofsharesoutstandingbasic": 46188860,
        "weightedaveragenumberofdilutedsharesoutstanding": 52315958,
        "commonstockdividendspersharedeclared": 1.035,
        "othercomprehensiveincomeavailableforsalesecuritiesadjustmentnetoftaxportionattributabletoparent": -8752000,
        "othercomprehensiveincomedefinedbenefitplansadjustmentnetoftaxportionattributabletoparent": -3463000,
        "othercomprehensiveincomelossnetoftaxportionattributabletoparent": -5289000,
        "comprehensiveincomenetoftax": 68277000
    },
    {
        "date": "2020-12-30",
        "symbol": "ERIE",
        "period": "Q4",
        "revenuefromcontractwithcustomerexcludingassessedtax": 429698000,
        "operatingexpenses": 385994000,
        "operatingincomeloss": 65052000,
        "debtandequitysecuritiesgainloss": 4757000,
        "availableforsaledebtsecuritiesandfinancingreceivablesimpairmentloss": 86000,
        "interestexpense": 723000,
        "incomelossfromcontinuingoperationsbeforeincometaxesextraordinaryitemsnoncontrollinginterest": 78210000,
        "incometaxexpensebenefit": 15425000,
        "netincomeloss": 62785000,
        "earningspersharebasic": 1.35,
        "earningspersharediluted": 1.2000000000000002,
        "weightedaveragenumberofsharesoutstandingbasic": -92376968,
        "weightedaveragenumberofdilutedsharesoutstanding": -104624400,
        "othercomprehensiveincomeavailableforsalesecuritiesadjustmentnetoftaxportionattributabletoparent": 7380000,
        "othercomprehensiveincomedefinedbenefitplansadjustmentnetoftaxportionattributabletoparent": -12008000,
        "othercomprehensiveincomelossnetoftaxportionattributabletoparent": 19388000,
        "comprehensiveincomenetoftax": 82173000
    },
    {
        "date": "2020-09-29",
        "symbol": "ERIE",
        "period": "Q3",
        "revenuefromcontractwithcustomerexcludingassessedtax": 484551000,
        "operatingexpenses": 409546000,
        "operatingincomeloss": 96225000,
        "netinvestmentincome": 7030000,
        "debtandequitysecuritiesgainloss": 5915000,
        "availableforsaledebtsecuritiesandfinancingreceivablesimpairmentloss": 122000,
        "incomelossfromequitymethodinvestments": 3615000,
        "nonoperatingincomeexpense": 16438000,
        "interestexpense": 3000,
        "otherincomeexpense": -964000,
        "incomelossfromcontinuingoperationsbeforeincometaxesextraordinaryitemsnoncontrollinginterest": 111696000,
        "incometaxexpensebenefit": 22480000,
        "netincomeloss": 89216000,
        "earningspersharebasic": 1.92,
        "earningspersharediluted": 1.71,
        "weightedaveragenumberofsharesoutstandingbasic": 46189030,
        "weightedaveragenumberofdilutedsharesoutstanding": 52310429,
        "commonstockdividendspersharedeclared": 0.965,
        "othercomprehensiveincomeavailableforsalesecuritiesadjustmentnetoftaxportionattributabletoparent": 6143000,
        "othercomprehensiveincomedefinedbenefitplansadjustmentnetoftaxportionattributabletoparent": -2659000,
        "othercomprehensiveincomelossnetoftaxportionattributabletoparent": 8802000,
        "comprehensiveincomenetoftax": 98018000
    },
    {
        "date": "2020-06-29",
        "symbol": "ERIE",
        "period": "Q2",
        "revenuefromcontractwithcustomerexcludingassessedtax": 483795000,
        "operatingexpenses": 413865000,
        "operatingincomeloss": 91189000,
        "netinvestmentincome": 7373000,
        "debtandequitysecuritiesgainloss": 6526000,
        "availableforsaledebtsecuritiesandfinancingreceivablesimpairmentloss": 17000,
        "incomelossfromequitymethodinvestments": -2329000,
        "nonoperatingincomeexpense": 11553000,
        "interestexpense": 2000,
        "otherincomeexpense": -258000,
        "incomelossfromcontinuingoperationsbeforeincometaxesextraordinaryitemsnoncontrollinginterest": 102482000,
        "incometaxexpensebenefit": 20505000,
        "netincomeloss": 81977000,
        "earningspersharebasic": 1.76,
        "earningspersharediluted": 1.57,
        "earningspersharebasicanddiluted": 264,
        "weightedaveragenumberofsharesoutstandingbasic": 46187808,
        "weightedaveragenumberofdilutedsharesoutstanding": 52302981,
        "commonstockdividendspersharedeclared": 0.965,
        "othercomprehensiveincomeavailableforsalesecuritiesadjustmentnetoftaxportionattributabletoparent": 37451000,
        "othercomprehensiveincomedefinedbenefitplansadjustmentnetoftaxportionattributabletoparent": -2660000,
        "othercomprehensiveincomelossnetoftaxportionattributabletoparent": 40111000,
        "comprehensiveincomenetoftax": 122088000
    },
    {
        "date": "2020-03-30",
        "symbol": "ERIE",
        "period": "Q1",
        "netincomeloss": 59326000,
        "othercomprehensiveincomeavailableforsalesecuritiesadjustmentnetoftaxportionattributabletoparent": -32236000,
        "othercomprehensiveincomedefinedbenefitplansadjustmentnetoftaxportionattributabletoparent": -2660000,
        "othercomprehensiveincomelossnetoftaxportionattributabletoparent": -29576000,
        "comprehensiveincomenetoftax": 29750000,
        "revenuefromcontractwithcustomerexcludingassessedtax": 443750000,
        "operatingexpenses": 379492000,
        "operatingincomeloss": 85691000,
        "netinvestmentincome": 8369000,
        "debtandequitysecuritiesgainloss": -10806000,
        "availableforsaledebtsecuritiesandfinancingreceivablesimpairmentloss": 3053000,
        "incomelossfromequitymethodinvestments": -3705000,
        "nonoperatingincomeexpense": -9195000,
        "interestexpense": 3000,
        "otherincomeexpense": -366000,
        "incomelossfromcontinuingoperationsbeforeincometaxesextraordinaryitemsnoncontrollinginterest": 76127000,
        "incometaxexpensebenefit": 16801000,
        "earningspersharebasic": 1.27,
        "earningspersharediluted": 1.13,
        "earningspersharebasicanddiluted": 191,
        "weightedaveragenumberofsharesoutstandingbasic": 46188789,
        "weightedaveragenumberofdilutedsharesoutstanding": 52324350,
        "commonstockdividendspersharedeclared": 0.965
    },
    {
        "date": "2019-12-30",
        "symbol": "ERIE",
        "period": "Q4",
        "netincomeloss": 59587000,
        "othercomprehensiveincomeavailableforsalesecuritiesadjustmentnetoftaxportionattributabletoparent": 1331000,
        "othercomprehensiveincomedefinedbenefitplansadjustmentnetoftaxportionattributabletoparent": 1996000,
        "othercomprehensiveincomelossnetoftaxportionattributabletoparent": -665000,
        "comprehensiveincomenetoftax": 58922000,
        "revenuefromcontractwithcustomerexcludingassessedtax": 848825000,
        "operatingexpenses": 377335000,
        "operatingincomeloss": 68700000,
        "netinvestmentincome": 8200000,
        "otherthantemporaryimpairmentlossdebtsecuritiesavailableforsalerecognizedinearnings": -20000,
        "incomelossfromequitymethodinvestments": -1886000,
        "investmentincomenonoperating": 6914000,
        "interestexpense": 24000,
        "incomelossfromcontinuingoperationsbeforeincometaxesextraordinaryitemsnoncontrollinginterest": 75650000,
        "incometaxexpensebenefit": 16063000,
        "earningspersharebasic": -240.1,
        "earningspersharediluted": -240.42,
        "weightedaveragenumberofsharesoutstandingbasic": -46191706,
        "weightedaveragenumberofdilutedsharesoutstanding": -52322507
    },
    {
        "date": "2019-09-29",
        "symbol": "ERIE",
        "period": "Q3",
        "netincomeloss": 94169000,
        "othercomprehensiveincomeavailableforsalesecuritiesadjustmentnetoftaxportionattributabletoparent": 2330000,
        "othercomprehensiveincomedefinedbenefitplansadjustmentnetoftaxportionattributabletoparent": -1231000,
        "othercomprehensiveincomelossnetoftaxportionattributabletoparent": 3561000,
        "comprehensiveincomenetoftax": 97730000,
        "revenuefromcontractwithcustomerexcludingassessedtax": 474427000,
        "operatingexpenses": 390105000,
        "operatingincomeloss": 105907000,
        "netinvestmentincome": 8652000,
        "gainlossoninvestmentsexcludingotherthantemporaryimpairments": 1696000,
        "otherthantemporaryimpairmentlossdebtsecuritiesavailableforsalerecognizedinearnings": 31000,
        "incomelossfromequitymethodinvestments": 3289000,
        "investmentincomenonoperating": 13606000,
        "interestexpense": 111000,
        "othernonoperatingincome": 100000,
        "incomelossfromcontinuingoperationsbeforeincometaxesextraordinaryitemsnoncontrollinginterest": 119502000,
        "incometaxexpensebenefit": 25333000,
        "earningspersharebasic": 2.02,
        "earningspersharediluted": 1.8,
        "weightedaveragenumberofsharesoutstandingbasic": 46189006,
        "weightedaveragenumberofdilutedsharesoutstanding": 52325125,
        "commonstockdividendspersharedeclared": 0.9
    },
    {
        "date": "2019-06-29",
        "symbol": "ERIE",
        "period": "Q2",
        "netincomeloss": 87754000,
        "othercomprehensiveincomeavailableforsalesecuritiesadjustmentnetoftaxportionattributabletoparent": 2579000,
        "othercomprehensiveincomedefinedbenefitplansadjustmentnetoftaxportionattributabletoparent": -1231000,
        "othercomprehensiveincomelossnetoftaxportionattributabletoparent": 3810000,
        "comprehensiveincomenetoftax": 91564000,
        "revenuefromcontractwithcustomerexcludingassessedtax": 480513000,
        "operatingexpenses": 405005000,
        "operatingincomeloss": 96610000,
        "netinvestmentincome": 8030000,
        "gainlossoninvestmentsexcludingotherthantemporaryimpairments": 1302000,
        "otherthantemporaryimpairmentlossdebtsecuritiesavailableforsalerecognizedinearnings": 84000,
        "incomelossfromequitymethodinvestments": 404000,
        "investmentincomenonoperating": 9652000,
        "interestexpense": 272000,
        "othernonoperatingincome": 48000,
        "incomelossfromcontinuingoperationsbeforeincometaxesextraordinaryitemsnoncontrollinginterest": 106038000,
        "incometaxexpensebenefit": 18284000,
        "earningspersharebasic": 1.88,
        "earningspersharediluted": 1.68,
        "weightedaveragenumberofsharesoutstandingbasic": 46188994,
        "weightedaveragenumberofdilutedsharesoutstanding": 52314700,
        "commonstockdividendspersharedeclared": 0.9
    },
    {
        "date": "2019-03-30",
        "symbol": "ERIE",
        "period": "Q1",
        "netincomeloss": 75311000,
        "othercomprehensiveincomeavailableforsalesecuritiesadjustmentnetoftaxportionattributabletoparent": 5478000,
        "othercomprehensiveincomedefinedbenefitplansadjustmentnetoftaxportionattributabletoparent": -1232000,
        "othercomprehensiveincomelossnetoftaxportionattributabletoparent": 6710000,
        "comprehensiveincomenetoftax": 82021000,
        "revenuefromcontractwithcustomerexcludingassessedtax": 6692000,
        "operatingexpenses": 365504000,
        "operatingincomeloss": 86122000,
        "netinvestmentincome": 8517000,
        "gainlossoninvestmentsexcludingotherthantemporaryimpairments": 2503000,
        "otherthantemporaryimpairmentlossdebtsecuritiesavailableforsalerecognizedinearnings": 100000,
        "incomelossfromequitymethodinvestments": -1147000,
        "investmentincomenonoperating": 9795000,
        "interestexpense": 449000,
        "othernonoperatingincome": 47000,
        "incomelossfromcontinuingoperationsbeforeincometaxesextraordinaryitemsnoncontrollinginterest": 95515000,
        "incometaxexpensebenefit": 20204000,
        "earningspersharebasic": 243,
        "earningspersharediluted": 243,
        "weightedaveragenumberofsharesoutstandingbasic": 2542,
        "weightedaveragenumberofdilutedsharesoutstanding": 2542,
        "commonstockdividendspersharedeclared": 135
    },
    {
        "date": "2018-12-30",
        "symbol": "ERIE",
        "period": "Q4",
        "netincomeloss": 62314000,
        "othercomprehensiveincomeavailableforsalesecuritiesadjustmentnetoftaxportionattributabletoparent": -3467000,
        "comprehensiveincomenetoftax": 94559000,
        "operatingexpenses": 354016000,
        "operatingincomeloss": 74758000,
        "netinvestmentincome": 8626000,
        "incomelossfromequitymethodinvestments": -111000,
        "investmentincomenonoperating": 4995000,
        "interestexpense": 596000,
        "othernonoperatingincomeexpense": 3485000,
        "incomelossfromcontinuingoperationsbeforeincometaxesextraordinaryitemsnoncontrollinginterest": 82642000,
        "incometaxexpensebenefit": 20328000,
        "earningspersharebasic": 200,
        "earningspersharediluted": 201,
        "weightedaveragenumberofsharesoutstandingbasic": 0,
        "weightedaveragenumberofdilutedsharesoutstanding": 0
    },
    {
        "date": "2018-09-29",
        "symbol": "ERIE",
        "period": "Q3",
        "netincomeloss": 80446000,
        "othercomprehensiveincomeavailableforsalesecuritiesadjustmentnetoftaxportionattributabletoparent": -492000,
        "comprehensiveincomenetoftax": 79954000,
        "operatingexpenses": 229296000,
        "operatingincomeloss": 96695000,
        "netinvestmentincome": 7659000,
        "gainlossoninvestmentsexcludingotherthantemporaryimpairments": 0,
        "incomelossfromequitymethodinvestments": -68000,
        "investmentincomenonoperating": 8431000,
        "interestexpense": 709000,
        "othernonoperatingincomeexpense": 54000,
        "incomelossfromcontinuingoperationsbeforeincometaxesextraordinaryitemsnoncontrollinginterest": 104471000,
        "incometaxexpensebenefit": 24025000,
        "earningspersharebasic": 259,
        "earningspersharediluted": 258,
        "weightedaveragenumberofsharesoutstandingbasic": -2542,
        "weightedaveragenumberofdilutedsharesoutstanding": -2542,
        "commonstockdividendspersharedeclared": 126
    },
    {
        "date": "2018-06-29",
        "symbol": "ERIE",
        "period": "Q2",
        "netincomeloss": 79706000,
        "othercomprehensiveincomeavailableforsalesecuritiesadjustmentnetoftaxportionattributabletoparent": -551000,
        "comprehensiveincomenetoftax": 79155000,
        "revenuefromcontractwithcustomerexcludingassessedtax": 7080000,
        "operatingexpenses": 379628000,
        "operatingincomeloss": 95323000,
        "netinvestmentincome": 7104000,
        "gainlossoninvestmentsexcludingotherthantemporaryimpairments": -32000,
        "otherthantemporaryimpairmentlossdebtsecuritiesavailableforsalerecognizedinearnings": 646000,
        "incomelossfromequitymethodinvestments": -3000,
        "investmentincomenonoperating": 6207000,
        "interestexpense": 602000,
        "othernonoperatingincomeexpense": 58000,
        "incomelossfromcontinuingoperationsbeforeincometaxesextraordinaryitemsnoncontrollinginterest": 100986000,
        "incometaxexpensebenefit": 21280000,
        "earningspersharebasic": 257,
        "earningspersharediluted": 257,
        "weightedaveragenumberofsharesoutstandingbasic": 2542,
        "weightedaveragenumberofdilutedsharesoutstanding": 2542,
        "commonstockdividendspersharedeclared": 126
    },
    {
        "date": "2018-03-30",
        "symbol": "ERIE",
        "period": "Q1",
        "netincomeloss": 65758000,
        "othercomprehensiveincomeavailableforsalesecuritiesadjustmentnetoftaxportionattributabletoparent": -5427000,
        "comprehensiveincomenetoftax": 60331000,
        "insuranceagencymanagementfee": 405978000,
        "administrativeservicesreimbursementrevenue": 145963000,
        "contractuallyspecifiedservicingfeeslatefeesandancillaryfeesearnedinexchangeforservicingfinancialassets": 7145000,
        "revenues": 572160000,
        "costofrevenue": 348630000,
        "operatingexpenses": 494593000,
        "operatingincomeloss": 77567000,
        "netinvestmentincome": 6820000,
        "gainlossoninvestmentsexcludingotherthantemporaryimpairments": -465000,
        "incomelossfromequitymethodinvestments": -192000,
        "investmentincomenonoperating": 6163000,
        "interestexpense": 553000,
        "othernonoperatingincomeexpense": 44000,
        "incomelossfromcontinuingoperationsbeforeincometaxesextraordinaryitemsnoncontrollinginterest": 83221000,
        "incometaxexpensebenefit": 17463000,
        "earningspersharebasic": 212,
        "earningspersharediluted": 212,
        "weightedaveragenumberofsharesoutstandingbasic": 2542,
        "weightedaveragenumberofdilutedsharesoutstanding": 2542,
        "commonstockdividendspersharedeclared": 126
    },
    {
        "date": "2017-09-29",
        "symbol": "ERIE",
        "period": "Q3",
        "netincomeloss": 58543000,
        "othercomprehensiveincomeavailableforsalesecuritiesadjustmentnetoftaxportionattributabletoparent": -167000,
        "comprehensiveincomenetoftax": 58376000,
        "insuranceagencymanagementfee": 435214000,
        "contractuallyspecifiedservicingfeeslatefeesandancillaryfeesearnedinexchangeforservicingfinancialassets": 7278000,
        "revenues": 442492000,
        "insurancecommissions": 248677000,
        "laborandrelatedexpense": 60499000,
        "othercostandexpenseoperating": 52480000,
        "operatingexpenses": 361656000,
        "operatingincomeloss": 80836000,
        "netinvestmentincome": 5970000,
        "realizedgainlossonmarketablesecuritiesandcostmethodinvestmentsexcludingotherthantemporaryimpairmentsandotherinvestments": 899000,
        "otherthantemporaryimpairmentlossesinvestmentsportionrecognizedinearningsnetavailableforsalesecurities": 0,
        "incomelossfromequitymethodinvestments": -167000,
        "investmentincomenonoperating": 8406000,
        "interestexpense": 377000,
        "incomelossfromcontinuingoperationsbeforeincometaxesextraordinaryitemsnoncontrollinginterest": 88865000,
        "incometaxexpensebenefit": 30322000,
        "earningspersharebasic": 188,
        "earningspersharediluted": 189,
        "weightedaveragenumberofsharesoutstandingbasic": -2542,
        "weightedaveragenumberofdilutedsharesoutstanding": -2542,
        "commonstockdividendspersharedeclared": 117.375
    },
    {
        "date": "2017-06-29",
        "symbol": "ERIE",
        "period": "Q2",
        "netincomeloss": 58527000,
        "othercomprehensiveincomeavailableforsalesecuritiesadjustmentnetoftaxportionattributabletoparent": 1092000,
        "comprehensiveincomenetoftax": 59619000,
        "insuranceagencymanagementfee": 441319000,
        "contractuallyspecifiedservicingfeeslatefeesandancillaryfeesearnedinexchangeforservicingfinancialassets": 7245000,
        "revenues": 448564000,
        "insurancecommissions": 251383000,
        "laborandrelatedexpense": 60774000,
        "othercostandexpenseoperating": 53363000,
        "operatingexpenses": 365520000,
        "operatingincomeloss": 83044000,
        "netinvestmentincome": 6236000,
        "realizedgainlossonmarketablesecuritiesandcostmethodinvestmentsexcludingotherthantemporaryimpairmentsandotherinvestments": 124000,
        "otherthantemporaryimpairmentlossesinvestmentsportionrecognizedinearningsnetavailableforsalesecurities": 61000,
        "incomelossfromequitymethodinvestments": 149000,
        "investmentincomenonoperating": 6448000,
        "interestexpense": 257000,
        "incomelossfromcontinuingoperationsbeforeincometaxesextraordinaryitemsnoncontrollinginterest": 89235000,
        "incometaxexpensebenefit": 30708000,
        "earningspersharebasic": 189,
        "earningspersharediluted": 188,
        "weightedaveragenumberofsharesoutstandingbasic": 2542,
        "weightedaveragenumberofdilutedsharesoutstanding": 2542,
        "commonstockdividendspersharedeclared": 117.375
    },
    {
        "date": "2017-03-30",
        "symbol": "ERIE",
        "period": "Q1",
        "netincomeloss": 47876000,
        "othercomprehensiveincomeavailableforsalesecuritiesadjustmentnetoftaxportionattributabletoparent": 1521000,
        "comprehensiveincomenetoftax": 49397000,
        "insuranceagencymanagementfee": 392058000,
        "contractuallyspecifiedservicingfeeslatefeesandancillaryfeesearnedinexchangeforservicingfinancialassets": 7258000,
        "revenues": 399316000,
        "insurancecommissions": 220478000,
        "laborandrelatedexpense": 59740000,
        "othercostandexpenseoperating": 52564000,
        "operatingexpenses": 332782000,
        "operatingincomeloss": 66534000,
        "netinvestmentincome": 5978000,
        "realizedgainlossonmarketablesecuritiesandcostmethodinvestmentsexcludingotherthantemporaryimpairmentsandotherinvestments": 516000,
        "otherthantemporaryimpairmentlossesinvestmentsportionrecognizedinearningsnetavailableforsalesecurities": 121000,
        "incomelossfromequitymethodinvestments": 213000,
        "investmentincomenonoperating": 6586000,
        "interestexpense": 166000,
        "incomelossfromcontinuingoperationsbeforeincometaxesextraordinaryitemsnoncontrollinginterest": 72954000,
        "incometaxexpensebenefit": 25078000,
        "earningspersharebasic": 154,
        "earningspersharediluted": 154,
        "weightedaveragenumberofsharesoutstandingbasic": 2542,
        "weightedaveragenumberofdilutedsharesoutstanding": 2542,
        "commonstockdividendspersharedeclared": 117.375
    },
    {
        "date": "2016-09-29",
        "symbol": "ERIE",
        "period": "Q3",
        "netincomeloss": 57376000,
        "othercomprehensiveincomeavailableforsalesecuritiesadjustmentnetoftaxportionattributabletoparent": 355000,
        "comprehensiveincomenetoftax": 57731000,
        "insuranceagencymanagementfee": 411139000,
        "contractuallyspecifiedservicingfeeslatefeesandancillaryfeesearnedinexchangeforservicingfinancialassets": 7267000,
        "revenues": 418406000,
        "insurancecommissions": 232455000,
        "laborandrelatedexpense": 53265000,
        "othercostandexpenseoperating": 50431000,
        "operatingexpenses": 336151000,
        "operatingincomeloss": 82255000,
        "netinvestmentincome": 5331000,
        "incomelossfromequitymethodinvestments": 55000,
        "investmentincomenonoperating": 4326000,
        "incomelossfromcontinuingoperationsbeforeincometaxesextraordinaryitemsnoncontrollinginterest": 86581000,
        "incometaxexpensebenefit": 29205000,
        "earningspersharebasic": 185,
        "earningspersharediluted": 184,
        "commonstockdividendspersharedeclared": 109.5
    },
    {
        "date": "2016-06-29",
        "symbol": "ERIE",
        "period": "Q2",
        "netincomeloss": 61309000,
        "othercomprehensiveincomeavailableforsalesecuritiesadjustmentnetoftaxportionattributabletoparent": 3026000,
        "comprehensiveincomenetoftax": 64335000,
        "insuranceagencymanagementfee": 416665000,
        "contractuallyspecifiedservicingfeeslatefeesandancillaryfeesearnedinexchangeforservicingfinancialassets": 7219000,
        "revenues": 423884000,
        "insurancecommissions": 235794000,
        "laborandrelatedexpense": 55025000,
        "othercostandexpenseoperating": 47306000,
        "operatingexpenses": 338125000,
        "operatingincomeloss": 85759000,
        "netinvestmentincome": 4891000,
        "realizedinvestmentgainslosses": 399000,
        "otherthantemporaryimpairmentlossesinvestmentsportionrecognizedinearningsnetavailableforsalesecurities": 0,
        "incomelossfromequitymethodinvestments": 56000,
        "investmentincomenonoperating": 7404000,
        "incomelossfromcontinuingoperationsbeforeincometaxesextraordinaryitemsnoncontrollinginterest": 93163000,
        "incometaxexpensebenefit": 31854000,
        "earningspersharebasic": 197,
        "earningspersharediluted": 197,
        "weightedaveragenumberofsharesoutstandingbasic": 0,
        "weightedaveragenumberofdilutedsharesoutstanding": 0,
        "commonstockdividendspersharedeclared": 109.5
    },
    {
        "date": "2016-03-30",
        "symbol": "ERIE",
        "period": "Q1",
        "netincomeloss": 45895000,
        "othercomprehensiveincomeavailableforsalesecuritiesadjustmentnetoftaxportionattributabletoparent": 3465000,
        "comprehensiveincomenetoftax": 49360000,
        "insuranceagencymanagementfee": 367458000,
        "contractuallyspecifiedservicingfeeslatefeesandancillaryfeesearnedinexchangeforservicingfinancialassets": 7270000,
        "revenues": 374728000,
        "insurancecommissions": 208714000,
        "laborandrelatedexpense": 53289000,
        "othercostandexpenseoperating": 45060000,
        "operatingexpenses": 307063000,
        "operatingincomeloss": 67665000,
        "netinvestmentincome": 4662000,
        "realizedinvestmentgainslosses": -1088000,
        "otherthantemporaryimpairmentlossesinvestmentsportionrecognizedinearningsnetavailableforsalesecurities": 345000,
        "incomelossfromequitymethodinvestments": 46000,
        "investmentincomenonoperating": 2559000,
        "incomelossfromcontinuingoperationsbeforeincometaxesextraordinaryitemsnoncontrollinginterest": 70224000,
        "incometaxexpensebenefit": 24329000,
        "earningspersharebasic": 148,
        "earningspersharediluted": 148,
        "weightedaveragenumberofsharesoutstandingbasic": 2542,
        "weightedaveragenumberofdilutedsharesoutstanding": 2542,
        "commonstockdividendspersharedeclared": 109.5
    },
    {
        "date": "2015-09-29",
        "symbol": "ERIE",
        "period": "Q3",
        "profitloss": -1000000,
        "othercomprehensiveincomeunrealizedholdinggainlossonsecuritiesarisingduringperiodnetoftax": -40000000,
        "othercomprehensiveincomelossreclassificationadjustmentfromaociforsaleofsecuritiesnetoftax": -1000000,
        "othercomprehensiveincomelossnetoftax": -36000000,
        "comprehensiveincomenetoftaxincludingportionattributabletononcontrollinginterest": -6000000,
        "comprehensiveincomenetoftaxattributabletononcontrollinginterest": -55000000,
        "comprehensiveincomenetoftax": 49000000,
        "othercomprehensiveincomeunrealizedholdinggainlossonsecuritiesarisingduringperiodtax": 22000000,
        "othercomprehensiveincomelossreclassificationadjustmentfromaociforsaleofsecuritiestax": 0,
        "premiumsearnednet": 1472000000,
        "netinvestmentincome": 130000000,
        "realizedinvestmentgainslosses": 2000000,
        "otherthantemporaryimpairmentlossesinvestmentsportionrecognizedinearningsnetavailableforsalesecurities": 4000000,
        "incomelossfromequitymethodinvestments": 45000000,
        "contractuallyspecifiedservicingfeeslatefeesandancillaryfeesearnedinexchangeforservicingfinancialassets": -8000000,
        "revenues": 2476000000,
        "policyholderbenefitsandclaimsincurrednet": 939000000,
        "deferredpolicyacquisitioncostamortizationexpenseandotherunderwritingexpense": 458000000,
        "benefitslossesandexpenses": 1343000000,
        "incomelossfromcontinuingoperationsbeforeincometaxesextraordinaryitemsnoncontrollinginterest": -2000000,
        "incometaxexpensebenefit": -1000000,
        "netincomelossattributabletononcontrollinginterest": -1000000,
        "netincomeloss": 50000000,
        "earningspersharebasic": 160,
        "earningspersharediluted": 160,
        "weightedaveragenumberofsharesoutstandingbasic": -2542,
        "weightedaveragenumberofdilutedsharesoutstanding": -2542,
        "commonstockdividendspersharedeclared": 102.14999999999998
    },
    {
        "date": "2015-06-29",
        "symbol": "ERIE",
        "period": "Q2",
        "profitloss": 4000000,
        "othercomprehensiveincomeunrealizedholdinggainlossonsecuritiesarisingduringperiodnetoftax": -136000000,
        "othercomprehensiveincomelossreclassificationadjustmentfromaociforsaleofsecuritiesnetoftax": 4000000,
        "othercomprehensiveincomelossnetoftax": -140000000,
        "comprehensiveincomenetoftaxincludingportionattributabletononcontrollinginterest": 57000000,
        "comprehensiveincomenetoftaxattributabletononcontrollinginterest": 3000000,
        "comprehensiveincomenetoftax": 54000000,
        "othercomprehensiveincomeunrealizedholdinggainlossonsecuritiesarisingduringperiodtax": 73000000,
        "othercomprehensiveincomelossreclassificationadjustmentfromaociforsaleofsecuritiestax": -2000000,
        "premiumsearnednet": 1434000000,
        "netinvestmentincome": 130000000,
        "realizedinvestmentgainslosses": 8000000,
        "otherthantemporaryimpairmentlossesinvestmentsportionrecognizedinearningsnetavailableforsalesecurities": 2000000,
        "incomelossfromequitymethodinvestments": 72000000,
        "contractuallyspecifiedservicingfeeslatefeesandancillaryfeesearnedinexchangeforservicingfinancialassets": 1000000,
        "revenues": 1412000000,
        "policyholderbenefitsandclaimsincurrednet": 976000000,
        "deferredpolicyacquisitioncostamortizationexpenseandotherunderwritingexpense": 416000000,
        "benefitslossesandexpenses": 1368000000,
        "incomelossfromcontinuingoperationsbeforeincometaxesextraordinaryitemsnoncontrollinginterest": 6000000,
        "incometaxexpensebenefit": 2000000,
        "netincomelossattributabletononcontrollinginterest": 4000000,
        "netincomeloss": 56000000,
        "earningspersharebasic": 181,
        "earningspersharediluted": 180,
        "weightedaveragenumberofsharesoutstandingbasic": 2542,
        "weightedaveragenumberofdilutedsharesoutstanding": 2542,
        "commonstockdividendspersharedeclared": 102.15
    },
    {
        "date": "2015-03-30",
        "symbol": "ERIE",
        "period": "Q1",
        "profitloss": 3000000,
        "othercomprehensiveincomeunrealizedholdinggainlossonsecuritiesarisingduringperiodnetoftax": 53000000,
        "othercomprehensiveincomelossreclassificationadjustmentfromaociforsaleofsecuritiesnetoftax": 3000000,
        "othercomprehensiveincomelossnetoftax": 50000000,
        "comprehensiveincomenetoftaxincludingportionattributabletononcontrollinginterest": 186000000,
        "comprehensiveincomenetoftaxattributabletononcontrollinginterest": 147000000,
        "comprehensiveincomenetoftax": 39000000,
        "othercomprehensiveincomeunrealizedholdinggainlossonsecuritiesarisingduringperiodtax": -29000000,
        "othercomprehensiveincomelossreclassificationadjustmentfromaociforsaleofsecuritiestax": -2000000,
        "premiumsearnednet": 1402000000,
        "netinvestmentincome": 109000000,
        "realizedinvestmentgainslosses": 7000000,
        "otherthantemporaryimpairmentlossesinvestmentsportionrecognizedinearningsnetavailableforsalesecurities": 2000000,
        "incomelossfromequitymethodinvestments": 26000000,
        "contractuallyspecifiedservicingfeeslatefeesandancillaryfeesearnedinexchangeforservicingfinancialassets": 8000000,
        "revenues": 351000000,
        "policyholderbenefitsandclaimsincurrednet": 1060000000,
        "deferredpolicyacquisitioncostamortizationexpenseandotherunderwritingexpense": 348000000,
        "benefitslossesandexpenses": 1408000000,
        "incomelossfromcontinuingoperationsbeforeincometaxesextraordinaryitemsnoncontrollinginterest": 5000000,
        "incometaxexpensebenefit": 2000000,
        "netincomelossattributabletononcontrollinginterest": 3000000,
        "netincomeloss": 39000000,
        "earningspersharebasic": 125,
        "earningspersharediluted": 125,
        "weightedaveragenumberofsharesoutstandingbasic": 2542,
        "weightedaveragenumberofdilutedsharesoutstanding": 2542,
        "commonstockdividendspersharedeclared": 102.15
    },
    {
        "date": "2014-12-30",
        "symbol": "ERIE",
        "period": "Q4",
        "profitloss": -35000000,
        "othercomprehensiveincomeunrealizedholdinggainlossonsecuritiesarisingduringperiodnetoftax": -11000000,
        "othercomprehensiveincomelossreclassificationadjustmentfromaociforsaleofsecuritiesnetoftax": 3000000,
        "othercomprehensiveincomelossnetoftax": -130000000,
        "comprehensiveincomenetoftaxincludingportionattributabletononcontrollinginterest": 70000000,
        "comprehensiveincomenetoftaxattributabletononcontrollinginterest": 215000000,
        "comprehensiveincomenetoftax": -36000000,
        "othercomprehensiveincomeunrealizedholdinggainlossonsecuritiesarisingduringperiodtax": 6000000,
        "othercomprehensiveincomelossreclassificationadjustmentfromaociforsaleofsecuritiestax": -2000000,
        "premiumsearnednet": 1298000000,
        "netinvestmentincome": 450000000,
        "realizedinvestmentgainslosses": 20000000,
        "incomelossfromequitymethodinvestments": 100000000,
        "contractuallyspecifiedservicingfeeslatefeesandancillaryfeesearnedinexchangeforservicingfinancialassets": -22000000,
        "revenues": 4190000000,
        "policyholderbenefitsandclaimsincurrednet": 758000000,
        "deferredpolicyacquisitioncostamortizationexpenseandotherunderwritingexpense": 1675000000,
        "benefitslossesandexpenses": 6420000000,
        "incomelossfromcontinuingoperationsbeforeincometaxesextraordinaryitemsnoncontrollinginterest": -160000000,
        "incometaxexpensebenefit": -62000000,
        "netincomelossattributabletononcontrollinginterest": 3000000,
        "netincomeloss": -141000000,
        "earningspersharebasic": 81,
        "earningspersharediluted": 230.10000000000002,
        "weightedaveragenumberofsharesoutstandingbasic": -92403221,
        "weightedaveragenumberofdilutedsharesoutstanding": -52413956
    },
    {
        "date": "2014-09-29",
        "symbol": "ERIE",
        "period": "Q3",
        "profitloss": 4000000,
        "othercomprehensiveincomeunrealizedholdinggainlossonsecuritiesarisingduringperiodnetoftax": -59000000,
        "othercomprehensiveincomelossreclassificationadjustmentfromaociforsaleofsecuritiesnetoftax": 4000000,
        "othercomprehensiveincomelossnetoftax": -63000000,
        "comprehensiveincomenetoftaxincludingportionattributabletononcontrollinginterest": 45000000,
        "comprehensiveincomenetoftaxattributabletononcontrollinginterest": -1000000,
        "comprehensiveincomenetoftax": 46000000,
        "othercomprehensiveincomeunrealizedholdinggainlossonsecuritiesarisingduringperiodtax": 32000000,
        "othercomprehensiveincomelossreclassificationadjustmentfromaociforsaleofsecuritiestax": -1000000,
        "premiumsearnednet": 1355000000,
        "netinvestmentincome": 4000000,
        "realizedinvestmentgainslosses": 6000000,
        "otherthantemporaryimpairmentlossesinvestmentsportionrecognizedinearningsnetavailableforsalesecurities": 1000000,
        "incomelossfromequitymethodinvestments": 4000000,
        "contractuallyspecifiedservicingfeeslatefeesandancillaryfeesearnedinexchangeforservicingfinancialassets": 8000000,
        "revenues": 370000000,
        "policyholderbenefitsandclaimsincurrednet": 935000000,
        "deferredpolicyacquisitioncostamortizationexpenseandotherunderwritingexpense": -56000000,
        "benefitslossesandexpenses": -365000000,
        "incomelossfromcontinuingoperationsbeforeincometaxesextraordinaryitemsnoncontrollinginterest": 62000000,
        "incometaxexpensebenefit": 23000000,
        "netincomelossattributabletononcontrollinginterest": 4000000,
        "netincomeloss": 47000000,
        "earningspersharebasic": 151,
        "earningspersharediluted": 0.9,
        "weightedaveragenumberofsharesoutstandingbasic": 46189068,
        "weightedaveragenumberofdilutedsharesoutstanding": 2542,
        "commonstockdividendspersharedeclared": 95.25
    },
    {
        "date": "2014-06-29",
        "symbol": "ERIE",
        "period": "Q2",
        "profitloss": 3000000,
        "othercomprehensiveincomeunrealizedholdinggainlossonsecuritiesarisingduringperiodnetoftax": 68000000,
        "othercomprehensiveincomelossreclassificationadjustmentfromaociforsaleofsecuritiesnetoftax": 3000000,
        "othercomprehensiveincomelossnetoftax": 65000000,
        "comprehensiveincomenetoftaxincludingportionattributabletononcontrollinginterest": 168000000,
        "comprehensiveincomenetoftaxattributabletononcontrollinginterest": 118000000,
        "comprehensiveincomenetoftax": 50000000,
        "othercomprehensiveincomeunrealizedholdinggainlossonsecuritiesarisingduringperiodtax": -37000000,
        "othercomprehensiveincomelossreclassificationadjustmentfromaociforsaleofsecuritiestax": -2000000,
        "premiumsearnednet": 1319000000,
        "netinvestmentincome": 4000000,
        "realizedinvestmentgainslosses": 5000000,
        "incomelossfromequitymethodinvestments": 3000000,
        "contractuallyspecifiedservicingfeeslatefeesandancillaryfeesearnedinexchangeforservicingfinancialassets": 8000000,
        "revenues": 374000000,
        "policyholderbenefitsandclaimsincurrednet": 1126000000,
        "deferredpolicyacquisitioncostamortizationexpenseandotherunderwritingexpense": -64000000,
        "benefitslossesandexpenses": -372000000,
        "incomelossfromcontinuingoperationsbeforeincometaxesextraordinaryitemsnoncontrollinginterest": 68000000,
        "incometaxexpensebenefit": 26000000,
        "netincomelossattributabletononcontrollinginterest": 3000000,
        "netincomeloss": 49000000,
        "earningspersharebasic": 158,
        "earningspersharediluted": 158,
        "weightedaveragenumberofsharesoutstandingbasic": 46214153,
        "weightedaveragenumberofdilutedsharesoutstanding": 52411414,
        "commonstockdividendspersharedeclared": 95.25
    },
    {
        "date": "2014-03-30",
        "symbol": "ERIE",
        "period": "Q1",
        "profitloss": 46000000,
        "othercomprehensiveincomeunrealizedholdinggainlossonsecuritiesarisingduringperiodnetoftax": 80000000,
        "othercomprehensiveincomelossreclassificationadjustmentfromaociforsaleofsecuritiesnetoftax": 8000000,
        "othercomprehensiveincomelossnetoftax": 69000000,
        "comprehensiveincomenetoftaxincludingportionattributabletononcontrollinginterest": 181000000,
        "comprehensiveincomenetoftaxattributabletononcontrollinginterest": 132000000,
        "comprehensiveincomenetoftax": 49000000,
        "othercomprehensiveincomeunrealizedholdinggainlossonsecuritiesarisingduringperiodtax": -43000000,
        "othercomprehensiveincomelossreclassificationadjustmentfromaociforsaleofsecuritiestax": -5000000,
        "premiumsearnednet": 1288000000,
        "netinvestmentincome": 4000000,
        "realizedinvestmentgainslosses": 1000000,
        "incomelossfromequitymethodinvestments": 6000000,
        "contractuallyspecifiedservicingfeeslatefeesandancillaryfeesearnedinexchangeforservicingfinancialassets": 7000000,
        "revenues": 326000000,
        "policyholderbenefitsandclaimsincurrednet": 1034000000,
        "deferredpolicyacquisitioncostamortizationexpenseandotherunderwritingexpense": -53000000,
        "benefitslossesandexpenses": -322000000,
        "incomelossfromcontinuingoperationsbeforeincometaxesextraordinaryitemsnoncontrollinginterest": 58000000,
        "incometaxexpensebenefit": 23000000,
        "netincomelossattributabletononcontrollinginterest": 7000000,
        "netincomeloss": 46000000,
        "earningspersharebasic": 149,
        "earningspersharediluted": 149,
        "weightedaveragenumberofsharesoutstandingbasic": 2542,
        "weightedaveragenumberofdilutedsharesoutstanding": 2542,
        "commonstockdividendspersharedeclared": 0.635
    },
    {
        "date": "2013-09-29",
        "symbol": "ERIE",
        "period": "Q3",
        "profitloss": -21000000,
        "othercomprehensiveincomeunrealizedholdinggainlossonsecuritiesarisingduringperiodnetoftax": -23000000,
        "othercomprehensiveincomelossreclassificationadjustmentfromaociforsaleofsecuritiesnetoftax": -21000000,
        "othercomprehensiveincomelossnetoftax": -2000000,
        "comprehensiveincomenetoftaxincludingportionattributabletononcontrollinginterest": 265000000,
        "comprehensiveincomenetoftaxattributabletononcontrollinginterest": 221000000,
        "comprehensiveincomenetoftax": 44000000,
        "othercomprehensiveincomeunrealizedholdinggainlossonsecuritiesarisingduringperiodtax": -12000000,
        "othercomprehensiveincomelossreclassificationadjustmentfromaociforsaleofsecuritiestax": -12000000,
        "premiumsearnednet": 1241000000,
        "netinvestmentincome": 4000000,
        "realizedinvestmentgainslosses": 1000000,
        "otherthantemporaryimpairmentlossesinvestmentsportionrecognizedinearningsnetavailableforsalesecurities": 9000000,
        "incomelossfromequitymethodinvestments": 5000000,
        "contractuallyspecifiedservicingfeeslatefeesandancillaryfeesearnedinexchangeforservicingfinancialassets": 8000000,
        "revenues": 341000000,
        "policyholderbenefitsandclaimsincurrednet": 868000000,
        "deferredpolicyacquisitioncostamortizationexpenseandotherunderwritingexpense": 9000000,
        "benefitslossesandexpenses": 1197000000,
        "incomelossfromcontinuingoperationsbeforeincometaxesextraordinaryitemsnoncontrollinginterest": 60000000,
        "incometaxexpensebenefit": 24000000,
        "netincomelossattributabletononcontrollinginterest": -22000000,
        "netincomeloss": 46000000,
        "earningspersharebasic": 147,
        "earningspersharediluted": 147,
        "weightedaveragenumberofsharesoutstandingbasic": 2542,
        "weightedaveragenumberofdilutedsharesoutstanding": 52851250,
        "commonstockdividendspersharedeclared": 88.875
    },
    {
        "date": "2013-06-29",
        "symbol": "ERIE",
        "period": "Q2",
        "profitloss": 3000000,
        "othercomprehensiveincomeunrealizedholdinggainlossonsecuritiesarisingduringperiodnetoftax": -194000000,
        "othercomprehensiveincomelossreclassificationadjustmentforsaleofsecuritiesincludedinnetincomenetoftax": -3000000,
        "othercomprehensiveincomelossnetoftax": -197000000,
        "comprehensiveincomenetoftaxincludingportionattributabletononcontrollinginterest": -20000000,
        "comprehensiveincomenetoftaxattributabletononcontrollinginterest": -60000000,
        "comprehensiveincomenetoftax": 40000000,
        "othercomprehensiveincomeunrealizedholdinggainlossonsecuritiesarisingduringperiodtax": -105000000,
        "othercomprehensiveincomelossreclassificationadjustmentforsaleofsecuritiesincludedinnetincometax": 2000000,
        "premiumsearnednet": 1215000000,
        "netinvestmentincome": 3000000,
        "realizedinvestmentgainslosses": 6000000,
        "otherthantemporaryimpairmentlossesinvestmentsportionrecognizedinearningsnetavailableforsalesecurities": 1000000,
        "incomelossfromequitymethodinvestments": 5000000,
        "contractuallyspecifiedservicingfeeslatefeesandancillaryfeesearnedinexchangeforservicingfinancialassets": 8000000,
        "revenues": 344000000,
        "policyholderbenefitsandclaimsincurrednet": 861000000,
        "deferredpolicyacquisitioncostamortizationexpenseandotherunderwritingexpense": -53000000,
        "benefitslossesandexpenses": -340000000,
        "incomelossfromcontinuingoperationsbeforeincometaxesextraordinaryitemsnoncontrollinginterest": 59000000,
        "incometaxexpensebenefit": 2000000,
        "netincomelossattributabletononcontrollinginterest": 3000000,
        "netincomeloss": 44000000,
        "earningspersharebasic": 142,
        "earningspersharediluted": 142,
        "weightedaveragenumberofsharesoutstandingbasic": 46693333,
        "weightedaveragenumberofdilutedsharesoutstanding": 2542,
        "commonstockdividendspersharedeclared": 0.5925
    },
    {
        "date": "2013-03-30",
        "symbol": "ERIE",
        "period": "Q1",
        "profitloss": 253000000,
        "othercomprehensiveincomeunrealizedholdinggainlossonsecuritiesarisingduringperiodnetoftax": -12000000,
        "othercomprehensiveincomelossreclassificationadjustmentforsaleofsecuritiesincludedinnetincomenetoftax": -10000000,
        "othercomprehensiveincomelossnetoftax": -21000000,
        "comprehensiveincomenetoftaxincludingportionattributabletononcontrollinginterest": 268000000,
        "comprehensiveincomenetoftaxattributabletononcontrollinginterest": 232000000,
        "comprehensiveincomenetoftax": 36000000,
        "othercomprehensiveincomeunrealizedholdinggainlossonsecuritiesarisingduringperiodtax": -6000000,
        "othercomprehensiveincomelossreclassificationadjustmentforsaleofsecuritiesincludedinnetincometax": 5000000,
        "premiumsearnednet": 1175000000,
        "netinvestmentincome": 4000000,
        "realizedinvestmentgainslosses": 15000000,
        "otherthantemporaryimpairmentlossesinvestmentsportionrecognizedinearningsnetavailableforsalesecurities": 400000,
        "incomelossfromequitymethodinvestments": 3000000,
        "contractuallyspecifiedservicingfeeslatefeesandancillaryfeesearnedinexchangeforservicingfinancialassets": 7000000,
        "revenues": 303000000,
        "policyholderbenefitsandclaimsincurrednet": 842000000,
        "deferredpolicyacquisitioncostamortizationexpenseandotherunderwritingexpense": -44000000,
        "benefitslossesandexpenses": -299000000,
        "incomelossfromcontinuingoperationsbeforeincometaxesextraordinaryitemsnoncontrollinginterest": 49000000,
        "incometaxexpensebenefit": 5000000,
        "netincomelossattributabletononcontrollinginterest": 10000000,
        "netincomeloss": 37000000,
        "earningspersharebasic": 0.78,
        "earningspersharediluted": 117,
        "weightedaveragenumberofsharesoutstandingbasic": 2542,
        "weightedaveragenumberofdilutedsharesoutstanding": 2542,
        "commonstockdividendspersharedeclared": 0.5925
    },
    {
        "date": "2012-09-29",
        "symbol": "ERIE",
        "period": "Q3",
        "profitloss": 300000000,
        "othercomprehensiveincomeunrealizedholdinggainlossonsecuritiesarisingduringperiodnetoftax": 110000000,
        "comprehensiveincomenetoftaxincludingportionattributabletononcontrollinginterest": 283000000,
        "comprehensiveincomenetoftaxattributabletononcontrollinginterest": 230000000,
        "comprehensiveincomenetoftax": 53000000,
        "othercomprehensiveincomeunrealizedholdinggainlossonsecuritiesarisingduringperiodtax": 59000000,
        "premiumsearnednet": 1137000000,
        "netinvestmentincome": -16000000,
        "realizedinvestmentgainslosses": 2000000,
        "incomelossfromequitymethodinvestments": 6000000,
        "contractuallyspecifiedservicingfeeslatefeesandancillaryfeesearnedinexchangeforservicingfinancialassets": 8000000,
        "revenues": 313000000,
        "policyholderbenefitsandclaimsincurrednet": 912000000,
        "deferredpolicyacquisitioncostamortizationexpenseandotherunderwritingexpense": 278000000,
        "benefitslossesandexpenses": 3989000000,
        "incomelossfromcontinuingoperationsbeforeincometaxesextraordinaryitemsnoncontrollinginterest": 615000000,
        "incometaxexpensebenefit": 194000000,
        "netincomelossattributabletononcontrollinginterest": 133000000,
        "netincomeloss": 51000000,
        "earningspersharebasic": 162.33999999999997,
        "earningspersharediluted": 162.33999999999997,
        "weightedaveragenumberofsharesoutstandingbasic": -143159,
        "weightedaveragenumberofdilutedsharesoutstanding": -144997,
        "commonstockdividendspersharedeclared": 82.875
    },
    {
        "date": "2012-06-29",
        "symbol": "ERIE",
        "period": "Q2",
        "othercomprehensiveincomeunrealizedholdinggainlossonsecuritiesarisingduringperiodtax": 12000000,
        "othercomprehensiveincomereclassificationadjustmentforsaleofsecuritiesincludedinnetincometax": 6000000,
        "premiumsearnednet": 1109000000,
        "netinvestmentincome": 11000000,
        "realizedinvestmentgainslosses": -294000000,
        "impairmentofinvestments": 0,
        "incomelossfromequitymethodinvestments": -17000000,
        "contractuallyspecifiedservicingfeeslatefeesandancillaryfeesearnedinexchangeforservicingfinancialassets": 14000000,
        "revenues": 316000000,
        "policyholderbenefitsandclaimsincurrednet": 943000000,
        "deferredpolicyacquisitioncostamortizationexpenseandotherunderwritingexpense": 598000000,
        "benefitslossesandexpenses": -311000000,
        "incomelossfromcontinuingoperationsbeforeincometaxesextraordinaryitemsnoncontrollinginterest": -309000000,
        "incometaxexpensebenefit": 22000000,
        "profitloss": -48000000,
        "netincomelossattributabletononcontrollinginterest": -81000000,
        "netincomeloss": 43000000,
        "earningspersharebasic": 134.99,
        "earningspersharediluted": 134.99,
        "weightedaveragenumberofsharesoutstandingbasic": -129947,
        "weightedaveragenumberofdilutedsharesoutstanding": -122249,
        "commonstockdividendspersharedeclared": 82.875,
        "othercomprehensiveincomeunrealizedholdinggainlossonsecuritiesarisingduringperiodnetoftax": 96000000,
        "othercomprehensiveincomereclassificationadjustmentforsaleofsecuritiesincludedinnetincomenetoftax": 9000000,
        "othercomprehensiveincomelossnetoftaxperiodincreasedecrease": 0,
        "comprehensiveincomenetoftaxincludingportionattributabletononcontrollinginterest": -26000000,
        "comprehensiveincomenetoftaxattributabletononcontrollinginterest": 707000000,
        "comprehensiveincomenetoftax": 43000000
    },
    {
        "date": "2012-03-30",
        "symbol": "ERIE",
        "period": "Q1",
        "othercomprehensiveincomeunrealizedholdinggainlossonsecuritiesarisingduringperiodtax": 41000000,
        "othercomprehensiveincomereclassificationadjustmentforsaleofsecuritiesincludedinnetincometax": 2000000,
        "premiumsearnednet": 1087000000,
        "netinvestmentincome": -3000000,
        "realizedinvestmentgainslosses": 296000000,
        "impairmentofinvestments": 100000,
        "incomelossfromequitymethodinvestments": 21000000,
        "contractuallyspecifiedservicingfeeslatefeesandancillaryfeesearnedinexchangeforservicingfinancialassets": 1000000,
        "revenues": 276000000,
        "policyholderbenefitsandclaimsincurrednet": 716000000,
        "deferredpolicyacquisitioncostamortizationexpenseandotherunderwritingexpense": -41000000,
        "benefitslossesandexpenses": -272000000,
        "incomelossfromcontinuingoperationsbeforeincometaxesextraordinaryitemsnoncontrollinginterest": 428000000,
        "incometaxexpensebenefit": 18000000,
        "profitloss": 285000000,
        "netincomelossattributabletononcontrollinginterest": 318000000,
        "netincomeloss": 36000000,
        "earningspersharebasic": 113.56,
        "earningspersharediluted": 113.56,
        "weightedaveragenumberofsharesoutstandingbasic": 47749799,
        "weightedaveragenumberofdilutedsharesoutstanding": 53930044,
        "commonstockdividendspersharedeclared": 82.875,
        "othercomprehensiveincomeunrealizedholdinggainlossonsecuritiesarisingduringperiodnetoftax": 2000000,
        "othercomprehensiveincomereclassificationadjustmentforsaleofsecuritiesincludedinnetincomenetoftax": 5000000,
        "othercomprehensiveincomelossnetoftaxperiodincreasedecrease": 2000000,
        "comprehensiveincomenetoftaxincludingportionattributabletononcontrollinginterest": 426000000,
        "comprehensiveincomenetoftaxattributabletononcontrollinginterest": -388000000,
        "comprehensiveincomenetoftax": 38000000
    },
    {
        "date": "2011-03-30",
        "symbol": "ERIE",
        "period": "Q1",
        "premiumsearnednet": 1030000000,
        "netinvestmentincome": 105000000,
        "realizedinvestmentgainslosses": 149000000,
        "incomelossfromequitymethodinvestments": 72000000,
        "otherincome": 9000000,
        "revenues": 1365000000,
        "policyholderbenefitsandclaimsincurrednet": 706000000,
        "deferredpolicyacquisitioncostamortizationexpenseandotherunderwritingexpense": 247000000,
        "benefitslossesandexpenses": 953000000,
        "incomelossfromcontinuingoperationsafterincomelossfromequitymethodinvestmentsbeforeincometaxesandnoncontrollinginterest": 412000000,
        "incometaxexpensebenefit": 138000000,
        "profitloss": 274000000,
        "netincomelossattributabletononcontrollinginterest": 230000000,
        "netincomeloss": 44000000,
        "earningspersharebasic": 126.48,
        "earningspersharediluted": 126.48,
        "weightedaveragenumberofsharesoutstandingbasic": 2546,
        "weightedaveragenumberofdilutedsharesoutstanding": 2546,
        "commonstockdividendspersharedeclared": 77.25,
        "accumulatedothercomprehensiveincomelossnetoftax": -63000000,
        "othercomprehensiveincomeunrealizedholdinggainlossonsecuritiesarisingduringperiodbeforetax": -1000000,
        "othercomprehensiveincomereclassificationadjustmentforsaleofsecuritiesnotincludedinnetincomebeforetax": 13000000,
        "othercomprehensiveincomereclassificationadjustmentforsaleofsecuritiesincludedinnetincomebeforetax": 1000000,
        "othercomprehensiveincomeavailableforsalesecuritiesadjustmentbeforetaxperiodincreasedecrease": -15000000,
        "othercomprehensiveincomeunrealizedholdinggainlossonsecuritiesarisingduringperiodtax": -5000000,
        "othercomprehensiveincomelossnetoftaxperiodincreasedecrease": -4000000,
        "othercomprehensiveincomelossnetoftaxperiodincreasedecreaseportionattributabletononcontrollinginterest": 6000000,
        "othercomprehensiveincomereclassificationadjustmentforsaleofsecuritiesnotincludedinnetincomenetoftax": -9000000,
        "comprehensiveincomenetoftaxincludingportionattributabletononcontrollinginterest": 279000000,
        "comprehensiveincomenetoftaxattributabletononcontrollinginterest": -236000000,
        "comprehensiveincomenetoftax": 43000000
    }
]