[
    {
        "date": "2024-09-29",
        "symbol": "L",
        "period": "Q3",
        "premiumsearnednet": 2593000000,
        "netinvestmentincome": 776000000,
        "gainlossoninvestments": -10000000,
        "noninsurancewarrantyrevenue": 401000000,
        "revenuefromcontractwithcustomerexcludingassessedtaxandother": 706000000,
        "revenues": 4466000000,
        "policyholderbenefitsandclaimsincurrednet": 2019000000,
        "deferredpolicyacquisitioncostamortizationexpense": 457000000,
        "noninsurancewarrantyexpense": 387000000,
        "othercostandexpenseoperating": 930000000,
        "incomelossfromequitymethodinvestments": -9000000,
        "interestexpense": 114000000,
        "benefitslossesandexpenses": 3916000000,
        "incomelossfromcontinuingoperationsbeforeincometaxesextraordinaryitemsnoncontrollinginterest": 550000000,
        "incometaxexpensebenefit": 125000000,
        "profitloss": 425000000,
        "netincomelossattributabletononcontrollinginterest": 24000000,
        "netincomeloss": 401000000,
        "earningspersharebasic": 1.83,
        "earningspersharediluted": 1.82,
        "weightedaveragenumberofsharesoutstandingbasic": 219670000,
        "weightedaveragenumberdilutedsharesoutstandingadjustment": 270000,
        "weightedaveragenumberofdilutedsharesoutstanding": 219940000,
        "insuranceclaimsandpolicyholdersbenefitsincludingpolicyholdersdividendsremeasurementimpact": -48000000,
        "ocidebtsecuritiesavailableforsaleinvestmentswithallowanceforcreditlossesunrealizedholdinggainlossafteradjustmentaftertax": -3000000,
        "ocidebtsecuritiesavailableforsaleotherinvestmentsunrealizedholdinggainlossafteradjustmentaftertax": 1264000000,
        "othercomprehensiveincomelossavailableforsalesecuritiesadjustmentnetoftax": 1261000000,
        "ociliabilityforfuturepolicybenefitgainlossafterreclassificationadjustmentandtax": -623000000,
        "othercomprehensiveincomelosscashflowhedgegainlossafterreclassificationandtax": -7000000,
        "othercomprehensiveincomelosspensionandotherpostretirementbenefitplansadjustmentnetoftax": -9000000,
        "othercomprehensiveincomelossforeigncurrencytransactionandtranslationadjustmentnetoftax": 64000000,
        "othercomprehensiveincomelossnetoftax": 704000000,
        "comprehensiveincomenetoftaxincludingportionattributabletononcontrollinginterest": 1129000000,
        "comprehensiveincomenetoftaxattributabletononcontrollinginterest": 83000000,
        "comprehensiveincomenetoftax": 1046000000
    },
    {
        "date": "2024-06-29",
        "symbol": "L",
        "period": "Q2",
        "premiumsearnednet": 2498000000,
        "netinvestmentincome": 639000000,
        "gainlossoninvestments": -10000000,
        "noninsurancewarrantyrevenue": 404000000,
        "revenuefromcontractwithcustomerexcludingassessedtaxandother": 736000000,
        "revenues": 4267000000,
        "policyholderbenefitsandclaimsincurrednet": 1882000000,
        "deferredpolicyacquisitioncostamortizationexpense": 435000000,
        "noninsurancewarrantyexpense": 388000000,
        "othercostandexpenseoperating": 968000000,
        "incomelossfromequitymethodinvestments": 27000000,
        "interestexpense": 114000000,
        "benefitslossesandexpenses": 3760000000,
        "incomelossfromcontinuingoperationsbeforeincometaxesextraordinaryitemsnoncontrollinginterest": 507000000,
        "incometaxexpensebenefit": 112000000,
        "profitloss": 395000000,
        "netincomelossattributabletononcontrollinginterest": 26000000,
        "netincomeloss": 369000000,
        "earningspersharebasic": 1.6700000000000004,
        "earningspersharediluted": 1.6700000000000004,
        "weightedaveragenumberofsharesoutstandingbasic": 221910000,
        "weightedaveragenumberdilutedsharesoutstandingadjustment": 270000,
        "weightedaveragenumberofdilutedsharesoutstanding": 222180000,
        "insuranceclaimsandpolicyholdersbenefitsincludingpolicyholdersdividendsremeasurementimpact": -25000000,
        "ocidebtsecuritiesavailableforsaleinvestmentswithallowanceforcreditlossesunrealizedholdinggainlossafteradjustmentaftertax": 0,
        "ocidebtsecuritiesavailableforsaleotherinvestmentsunrealizedholdinggainlossafteradjustmentaftertax": -244000000,
        "othercomprehensiveincomelossavailableforsalesecuritiesadjustmentnetoftax": -244000000,
        "ociliabilityforfuturepolicybenefitgainlossafterreclassificationadjustmentandtax": 273000000,
        "othercomprehensiveincomelosscashflowhedgegainlossafterreclassificationandtax": -1000000,
        "othercomprehensiveincomelosspensionandotherpostretirementbenefitplansadjustmentnetoftax": -6000000,
        "othercomprehensiveincomelossforeigncurrencytransactionandtranslationadjustmentnetoftax": -10000000,
        "othercomprehensiveincomelossnetoftax": 24000000,
        "comprehensiveincomenetoftaxincludingportionattributabletononcontrollinginterest": 419000000,
        "comprehensiveincomenetoftaxattributabletononcontrollinginterest": 29000000,
        "comprehensiveincomenetoftax": 390000000
    },
    {
        "date": "2024-03-30",
        "symbol": "L",
        "period": "Q1",
        "premiumsearnednet": 2441000000,
        "netinvestmentincome": 669000000,
        "gainlossoninvestments": -22000000,
        "noninsurancewarrantyrevenue": 407000000,
        "revenuefromcontractwithcustomerexcludingassessedtaxandother": 736000000,
        "revenues": 4231000000,
        "policyholderbenefitsandclaimsincurrednet": 1807000000,
        "deferredpolicyacquisitioncostamortizationexpense": 444000000,
        "noninsurancewarrantyexpense": 394000000,
        "othercostandexpenseoperating": 880000000,
        "incomelossfromequitymethodinvestments": 26000000,
        "interestexpense": 103000000,
        "benefitslossesandexpenses": 3602000000,
        "incomelossfromcontinuingoperationsbeforeincometaxesextraordinaryitemsnoncontrollinginterest": 629000000,
        "incometaxexpensebenefit": 144000000,
        "profitloss": 485000000,
        "netincomelossattributabletononcontrollinginterest": 28000000,
        "netincomeloss": 457000000,
        "earningspersharebasic": 2.05,
        "earningspersharediluted": 2.05,
        "weightedaveragenumberofsharesoutstandingbasic": 222470000,
        "weightedaveragenumberdilutedsharesoutstandingadjustment": 310000,
        "weightedaveragenumberofdilutedsharesoutstanding": 222780000,
        "insuranceclaimsandpolicyholdersbenefitsincludingpolicyholdersdividendsremeasurementimpact": -15000000,
        "ocidebtsecuritiesavailableforsaleinvestmentswithallowanceforcreditlossesunrealizedholdinggainlossafteradjustmentaftertax": 2000000,
        "ocidebtsecuritiesavailableforsaleotherinvestmentsunrealizedholdinggainlossafteradjustmentaftertax": -217000000,
        "othercomprehensiveincomelossavailableforsalesecuritiesadjustmentnetoftax": -215000000,
        "ociliabilityforfuturepolicybenefitgainlossafterreclassificationadjustmentandtax": 341000000,
        "othercomprehensiveincomelosscashflowhedgegainlossafterreclassificationandtax": 2000000,
        "othercomprehensiveincomelosspensionandotherpostretirementbenefitplansadjustmentnetoftax": -6000000,
        "othercomprehensiveincomelossforeigncurrencytransactionandtranslationadjustmentnetoftax": -33000000,
        "othercomprehensiveincomelossnetoftax": 101000000,
        "comprehensiveincomenetoftaxincludingportionattributabletononcontrollinginterest": 586000000,
        "comprehensiveincomenetoftaxattributabletononcontrollinginterest": 36000000,
        "comprehensiveincomenetoftax": 550000000
    },
    {
        "date": "2023-12-30",
        "symbol": "L",
        "period": "Q4",
        "premiumsearnednet": 2479000000,
        "netinvestmentincome": 642000000,
        "gainlossoninvestments": 6000000,
        "noninsurancewarrantyrevenue": 403000000,
        "revenuefromcontractwithcustomerexcludingassessedtaxandother": 728000000,
        "revenues": 4258000000,
        "policyholderbenefitsandclaimsincurrednet": 1810000000,
        "deferredpolicyacquisitioncostamortizationexpense": 436000000,
        "noninsurancewarrantyexpense": 390000000,
        "othercostandexpenseoperating": 944000000,
        "incomelossfromequitymethodinvestments": 31000000,
        "interestexpense": 96000000,
        "benefitslossesandexpenses": 3645000000,
        "incomelossfromcontinuingoperationsbeforeincometaxesextraordinaryitemsnoncontrollinginterest": 613000000,
        "incometaxexpensebenefit": 136000000,
        "profitloss": 477000000,
        "netincomelossattributabletononcontrollinginterest": 31000000,
        "netincomeloss": 446000000,
        "earningspersharebasic": 1.9899999999999995,
        "earningspersharediluted": 1.9799999999999998,
        "weightedaveragenumberofsharesoutstandingbasic": 227480000,
        "weightedaveragenumberofdilutedsharesoutstanding": 227810000,
        "insuranceclaimsandpolicyholdersbenefitsincludingpolicyholdersdividendsremeasurementimpact": -15000000,
        "ocidebtsecuritiesavailableforsaleinvestmentswithallowanceforcreditlossesunrealizedholdinggainlossafteradjustmentaftertax": 5000000,
        "ocidebtsecuritiesavailableforsaleotherinvestmentsunrealizedholdinggainlossafteradjustmentaftertax": 1952000000,
        "othercomprehensiveincomelossavailableforsalesecuritiesadjustmentnetoftax": 1957000000,
        "ociliabilityforfuturepolicybenefitgainlossafterreclassificationadjustmentandtax": -996000000,
        "othercomprehensiveincomelosscashflowhedgegainlossafterreclassificationandtax": -10000000,
        "othercomprehensiveincomelosspensionandotherpostretirementbenefitplansadjustmentnetoftax": -49000000,
        "othercomprehensiveincomelossforeigncurrencytransactionandtranslationadjustmentnetoftax": 64000000,
        "othercomprehensiveincomelossnetoftax": 1064000000,
        "comprehensiveincomenetoftaxincludingportionattributabletononcontrollinginterest": 1541000000,
        "comprehensiveincomenetoftaxattributabletononcontrollinginterest": 119000000,
        "comprehensiveincomenetoftax": 1422000000
    },
    {
        "date": "2023-09-29",
        "symbol": "L",
        "period": "Q3",
        "premiumsearnednet": 2406000000,
        "netinvestmentincome": 592000000,
        "gainlossoninvestments": -38000000,
        "noninsurancewarrantyrevenue": 407000000,
        "revenuefromcontractwithcustomerexcludingassessedtaxandother": 559000000,
        "revenues": 3926000000,
        "policyholderbenefitsandclaimsincurrednet": 1826000000,
        "deferredpolicyacquisitioncostamortizationexpense": 426000000,
        "noninsurancewarrantyexpense": 386000000,
        "othercostandexpenseoperating": 860000000,
        "incomelossfromequitymethodinvestments": 22000000,
        "interestexpense": 94000000,
        "benefitslossesandexpenses": 3570000000,
        "incomelossfromcontinuingoperationsbeforeincometaxesextraordinaryitemsnoncontrollinginterest": 356000000,
        "incometaxexpensebenefit": 80000000,
        "profitloss": 276000000,
        "netincomelossattributabletononcontrollinginterest": 23000000,
        "netincomeloss": 253000000,
        "earningspersharebasic": 1.12,
        "earningspersharediluted": 1.12,
        "weightedaveragenumberofsharesoutstandingbasic": 225640000,
        "weightedaveragenumberdilutedsharesoutstandingadjustment": 350000,
        "weightedaveragenumberofdilutedsharesoutstanding": 225990000,
        "insuranceclaimsandpolicyholdersbenefitsincludingpolicyholdersdividendsremeasurementimpact": -41000000,
        "ocidebtsecuritiesavailableforsaleinvestmentswithallowanceforcreditlossesunrealizedholdinggainlossafteradjustmentaftertax": -1000000,
        "ocidebtsecuritiesavailableforsaleotherinvestmentsunrealizedholdinggainlossafteradjustmentaftertax": -1084000000,
        "othercomprehensiveincomelossavailableforsalesecuritiesadjustmentnetoftax": -1085000000,
        "ociliabilityforfuturepolicybenefitgainlossafterreclassificationadjustmentandtax": 818000000,
        "othercomprehensiveincomelosscashflowhedgegainlossafterreclassificationandtax": -1000000,
        "othercomprehensiveincomelosspensionandotherpostretirementbenefitplansadjustmentnetoftax": -40000000,
        "othercomprehensiveincomelossforeigncurrencytransactionandtranslationadjustmentnetoftax": -55000000,
        "othercomprehensiveincomelossnetoftax": -283000000,
        "comprehensiveincomenetoftaxincludingportionattributabletononcontrollinginterest": -7000000,
        "comprehensiveincomenetoftaxattributabletononcontrollinginterest": -8000000,
        "comprehensiveincomenetoftax": 1000000
    },
    {
        "date": "2023-06-29",
        "symbol": "L",
        "period": "Q2",
        "premiumsearnednet": 2347000000,
        "netinvestmentincome": 592000000,
        "gainlossoninvestments": 14000000,
        "noninsurancewarrantyrevenue": 407000000,
        "revenuefromcontractwithcustomerexcludingassessedtaxandother": 574000000,
        "revenues": 3934000000,
        "policyholderbenefitsandclaimsincurrednet": 1779000000,
        "deferredpolicyacquisitioncostamortizationexpense": 403000000,
        "noninsurancewarrantyexpense": 384000000,
        "othercostandexpenseoperating": 808000000,
        "incomelossfromequitymethodinvestments": 39000000,
        "interestexpense": 91000000,
        "benefitslossesandexpenses": 3426000000,
        "incomelossfromcontinuingoperationsbeforeincometaxesextraordinaryitemsnoncontrollinginterest": 508000000,
        "incometaxexpensebenefit": 120000000,
        "profitloss": 388000000,
        "netincomelossattributabletononcontrollinginterest": 28000000,
        "netincomeloss": 360000000,
        "earningspersharebasic": 1.58,
        "earningspersharediluted": 1.58,
        "weightedaveragenumberofsharesoutstandingbasic": 227690000,
        "weightedaveragenumberdilutedsharesoutstandingadjustment": 280000,
        "weightedaveragenumberofdilutedsharesoutstanding": 227970000,
        "insuranceclaimsandpolicyholdersbenefitsincludingpolicyholdersdividendsremeasurementimpact": -33000000,
        "ocidebtsecuritiesavailableforsaleinvestmentswithallowanceforcreditlossesunrealizedholdinggainlossafteradjustmentaftertax": -1000000,
        "ocidebtsecuritiesavailableforsaleotherinvestmentsunrealizedholdinggainlossafteradjustmentaftertax": -413000000,
        "othercomprehensiveincomelossavailableforsalesecuritiesadjustmentnetoftax": -414000000,
        "ociliabilityforfuturepolicybenefitgainlossafterreclassificationadjustmentandtax": 256000000,
        "othercomprehensiveincomelosscashflowhedgegainlossafterreclassificationandtax": 8000000,
        "othercomprehensiveincomelosspensionandotherpostretirementbenefitplansadjustmentnetoftax": -6000000,
        "othercomprehensiveincomelossforeigncurrencytransactionandtranslationadjustmentnetoftax": 35000000,
        "othercomprehensiveincomelossnetoftax": -109000000,
        "comprehensiveincomenetoftaxincludingportionattributabletononcontrollinginterest": 279000000,
        "comprehensiveincomenetoftaxattributabletononcontrollinginterest": 17000000,
        "comprehensiveincomenetoftax": 262000000
    },
    {
        "date": "2023-03-30",
        "symbol": "L",
        "period": "Q1",
        "premiumsearnednet": 2248000000,
        "netinvestmentincome": 569000000,
        "gainlossoninvestments": -35000000,
        "noninsurancewarrantyrevenue": 407000000,
        "revenuefromcontractwithcustomerexcludingassessedtaxandother": 594000000,
        "revenues": 3783000000,
        "policyholderbenefitsandclaimsincurrednet": 1653000000,
        "deferredpolicyacquisitioncostamortizationexpense": 379000000,
        "noninsurancewarrantyexpense": 384000000,
        "othercostandexpenseoperating": 781000000,
        "incomelossfromequitymethodinvestments": 28000000,
        "interestexpense": 95000000,
        "benefitslossesandexpenses": 3264000000,
        "incomelossfromcontinuingoperationsbeforeincometaxesextraordinaryitemsnoncontrollinginterest": 519000000,
        "incometaxexpensebenefit": 115000000,
        "profitloss": 404000000,
        "netincomelossattributabletononcontrollinginterest": 29000000,
        "netincomeloss": 375000000,
        "earningspersharebasic": 1.61,
        "earningspersharediluted": 1.61,
        "weightedaveragenumberofsharesoutstandingbasic": 233300000,
        "weightedaveragenumberdilutedsharesoutstandingadjustment": 320000,
        "weightedaveragenumberofdilutedsharesoutstanding": 233620000,
        "insuranceclaimsandpolicyholdersbenefitsincludingpolicyholdersdividendsremeasurementimpact": 1000000,
        "ocidebtsecuritiesavailableforsaleinvestmentswithallowanceforcreditlossesunrealizedholdinggainlossafteradjustmentaftertax": -8000000,
        "ocidebtsecuritiesavailableforsaleotherinvestmentsunrealizedholdinggainlossafteradjustmentaftertax": 670000000,
        "othercomprehensiveincomelossavailableforsalesecuritiesadjustmentnetoftax": 662000000,
        "ociliabilityforfuturepolicybenefitgainlossafterreclassificationadjustmentandtax": -396000000,
        "othercomprehensiveincomelosscashflowhedgegainlossafterreclassificationandtax": -2000000,
        "othercomprehensiveincomelosspensionandotherpostretirementbenefitplansadjustmentnetoftax": -9000000,
        "othercomprehensiveincomelossforeigncurrencytransactionandtranslationadjustmentnetoftax": 16000000,
        "othercomprehensiveincomelossnetoftax": 289000000,
        "comprehensiveincomenetoftaxincludingportionattributabletononcontrollinginterest": 693000000,
        "comprehensiveincomenetoftaxattributabletononcontrollinginterest": 60000000,
        "comprehensiveincomenetoftax": 633000000
    },
    {
        "date": "2022-12-30",
        "symbol": "L",
        "period": "Q4",
        "premiumsearnednet": 2232000000,
        "netinvestmentincome": 600000000,
        "gainlossoninvestments": -33000000,
        "noninsurancewarrantyrevenue": 401000000,
        "revenuefromcontractwithcustomerexcludingassessedtaxandother": 593000000,
        "revenues": 3793000000,
        "policyholderbenefitsandclaimsincurrednet": 1683000000,
        "deferredpolicyacquisitioncostamortizationexpense": 389000000,
        "noninsurancewarrantyexpense": 379000000,
        "othercostandexpenseoperating": 911000000,
        "interestexpense": 94000000,
        "benefitslossesandexpenses": 3317000000,
        "incomelossfromcontinuingoperationsbeforeincometaxesextraordinaryitemsnoncontrollinginterest": 476000000,
        "incometaxexpensebenefit": 88000000,
        "profitloss": 388000000,
        "netincomelossattributabletononcontrollinginterest": 24000000,
        "netincomeloss": 364000000,
        "earningspersharebasic": 1.5399999999999998,
        "earningspersharediluted": 1.53,
        "weightedaveragenumberofsharesoutstandingbasic": -490960000,
        "weightedaveragenumberofdilutedsharesoutstanding": -491900000,
        "ocidebtsecuritiesavailableforsaleinvestmentswithallowanceforcreditlossesunrealizedholdinggainlossbeforeadjustmentaftertax": 3000000,
        "ocidebtsecuritiesavailableforsaleotherinvestmentsunrealizedholdinggainlossbeforeadjustmentaftertax": 507000000,
        "othercomprehensiveincomeunrealizedholdinggainlossonsecuritiesarisingduringperiodnetoftax": 510000000,
        "othercomprehensiveincomelosscashflowhedgegainlossafterreclassificationandtax": -8000000,
        "othercomprehensiveincomelosspensionandotherpostretirementbenefitplansadjustmentnetoftax": 3000000,
        "othercomprehensiveincomelossforeigncurrencytransactionandtranslationadjustmentnetoftax": 78000000,
        "othercomprehensiveincomelossnetoftax": 577000000,
        "comprehensiveincomenetoftaxincludingportionattributabletononcontrollinginterest": 965000000,
        "comprehensiveincomenetoftaxattributabletononcontrollinginterest": 82000000,
        "comprehensiveincomenetoftax": 883000000
    },
    {
        "date": "2022-09-29",
        "symbol": "L",
        "period": "Q3",
        "premiumsearnednet": 2221000000,
        "netinvestmentincome": 404000000,
        "gainlossoninvestments": -96000000,
        "noninsurancewarrantyrevenue": 399000000,
        "revenuefromcontractwithcustomerexcludingassessedtaxandother": 533000000,
        "revenues": 3461000000,
        "policyholderbenefitsandclaimsincurrednet": 1665000000,
        "deferredpolicyacquisitioncostamortizationexpense": 383000000,
        "noninsurancewarrantyexpense": 371000000,
        "othercostandexpenseoperating": 760000000,
        "interestexpense": 92000000,
        "benefitslossesandexpenses": 3271000000,
        "incomelossfromcontinuingoperationsbeforeincometaxesextraordinaryitemsnoncontrollinginterest": 190000000,
        "incometaxexpensebenefit": 47000000,
        "profitloss": 143000000,
        "netincomelossattributabletononcontrollinginterest": 13000000,
        "netincomeloss": 130000000,
        "earningspersharebasic": 0.54,
        "earningspersharediluted": 0.54,
        "weightedaveragenumberofsharesoutstandingbasic": 240370000,
        "weightedaveragenumberdilutedsharesoutstandingadjustment": 390000,
        "weightedaveragenumberofdilutedsharesoutstanding": 240760000,
        "ocidebtsecuritiesavailableforsaleinvestmentswithallowanceforcreditlossesunrealizedholdinggainlossbeforeadjustmentaftertax": -2000000,
        "ocidebtsecuritiesavailableforsaleotherinvestmentsunrealizedholdinggainlossbeforeadjustmentaftertax": -1327000000,
        "othercomprehensiveincomeunrealizedholdinggainlossonsecuritiesarisingduringperiodnetoftax": -1329000000,
        "othercomprehensiveincomelosscashflowhedgegainlossafterreclassificationandtax": 4000000,
        "othercomprehensiveincomelosspensionandotherpostretirementbenefitplansadjustmentnetoftax": -6000000,
        "othercomprehensiveincomelossforeigncurrencytransactionandtranslationadjustmentnetoftax": -106000000,
        "othercomprehensiveincomelossnetoftax": -1425000000,
        "comprehensiveincomenetoftaxincludingportionattributabletononcontrollinginterest": -1282000000,
        "comprehensiveincomenetoftaxattributabletononcontrollinginterest": -119000000,
        "comprehensiveincomenetoftax": -1163000000
    },
    {
        "date": "2022-06-29",
        "symbol": "L",
        "period": "Q2",
        "premiumsearnednet": 2155000000,
        "netinvestmentincome": 366000000,
        "gainlossoninvestments": -59000000,
        "noninsurancewarrantyrevenue": 392000000,
        "revenuefromcontractwithcustomerexcludingassessedtaxandother": 534000000,
        "revenues": 3388000000,
        "policyholderbenefitsandclaimsincurrednet": 1583000000,
        "deferredpolicyacquisitioncostamortizationexpense": 374000000,
        "noninsurancewarrantyexpense": 367000000,
        "othercostandexpenseoperating": 715000000,
        "interestexpense": 96000000,
        "benefitslossesandexpenses": 3135000000,
        "incomelossfromcontinuingoperationsbeforeincometaxesextraordinaryitemsnoncontrollinginterest": 253000000,
        "incometaxexpensebenefit": 51000000,
        "profitloss": 202000000,
        "netincomelossattributabletononcontrollinginterest": 22000000,
        "netincomeloss": 180000000,
        "earningspersharebasic": 0.73,
        "earningspersharediluted": 0.73,
        "weightedaveragenumberofsharesoutstandingbasic": 245450000,
        "weightedaveragenumberdilutedsharesoutstandingadjustment": 490000,
        "weightedaveragenumberofdilutedsharesoutstanding": 245940000,
        "ocidebtsecuritiesavailableforsaleinvestmentswithallowanceforcreditlossesunrealizedholdinggainlossbeforeadjustmentaftertax": -2000000,
        "ocidebtsecuritiesavailableforsaleotherinvestmentsunrealizedholdinggainlossbeforeadjustmentaftertax": -1346000000,
        "othercomprehensiveincomeunrealizedholdinggainlossonsecuritiesarisingduringperiodnetoftax": -1348000000,
        "othercomprehensiveincomelosscashflowhedgegainlossafterreclassificationandtax": 6000000,
        "othercomprehensiveincomelosspensionandotherpostretirementbenefitplansadjustmentnetoftax": -5000000,
        "othercomprehensiveincomelossforeigncurrencytransactionandtranslationadjustmentnetoftax": -68000000,
        "othercomprehensiveincomelossnetoftax": -1405000000,
        "comprehensiveincomenetoftaxincludingportionattributabletononcontrollinginterest": -1203000000,
        "comprehensiveincomenetoftaxattributabletononcontrollinginterest": -124000000,
        "comprehensiveincomenetoftax": -1079000000
    },
    {
        "date": "2022-03-30",
        "symbol": "L",
        "period": "Q1",
        "premiumsearnednet": 2059000000,
        "netinvestmentincome": 432000000,
        "gainlossoninvestments": -11000000,
        "noninsurancewarrantyrevenue": 382000000,
        "revenuefromcontractwithcustomerexcludingassessedtaxandother": 540000000,
        "revenues": 3402000000,
        "policyholderbenefitsandclaimsincurrednet": 1455000000,
        "deferredpolicyacquisitioncostamortizationexpense": 344000000,
        "noninsurancewarrantyexpense": 354000000,
        "othercostandexpenseoperating": 691000000,
        "interestexpense": 96000000,
        "benefitslossesandexpenses": 2940000000,
        "incomelossfromcontinuingoperationsbeforeincometaxesextraordinaryitemsnoncontrollinginterest": 462000000,
        "incometaxexpensebenefit": 92000000,
        "profitloss": 370000000,
        "netincomelossattributabletononcontrollinginterest": 32000000,
        "netincomeloss": 338000000,
        "earningspersharebasic": 1.36,
        "earningspersharediluted": 1.36,
        "weightedaveragenumberofsharesoutstandingbasic": 247970000,
        "weightedaveragenumberdilutedsharesoutstandingadjustment": 510000,
        "weightedaveragenumberofdilutedsharesoutstanding": 248480000,
        "ocidebtsecuritiesavailableforsaleinvestmentswithallowanceforcreditlossesunrealizedholdinggainlossbeforeadjustmentaftertax": -4000000,
        "ocidebtsecuritiesavailableforsaleotherinvestmentsunrealizedholdinggainlossbeforeadjustmentaftertax": -1611000000,
        "othercomprehensiveincomeunrealizedholdinggainlossonsecuritiesarisingduringperiodnetoftax": -1615000000,
        "othercomprehensiveincomelosscashflowhedgegainlossafterreclassificationandtax": 18000000,
        "othercomprehensiveincomelosspensionandotherpostretirementbenefitplansadjustmentnetoftax": -7000000,
        "othercomprehensiveincomelossforeigncurrencytransactionandtranslationadjustmentnetoftax": -15000000,
        "othercomprehensiveincomelossnetoftax": -1605000000,
        "comprehensiveincomenetoftaxincludingportionattributabletononcontrollinginterest": -1235000000,
        "comprehensiveincomenetoftaxattributabletononcontrollinginterest": -136000000,
        "comprehensiveincomenetoftax": -1099000000
    },
    {
        "date": "2021-12-30",
        "symbol": "L",
        "period": "Q4",
        "premiumsearnednet": 2119000000,
        "netinvestmentincome": 610000000,
        "gainlossoninvestments": 3000000,
        "noninsurancewarrantyrevenue": 376000000,
        "revenuefromcontractwithcustomerexcludingassessedtaxandother": 553000000,
        "revenues": 3661000000,
        "policyholderbenefitsandclaimsincurrednet": 1665000000,
        "deferredpolicyacquisitioncostamortizationexpense": 359000000,
        "noninsurancewarrantyexpense": 355000000,
        "othercostandexpenseoperating": 723000000,
        "interestexpense": 100000000,
        "benefitslossesandexpenses": 3202000000,
        "incometaxexpensebenefit": 88000000,
        "profitloss": 371000000,
        "netincomelossattributabletononcontrollinginterest": 28000000,
        "netincomeloss": -158000000,
        "earningspersharebasic": 1.3699999999999997,
        "earningspersharediluted": 1.3900000000000008,
        "weightedaveragenumberofsharesoutstandingbasic": -527240000,
        "weightedaveragenumberofdilutedsharesoutstanding": -528200000,
        "ocidebtsecuritiesavailableforsaleotherinvestmentsunrealizedholdinggainlossbeforeadjustmentaftertax": -241000000,
        "othercomprehensiveincomeunrealizedholdinggainlossonsecuritiesarisingduringperiodnetoftax": -243000000,
        "othercomprehensiveincomelosspensionandotherpostretirementbenefitplansadjustmentnetoftax": -234000000,
        "othercomprehensiveincomelossforeigncurrencytransactionandtranslationadjustmentnetoftax": -1000000,
        "othercomprehensiveincomelossnetoftax": -7000000,
        "comprehensiveincomenetoftaxincludingportionattributabletononcontrollinginterest": 364000000,
        "comprehensiveincomenetoftaxattributabletononcontrollinginterest": 26000000,
        "comprehensiveincomenetoftax": 338000000
    },
    {
        "date": "2021-09-29",
        "symbol": "L",
        "period": "Q3",
        "premiumsearnednet": 2059000000,
        "netinvestmentincome": 483000000,
        "gainlossoninvestments": 22000000,
        "noninsurancewarrantyrevenue": 357000000,
        "revenuefromcontractwithcustomerexcludingassessedtaxandother": 450000000,
        "revenues": 3371000000,
        "policyholderbenefitsandclaimsincurrednet": 1632000000,
        "deferredpolicyacquisitioncostamortizationexpense": 368000000,
        "noninsurancewarrantyexpense": 330000000,
        "othercostandexpenseoperating": 638000000,
        "interestexpense": 99000000,
        "benefitslossesandexpenses": 3067000000,
        "incomelossfromcontinuingoperationsbeforeincometaxesextraordinaryitemsnoncontrollinginterest": 304000000,
        "incometaxexpensebenefit": 58000000,
        "profitloss": 246000000,
        "netincomelossattributabletononcontrollinginterest": 26000000,
        "netincomeloss": 220000000,
        "earningspersharebasic": 0.86,
        "earningspersharediluted": 0.85,
        "weightedaveragenumberofsharesoutstandingbasic": 256760000,
        "weightedaveragenumberdilutedsharesoutstandingadjustment": 540000,
        "weightedaveragenumberofdilutedsharesoutstanding": 257300000,
        "ocidebtsecuritiesavailableforsaleotherinvestmentsunrealizedholdinggainlossbeforeadjustmentaftertax": -138000000,
        "othercomprehensiveincomeunrealizedholdinggainlossonsecuritiesarisingduringperiodnetoftax": -138000000,
        "othercomprehensiveincomelosscashflowhedgegainlossafterreclassificationandtax": 2000000,
        "othercomprehensiveincomelosspensionandotherpostretirementbenefitplansadjustmentnetoftax": -16000000,
        "othercomprehensiveincomelossforeigncurrencytransactionandtranslationadjustmentnetoftax": -33000000,
        "othercomprehensiveincomelossnetoftax": -153000000,
        "comprehensiveincomenetoftaxincludingportionattributabletononcontrollinginterest": 93000000,
        "comprehensiveincomenetoftaxattributabletononcontrollinginterest": 9000000,
        "comprehensiveincomenetoftax": 84000000
    },
    {
        "date": "2021-06-29",
        "symbol": "L",
        "period": "Q2",
        "premiumsearnednet": 2035000000,
        "netinvestmentincome": 616000000,
        "gainlossoninvestments": 578000000,
        "noninsurancewarrantyrevenue": 359000000,
        "revenuefromcontractwithcustomerexcludingassessedtaxandother": 415000000,
        "revenues": 4003000000,
        "policyholderbenefitsandclaimsincurrednet": 1546000000,
        "deferredpolicyacquisitioncostamortizationexpense": 357000000,
        "noninsurancewarrantyexpense": 332000000,
        "othercostandexpenseoperating": 656000000,
        "interestexpense": 100000000,
        "benefitslossesandexpenses": 2991000000,
        "incomelossfromcontinuingoperationsbeforeincometaxesextraordinaryitemsnoncontrollinginterest": 1012000000,
        "incometaxexpensebenefit": 219000000,
        "profitloss": 793000000,
        "netincomelossattributabletononcontrollinginterest": 39000000,
        "netincomeloss": 754000000,
        "earningspersharebasic": 2.87,
        "earningspersharediluted": 2.86,
        "weightedaveragenumberofsharesoutstandingbasic": 262760000,
        "weightedaveragenumberdilutedsharesoutstandingadjustment": 580000,
        "weightedaveragenumberofdilutedsharesoutstanding": 263340000,
        "ocidebtsecuritiesavailableforsaleotherinvestmentsunrealizedholdinggainlossbeforeadjustmentaftertax": 300000000,
        "othercomprehensiveincomeunrealizedholdinggainlossonsecuritiesarisingduringperiodnetoftax": 300000000,
        "othercomprehensiveincomelosscashflowhedgegainlossafterreclassificationandtax": 8000000,
        "othercomprehensiveincomelosspensionandotherpostretirementbenefitplansadjustmentnetoftax": -7000000,
        "othercomprehensiveincomelossforeigncurrencytransactionandtranslationadjustmentnetoftax": 11000000,
        "othercomprehensiveincomelossnetoftax": 326000000,
        "comprehensiveincomenetoftaxincludingportionattributabletononcontrollinginterest": 1119000000,
        "comprehensiveincomenetoftaxattributabletononcontrollinginterest": 72000000,
        "comprehensiveincomenetoftax": 1047000000
    },
    {
        "date": "2021-03-30",
        "symbol": "L",
        "period": "Q1",
        "premiumsearnednet": 1962000000,
        "netinvestmentincome": 550000000,
        "gainlossoninvestments": 57000000,
        "noninsurancewarrantyrevenue": 338000000,
        "revenuefromcontractwithcustomerexcludingassessedtaxandother": 715000000,
        "revenues": 3622000000,
        "policyholderbenefitsandclaimsincurrednet": 1506000000,
        "deferredpolicyacquisitioncostamortizationexpense": 359000000,
        "noninsurancewarrantyexpense": 311000000,
        "othercostandexpenseoperating": 914000000,
        "interestexpense": 125000000,
        "benefitslossesandexpenses": 3215000000,
        "incomelossfromcontinuingoperationsbeforeincometaxesminorityinterestandincomelossfromequitymethodinvestments": 407000000,
        "incometaxexpensebenefit": 114000000,
        "profitloss": 293000000,
        "netincomelossattributabletononcontrollinginterest": 32000000,
        "netincomeloss": 261000000,
        "earningspersharebasic": 0.98,
        "earningspersharediluted": 0.97,
        "weightedaveragenumberofsharesoutstandingbasic": 267390000,
        "weightedaveragenumberdilutedsharesoutstandingadjustment": 370000,
        "weightedaveragenumberofdilutedsharesoutstanding": 267760000,
        "ocidebtsecuritiesavailableforsaleotherinvestmentsunrealizedholdinggainlossbeforeadjustmentaftertax": -627000000,
        "othercomprehensiveincomeunrealizedholdinggainlossonsecuritiesarisingduringperiodnetoftax": -627000000,
        "othercomprehensiveincomelossderivativesqualifyingashedgesnetoftax": 4000000,
        "othercomprehensiveincomelosspensionandotherpostretirementbenefitplansadjustmentnetoftax": -9000000,
        "othercomprehensiveincomelossforeigncurrencytransactionandtranslationadjustmentnetoftax": 3000000,
        "othercomprehensiveincomelossnetoftax": -611000000,
        "comprehensiveincomenetoftaxincludingportionattributabletononcontrollinginterest": -318000000,
        "comprehensiveincomenetoftaxattributabletononcontrollinginterest": -32000000,
        "comprehensiveincomenetoftax": -286000000
    },
    {
        "date": "2020-09-29",
        "symbol": "L",
        "period": "Q3",
        "premiumsearnednet": 1953000000,
        "netinvestmentincome": 540000000,
        "gainlossoninvestments": 46000000,
        "noninsurancewarrantyrevenue": 317000000,
        "revenuefromcontractwithcustomerexcludingassessedtaxandother": 609000000,
        "revenues": 3465000000,
        "policyholderbenefitsandclaimsincurrednet": 1616000000,
        "deferredpolicyacquisitioncostamortizationexpense": 360000000,
        "noninsurancewarrantyexpense": 293000000,
        "othercostandexpenseoperating": 876000000,
        "interestexpense": 137000000,
        "benefitslossesandexpenses": 3282000000,
        "incomelossfromcontinuingoperationsbeforeincometaxesminorityinterestandincomelossfromequitymethodinvestments": 183000000,
        "incometaxexpensebenefit": 21000000,
        "profitloss": 162000000,
        "netincomelossattributabletononcontrollinginterest": 23000000,
        "netincomeloss": 139000000,
        "earningspersharebasic": 0.5,
        "earningspersharediluted": 0.5,
        "weightedaveragenumberofsharesoutstandingbasic": 279400000,
        "weightedaveragenumberdilutedsharesoutstandingadjustment": 90000,
        "weightedaveragenumberofdilutedsharesoutstanding": 279490000,
        "ocidebtsecuritiesavailableforsaleinvestmentswithallowanceforcreditlossesunrealizedholdinggainlossbeforeadjustmentaftertax": 6000000,
        "ocidebtsecuritiesavailableforsaleotherinvestmentsunrealizedholdinggainlossbeforeadjustmentaftertax": 207000000,
        "othercomprehensiveincomeunrealizedholdinggainlossonsecuritiesarisingduringperiodnetoftax": 213000000,
        "othercomprehensiveincomelossderivativesqualifyingashedgesnetoftax": 1000000,
        "othercomprehensiveincomelosspensionandotherpostretirementbenefitplansadjustmentnetoftax": -7000000,
        "othercomprehensiveincomelossforeigncurrencytransactionandtranslationadjustmentnetoftax": 38000000,
        "othercomprehensiveincomelossnetoftax": 259000000,
        "comprehensiveincomenetoftaxincludingportionattributabletononcontrollinginterest": 421000000,
        "comprehensiveincomenetoftaxattributabletononcontrollinginterest": 49000000,
        "comprehensiveincomenetoftax": 372000000
    },
    {
        "date": "2020-03-30",
        "symbol": "L",
        "period": "Q1",
        "premiumsearnednet": 1869000000,
        "netinvestmentincome": 163000000,
        "gainlossoninvestments": -216000000,
        "noninsurancewarrantyrevenue": 301000000,
        "otherincome": 982000000,
        "revenues": 3099000000,
        "policyholderbenefitsandclaimsincurrednet": 1425000000,
        "deferredpolicyacquisitioncostamortizationexpense": 344000000,
        "noninsurancewarrantyexpense": 281000000,
        "othercostandexpenseoperating": 2026000000,
        "interestexpense": 144000000,
        "benefitslossesandexpenses": 4220000000,
        "incomelossfromcontinuingoperationsbeforeincometaxesminorityinterestandincomelossfromequitymethodinvestments": -1121000000,
        "incometaxexpensebenefit": -77000000,
        "profitloss": -1044000000,
        "netincomelossattributabletononcontrollinginterest": -412000000,
        "netincomeloss": -632000000,
        "earningspersharebasicanddiluted": -2.2,
        "weightedaveragenumberofsharesoutstandingbasic": 287040000,
        "weightedaveragenumberofdilutedsharesoutstanding": 287040000,
        "othercomprehensiveincomelossunrealizedgainslossesoninvestmentswithallowanceforcreditlossesarisingduringperiod": -11000000,
        "othercomprehensiveincomeunrealizedholdinggainlossonsecuritiesarisingduringperiodnetoftax": -1044000000,
        "othercomprehensiveincomelossavailableforsalesecuritiesadjustmentnetoftax": -1055000000,
        "othercomprehensiveincomelossderivativesqualifyingashedgesnetoftax": -19000000,
        "othercomprehensiveincomelosspensionandotherpostretirementbenefitplansadjustmentnetoftax": -14000000,
        "othercomprehensiveincomelossforeigncurrencytransactionandtranslationadjustmentnetoftax": -84000000,
        "othercomprehensiveincomelossnetoftax": -1144000000,
        "comprehensiveincomenetoftaxincludingportionattributabletononcontrollinginterest": -2188000000,
        "comprehensiveincomenetoftaxattributabletononcontrollinginterest": -531000000,
        "comprehensiveincomenetoftax": -1657000000
    },
    {
        "date": "2019-03-30",
        "symbol": "L",
        "period": "Q1",
        "premiumsearnednet": 1803000000,
        "netinvestmentincome": 657000000,
        "impairmentofinvestments": 14000000,
        "gainlossoninvestmentsexcludingotherthantemporaryimpairments": 45000000,
        "gainlossoninvestments": -5000000,
        "noninsurancewarrantyrevenue": 281000000,
        "otherincome": 985000000,
        "revenues": 3757000000,
        "policyholderbenefitsandclaimsincurrednet": 1357000000,
        "deferredpolicyacquisitioncostamortizationexpense": 342000000,
        "costofgoodsandservicessold": 260000000,
        "othercostandexpenseoperating": 1149000000,
        "interestexpense": 141000000,
        "benefitslossesandexpenses": 3249000000,
        "incomelossfromcontinuingoperationsbeforeincometaxesminorityinterestandincomelossfromequitymethodinvestments": 508000000,
        "incometaxexpensebenefit": 112000000,
        "profitloss": 2000000,
        "netincomelossattributabletononcontrollinginterest": 2000000,
        "netincomeloss": 394000000,
        "earningspersharebasicanddiluted": 1.27,
        "weightedaveragenumberofsharesoutstandingbasic": 309830000,
        "weightedaveragenumberdilutedsharesoutstandingadjustment": 530000,
        "weightedaveragenumberofdilutedsharesoutstanding": 310360000,
        "othercomprehensiveincomeunrealizedholdinggainlossoninvestmentswithotherthantemporaryimpairmentlossesarisingduringperiodnetoftax": 4000000,
        "othercomprehensiveincomeunrealizedholdinggainlossonsecuritiesarisingduringperiodnetoftax": 526000000,
        "othercomprehensiveincomelossavailableforsalesecuritiesadjustmentnetoftax": 530000000,
        "othercomprehensiveincomelossderivativesqualifyingashedgesnetoftax": -6000000,
        "othercomprehensiveincomelosspensionandotherpostretirementbenefitplansadjustmentnetoftax": -8000000,
        "othercomprehensiveincomelossforeigncurrencytransactionandtranslationadjustmentnetoftax": 17000000,
        "othercomprehensiveincomelossnetoftax": 59000000,
        "comprehensiveincomenetoftaxincludingportionattributabletononcontrollinginterest": 945000000,
        "comprehensiveincomenetoftaxattributabletononcontrollinginterest": 61000000,
        "comprehensiveincomenetoftax": 884000000
    },
    {
        "date": "2018-03-30",
        "symbol": "L",
        "period": "Q1",
        "premiumsearnednet": 1785000000,
        "netinvestmentincome": 14000000,
        "impairmentofinvestments": 6000000,
        "gainlossoninvestmentsexcludingotherthantemporaryimpairments": 15000000,
        "gainlossoninvestments": 1000000,
        "otherincome": 213000000,
        "revenues": 227000000,
        "policyholderbenefitsandclaimsincurrednet": 1339000000,
        "deferredpolicyacquisitioncostamortizationexpense": 296000000,
        "othercostandexpenseoperating": 232000000,
        "interestexpense": 27000000,
        "benefitslossesandexpenses": 259000000,
        "incomelossfromcontinuingoperationsbeforeincometaxesminorityinterestandincomelossfromequitymethodinvestments": -32000000,
        "incometaxexpensebenefit": -5000000,
        "profitloss": -27000000,
        "netincomelossattributabletononcontrollinginterest": 47000000,
        "netincomeloss": -27000000,
        "earningspersharebasic": 0.89,
        "earningspersharediluted": 0.89,
        "commonstockdividendspersharecashpaid": 0.0625,
        "weightedaveragenumberofsharesoutstandingbasic": 327780000,
        "weightedaveragenumberdilutedsharesoutstandingadjustment": 940000,
        "weightedaveragenumberofdilutedsharesoutstanding": 328720000,
        "othercomprehensiveincomeunrealizedholdinggainlossoninvestmentswithotherthantemporaryimpairmentlossesarisingduringperiodnetoftax": -9000000,
        "othercomprehensiveincomeunrealizedholdinggainlossonsecuritiesarisingduringperiodnetoftax": -429000000,
        "othercomprehensiveincomelossavailableforsalesecuritiesadjustmentnetoftax": -438000000,
        "othercomprehensiveincomelossderivativesqualifyingashedgesnetoftax": 10000000,
        "othercomprehensiveincomelosspensionandotherpostretirementbenefitplansadjustmentnetoftax": -10000000,
        "othercomprehensiveincomelossforeigncurrencytransactionandtranslationadjustmentnetoftax": 11000000,
        "othercomprehensiveincomelossnetoftax": -44000000,
        "comprehensiveincomenetoftaxincludingportionattributabletononcontrollinginterest": -27000000,
        "comprehensiveincomenetoftaxattributabletononcontrollinginterest": 43000000,
        "comprehensiveincomenetoftax": -70000000
    },
    {
        "date": "2017-09-29",
        "symbol": "L",
        "period": "Q3",
        "premiumsearnednet": 1806000000,
        "netinvestmentincomeandgainslossesontradingsecurities": 48000000,
        "impairmentofinvestments": 5000000,
        "availableforsalesecuritiesgrossrealizedgainlossexcludingotherthantemporaryimpairments": 21000000,
        "availableforsalesecuritiesgrossrealizedgainlossnet": 1000000,
        "revenueoilandgasservices": 357000000,
        "otherincome": 201000000,
        "revenues": 249000000,
        "policyholderbenefitsandclaimsincurrednet": 1480000000,
        "deferredpolicyacquisitioncostamortizationexpense": 309000000,
        "contractrevenuecost": 198000000,
        "othercostandexpenseoperating": 221000000,
        "interestexpense": 28000000,
        "benefitslossesandexpenses": 249000000,
        "incomelossfromcontinuingoperationsbeforeincometaxesminorityinterestandincomelossfromequitymethodinvestments": 8000000,
        "incometaxexpensebenefit": 4000000,
        "profitloss": 4000000,
        "netincomelossattributabletononcontrollinginterest": 34000000,
        "netincomeloss": 4000000,
        "earningspersharebasic": 0.46,
        "earningspersharediluted": 0.46,
        "commonstockdividendspersharecashpaid": 0.0625,
        "weightedaveragenumberofsharesoutstandingbasic": 336910000,
        "weightedaveragenumberdilutedsharesoutstandingadjustment": 880000,
        "weightedaveragenumberofdilutedsharesoutstanding": 337790000,
        "othercomprehensiveincomeunrealizedholdinggainlossoninvestmentswithotherthantemporaryimpairmentlossesarisingduringperiodnetoftax": 1000000,
        "othercomprehensiveincomeunrealizedholdinggainlossonsecuritiesarisingduringperiodnetoftax": 23000000,
        "othercomprehensiveincomelossavailableforsalesecuritiesadjustmentnetoftax": 24000000,
        "othercomprehensiveincomelossderivativesqualifyingashedgesnetoftax": 1000000,
        "othercomprehensiveincomelosspensionandotherpostretirementbenefitplansadjustmentnetoftax": -11000000,
        "othercomprehensiveincomelossforeigncurrencytransactionandtranslationadjustmentnetoftax": 41000000,
        "othercomprehensiveincomelossnetoftax": 1000000,
        "comprehensiveincomenetoftaxincludingportionattributabletononcontrollinginterest": 289000000,
        "comprehensiveincomenetoftaxattributabletononcontrollinginterest": 64000000,
        "comprehensiveincomenetoftax": 225000000
    },
    {
        "date": "2017-03-30",
        "symbol": "L",
        "period": "Q1",
        "premiumsearnednet": 1645000000,
        "netinvestmentincomeandgainslossesontradingsecurities": 59000000,
        "impairmentofinvestments": 2000000,
        "availableforsalesecuritiesgrossrealizedgainlossexcludingotherthantemporaryimpairments": 36000000,
        "availableforsalesecuritiesgrossrealizedgainlossnet": 1000000,
        "revenueoilandgasservices": 364000000,
        "otherincome": 167000000,
        "revenues": 59000000,
        "policyholderbenefitsandclaimsincurrednet": 1293000000,
        "deferredpolicyacquisitioncostamortizationexpense": 305000000,
        "contractrevenuecost": 204000000,
        "othercostandexpenseoperating": 38000000,
        "interestexpense": 18000000,
        "benefitslossesandexpenses": 56000000,
        "incomelossfromcontinuingoperationsbeforeincometaxesminorityinterestandincomelossfromequitymethodinvestments": 510000000,
        "incometaxexpensebenefit": 1000000,
        "profitloss": 96000000,
        "netincomelossattributabletononcontrollinginterest": 11000000,
        "netincomeloss": 2000000,
        "earningspersharebasic": 0.88,
        "earningspersharediluted": 0.87,
        "commonstockdividendspersharecashpaid": 0.0625,
        "weightedaveragenumberofsharesoutstandingbasic": 336880000,
        "weightedaveragenumberdilutedsharesoutstandingadjustment": 800000,
        "weightedaveragenumberofdilutedsharesoutstanding": 337680000,
        "othercomprehensiveincomeunrealizedholdinggainlossoninvestmentswithotherthantemporaryimpairmentlossesarisingduringperiodnetoftax": -4000000,
        "othercomprehensiveincomeunrealizedholdinggainlossonsecuritiesarisingduringperiodnetoftax": 67000000,
        "othercomprehensiveincomelossavailableforsalesecuritiesadjustmentnetoftax": 63000000,
        "othercomprehensiveincomelosspensionandotherpostretirementbenefitplansadjustmentnetoftax": -8000000,
        "othercomprehensiveincomelossforeigncurrencytransactionandtranslationadjustmentnetoftax": 11000000,
        "othercomprehensiveincomelossnetoftax": 8000000,
        "comprehensiveincomenetoftaxincludingportionattributabletononcontrollinginterest": 473000000,
        "comprehensiveincomenetoftaxattributabletononcontrollinginterest": 104000000,
        "comprehensiveincomenetoftax": 369000000
    },
    {
        "date": "2016-09-29",
        "symbol": "L",
        "period": "Q3",
        "premiumsearnednet": 1767000000,
        "netinvestmentincomeandgainslossesontradingsecurities": 561000000,
        "impairmentofinvestments": 18000000,
        "availableforsalesecuritiesgrossrealizedgainlossexcludingotherthantemporaryimpairments": 63000000,
        "availableforsalesecuritiesgrossrealizedgainlossnet": 1000000,
        "revenueoilandgasservices": 340000000,
        "otherincome": 574000000,
        "revenues": 161000000,
        "policyholderbenefitsandclaimsincurrednet": 1202000000,
        "deferredpolicyacquisitioncostamortizationexpense": 314000000,
        "contractrevenuecost": 187000000,
        "othercostandexpenseoperating": 898000000,
        "interestexpense": 130000000,
        "benefitslossesandexpenses": 2731000000,
        "incomelossfromcontinuingoperationsbeforeincometaxesminorityinterestandincomelossfromequitymethodinvestments": 556000000,
        "incometaxexpensebenefit": 163000000,
        "profitloss": 393000000,
        "netincomelossattributabletononcontrollinginterest": 66000000,
        "netincomeloss": 3000000,
        "earningspersharebasicanddiluted": 0.97,
        "commonstockdividendspersharecashpaid": 0.0625,
        "weightedaveragenumberofsharesoutstandingbasic": 337180000,
        "weightedaveragenumberdilutedsharesoutstandingadjustment": 440000,
        "weightedaveragenumberofdilutedsharesoutstanding": 337620000,
        "otherthantemporaryimpairmentlossesinvestmentsportioninothercomprehensiveincomelossnetoftaxincludingportionattributabletononcontrollinginterest": -3000000,
        "othercomprehensiveincomelossavailableforsalesecuritiesadjustmentnetoftax": 42000000,
        "unrealizedgainslossesonavailableforsaleinvestments": 45000000,
        "othercomprehensiveincomelossderivativesqualifyingashedgesnetoftax": 1000000,
        "othercomprehensiveincomelosspensionandotherpostretirementbenefitplansadjustmentnetoftax": -7000000,
        "othercomprehensiveincomelossforeigncurrencytransactionandtranslationadjustmentnetoftax": -24000000,
        "othercomprehensiveincomelossnetoftax": 42000000,
        "comprehensiveincomenetoftaxincludingportionattributabletononcontrollinginterest": 422000000,
        "comprehensiveincomenetoftaxattributabletononcontrollinginterest": 70000000,
        "comprehensiveincomenetoftax": 352000000
    },
    {
        "date": "2016-03-30",
        "symbol": "L",
        "period": "Q1",
        "premiumsearnednet": 1699000000,
        "netinvestmentincomeandgainslossesontradingsecurities": 435000000,
        "impairmentofinvestments": 23000000,
        "availableforsalesecuritiesgrossrealizedgainlossexcludingotherthantemporaryimpairments": -5000000,
        "availableforsalesecuritiesgrossrealizedgainlossnet": -5000000,
        "revenueoilandgasservices": 444000000,
        "otherincome": 347000000,
        "revenues": -11000000,
        "policyholderbenefitsandclaimsincurrednet": 1408000000,
        "deferredpolicyacquisitioncostamortizationexpense": 307000000,
        "contractrevenuecost": 213000000,
        "othercostandexpenseoperating": 205000000,
        "interestexpense": 43000000,
        "benefitslossesandexpenses": 248000000,
        "incomelossfromcontinuingoperationsbeforeincometaxesminorityinterestandincomelossfromequitymethodinvestments": 195000000,
        "incometaxexpensebenefit": 19000000,
        "profitloss": 102000000,
        "netincomelossattributabletononcontrollinginterest": 49000000,
        "netincomeloss": -35000000,
        "earningspersharebasicanddiluted": 0.3,
        "commonstockdividendspersharecashpaid": 0.0625,
        "weightedaveragenumberofsharesoutstandingbasic": 339100000,
        "weightedaveragenumberdilutedsharesoutstandingadjustment": 150000,
        "weightedaveragenumberofdilutedsharesoutstanding": 339250000,
        "otherthantemporaryimpairmentlossesinvestmentsportioninothercomprehensiveincomelossnetoftaxincludingportionattributabletononcontrollinginterest": -5000000,
        "othercomprehensiveincomelossavailableforsalesecuritiesadjustmentnetoftax": 228000000,
        "unrealizedgainslossesonavailableforsaleinvestments": 233000000,
        "othercomprehensiveincomelossderivativesqualifyingashedgesnetoftax": 1000000,
        "othercomprehensiveincomelosspensionandotherpostretirementbenefitplansadjustmentnetoftax": -8000000,
        "othercomprehensiveincomelossforeigncurrencytransactionandtranslationadjustmentnetoftax": 14000000,
        "othercomprehensiveincomelossnetoftax": 231000000,
        "comprehensiveincomenetoftaxincludingportionattributabletononcontrollinginterest": 455000000,
        "comprehensiveincomenetoftaxattributabletononcontrollinginterest": 122000000,
        "comprehensiveincomenetoftax": 333000000
    },
    {
        "date": "2015-09-29",
        "symbol": "L",
        "period": "Q3",
        "premiumsearnednet": 1751000000,
        "netinvestmentincomeandgainslossesontradingsecurities": 321000000,
        "impairmentofinvestments": 56000000,
        "otherthantemporaryimpairmentlossesinvestmentsportionrecognizedinearningsnet": 37000000,
        "availableforsalesecuritiesgrossrealizedgainlossexcludingotherthantemporaryimpairments": 6000000,
        "availableforsalesecuritiesgrossrealizedgainlossnet": -18000000,
        "revenueoilandgasservices": 599000000,
        "otherincome": 548000000,
        "revenues": -34000000,
        "policyholderbenefitsandclaimsincurrednet": 1200000000,
        "deferredpolicyacquisitioncostamortizationexpense": 319000000,
        "contractrevenuecost": 276000000,
        "othercostandexpenseoperating": 898000000,
        "interestexpense": 128000000,
        "benefitslossesandexpenses": 2821000000,
        "incomelossfromcontinuingoperationsbeforeincometaxesminorityinterestandincomelossfromequitymethodinvestments": 348000000,
        "incometaxexpensebenefit": 66000000,
        "incomelossfromcontinuingoperationsincludingportionattributabletononcontrollinginterest": 282000000,
        "profitloss": 282000000,
        "netincomelossattributabletononcontrollinginterest": 100000000,
        "netincomeloss": -46000000,
        "incomelossfromcontinuingoperations": 182000000,
        "incomelossfromcontinuingoperationsperbasicanddilutedshare": 0.5,
        "earningspersharebasicanddiluted": 0.5,
        "commonstockdividendspersharecashpaid": 0.0625,
        "weightedaveragenumberofsharesoutstandingbasic": 360910000,
        "weightedaveragenumberdilutedsharesoutstandingadjustment": 190000,
        "weightedaveragenumberofdilutedsharesoutstanding": 361100000,
        "otherthantemporaryimpairmentlossesinvestmentsportioninothercomprehensiveincomelossnetoftaxincludingportionattributabletononcontrollinginterest": -2000000,
        "othercomprehensiveincomelossavailableforsalesecuritiesadjustmentnetoftax": -39000000,
        "unrealizedgainslossesonavailableforsaleinvestments": -37000000,
        "othercomprehensiveincomelossderivativesqualifyingashedgesnetoftax": 1000000,
        "othercomprehensiveincomelosspensionandotherpostretirementbenefitplansadjustmentnetoftax": -4000000,
        "othercomprehensiveincomelossforeigncurrencytransactionandtranslationadjustmentnetoftax": -53000000,
        "othercomprehensiveincomelossnetoftax": -39000000,
        "comprehensiveincomenetoftaxincludingportionattributabletononcontrollinginterest": 197000000,
        "comprehensiveincomenetoftaxattributabletononcontrollinginterest": 91000000,
        "comprehensiveincomenetoftax": 106000000
    },
    {
        "date": "2015-06-29",
        "symbol": "L",
        "period": "Q2",
        "premiumsearnednet": 1735000000,
        "netinvestmentincomeandgainslossesontradingsecurities": 510000000,
        "impairmentofinvestments": 31000000,
        "otherthantemporaryimpairmentlossesinvestmentsportionrecognizedinearningsnet": 30000000,
        "availableforsalesecuritiesgrossrealizedgainlossexcludingotherthantemporaryimpairments": 29000000,
        "availableforsalesecuritiesgrossrealizedgainlossnet": -1000000,
        "revenueoilandgasservices": 617000000,
        "otherincome": 575000000,
        "revenues": 299000000,
        "policyholderbenefitsandclaimsincurrednet": 1469000000,
        "deferredpolicyacquisitioncostamortizationexpense": 314000000,
        "contractrevenuecost": 344000000,
        "othercostandexpenseoperating": 879000000,
        "interestexpense": 134000000,
        "benefitslossesandexpenses": 3140000000,
        "incomelossfromcontinuingoperationsbeforeincometaxesminorityinterestandincomelossfromequitymethodinvestments": 295000000,
        "incometaxexpensebenefit": -4000000,
        "incomelossfromcontinuingoperationsincludingportionattributabletononcontrollinginterest": 247000000,
        "profitloss": 247000000,
        "netincomelossattributabletononcontrollinginterest": 77000000,
        "netincomeloss": 12000000,
        "incomelossfromcontinuingoperations": 170000000,
        "incomelossfromcontinuingoperationsperbasicanddilutedshare": 0.46,
        "earningspersharediluted": 0.46,
        "commonstockdividendspersharecashpaid": 0.0625,
        "weightedaveragenumberofsharesoutstandingbasic": 369.61,
        "weightedaveragenumberdilutedsharesoutstandingadjustment": 0.36,
        "weightedaveragenumberofdilutedsharesoutstanding": 369.97,
        "otherthantemporaryimpairmentlossesinvestmentsportioninothercomprehensiveincomelossnetoftaxincludingportionattributabletononcontrollinginterest": 4000000,
        "othercomprehensiveincomelossavailableforsalesecuritiesadjustmentnetoftax": -363000000,
        "unrealizedgainslossesonavailableforsaleinvestments": -367000000,
        "othercomprehensiveincomelossderivativesqualifyingashedgesnetoftax": 1000000,
        "othercomprehensiveincomelosspensionandotherpostretirementbenefitplansadjustmentnetoftax": -43000000,
        "othercomprehensiveincomelossforeigncurrencytransactionandtranslationadjustmentnetoftax": 49000000,
        "othercomprehensiveincomelossnetoftax": -274000000,
        "comprehensiveincomenetoftaxincludingportionattributabletononcontrollinginterest": -27000000,
        "comprehensiveincomenetoftaxattributabletononcontrollinginterest": 48000000,
        "comprehensiveincomenetoftax": -75000000
    },
    {
        "date": "2015-03-30",
        "symbol": "L",
        "period": "Q1",
        "premiumsearnednet": 1687000000,
        "netinvestmentincomeandgainslossesontradingsecurities": 29000000,
        "impairmentofinvestments": 12000000,
        "otherthantemporaryimpairmentlossesinvestmentsportionrecognizedinearningsnet": 11000000,
        "availableforsalesecuritiesgrossrealizedgainlossexcludingotherthantemporaryimpairments": 22000000,
        "availableforsalesecuritiesgrossrealizedgainlossnet": -1000000,
        "revenueoilandgasservices": 600000000,
        "otherincome": 1000000,
        "revenues": 330000000,
        "policyholderbenefitsandclaimsincurrednet": 1339000000,
        "deferredpolicyacquisitioncostamortizationexpense": 303000000,
        "contractrevenuecost": 351000000,
        "othercostandexpenseoperating": 21000000,
        "interestexpense": 18000000,
        "benefitslossesandexpenses": 39000000,
        "incomelossfromcontinuingoperationsbeforeincometaxesminorityinterestandincomelossfromequitymethodinvestments": 558000000,
        "incometaxexpensebenefit": -3000000,
        "incomelossfromcontinuingoperationsincludingportionattributabletononcontrollinginterest": 49000000,
        "profitloss": -60000000,
        "netincomelossattributabletononcontrollinginterest": 36000000,
        "netincomeloss": 25000000,
        "incomelossfromcontinuingoperations": 109000000,
        "incomelossfromcontinuingoperationsperbasicanddilutedshare": 0.29,
        "earningspersharediluted": 0.29,
        "commonstockdividendspersharecashpaid": 0.0625,
        "weightedaveragenumberofsharesoutstandingbasic": 372.83,
        "weightedaveragenumberdilutedsharesoutstandingadjustment": 0.36,
        "weightedaveragenumberofdilutedsharesoutstanding": 373.19,
        "otherthantemporaryimpairmentlossesinvestmentsportioninothercomprehensiveincomelossnetoftaxincludingportionattributabletononcontrollinginterest": 1000000,
        "othercomprehensiveincomelossavailableforsalesecuritiesadjustmentnetoftax": 110000000,
        "unrealizedgainslossesonavailableforsaleinvestments": 109000000,
        "othercomprehensiveincomelossderivativesqualifyingashedgesnetoftax": 3000000,
        "othercomprehensiveincomelosspensionandotherpostretirementbenefitplansadjustmentnetoftax": -4000000,
        "othercomprehensiveincomelossforeigncurrencytransactionandtranslationadjustmentnetoftax": -96000000,
        "othercomprehensiveincomelossnetoftax": 3000000,
        "comprehensiveincomenetoftaxincludingportionattributabletononcontrollinginterest": 69000000,
        "comprehensiveincomenetoftaxattributabletononcontrollinginterest": -57000000,
        "comprehensiveincomenetoftax": 126000000
    },
    {
        "date": "2014-09-29",
        "symbol": "L",
        "period": "Q3",
        "premiumsearnednet": 1810000000,
        "netinvestmentincomeandgainslossesontradingsecurities": 451000000,
        "impairmentofinvestments": 10000000,
        "otherthantemporaryimpairmentlossesinvestmentsportionrecognizedinearningsnet": 2000000,
        "availableforsalesecuritiesgrossrealizedgainlossexcludingotherthantemporaryimpairments": 47000000,
        "availableforsalesecuritiesgrossrealizedgainlossnet": -3000000,
        "revenueoilandgasservices": 728000000,
        "otherincome": 497000000,
        "revenues": 279000000,
        "policyholderbenefitsandclaimsincurrednet": 1354000000,
        "deferredpolicyacquisitioncostamortizationexpense": 332000000,
        "contractrevenuecost": 400000000,
        "othercostandexpenseoperating": 977000000,
        "interestexpense": 121000000,
        "benefitslossesandexpenses": 3184000000,
        "incomelossfromcontinuingoperationsbeforeincometaxesminorityinterestandincomelossfromequitymethodinvestments": 339000000,
        "incometaxexpensebenefit": 21000000,
        "incomelossfromcontinuingoperationsincludingportionattributabletononcontrollinginterest": 240000000,
        "incomelossfromdiscontinuedoperationsnetoftax": 29000000,
        "profitloss": 269000000,
        "netincomelossattributabletononcontrollinginterest": 61000000,
        "netincomeloss": 8000000,
        "incomelossfromcontinuingoperations": 179000000,
        "incomelossfromdiscontinuedoperationsnetoftaxattributabletoreportingentity": 25000000,
        "incomelossfromcontinuingoperationsperbasicshare": 0.47,
        "discontinuedoperationincomelossfromdiscontinuedoperationnetoftaxperbasicshare": 0.08,
        "earningspersharebasic": 0.55,
        "incomelossfromcontinuingoperationsperdilutedshare": 0.47,
        "discontinuedoperationincomelossfromdiscontinuedoperationnetoftaxperdilutedshare": 0.08,
        "earningspersharediluted": 0.55,
        "commonstockdividendspersharecashpaid": 0.0625,
        "weightedaveragenumberofsharesoutstandingbasic": 380.59,
        "weightedaveragenumberdilutedsharesoutstandingadjustment": 0.6,
        "weightedaveragenumberofdilutedsharesoutstanding": 381.19,
        "otherthantemporaryimpairmentlossesinvestmentsportioninothercomprehensiveincomelossnetoftaxincludingportionattributabletononcontrollinginterest": -1000000,
        "othercomprehensiveincomelossavailableforsalesecuritiesadjustmentnetoftax": -83000000,
        "unrealizedgainslossesonavailableforsaleinvestments": -82000000,
        "netunrealizedgainslossesondiscontinuedoperations": -34000000,
        "othercomprehensiveincomelossderivativesqualifyingashedgesnetoftax": -4000000,
        "othercomprehensiveincomelosspensionandotherpostretirementbenefitplansadjustmentnetoftax": -2000000,
        "othercomprehensiveincomelossforeigncurrencytransactionandtranslationadjustmentnetoftax": -73000000,
        "othercomprehensiveincomelossnetoftax": -191000000,
        "comprehensiveincomenetoftaxincludingportionattributabletononcontrollinginterest": 78000000,
        "comprehensiveincomenetoftaxattributabletononcontrollinginterest": 39000000,
        "comprehensiveincomenetoftax": 39000000
    },
    {
        "date": "2014-06-29",
        "symbol": "L",
        "period": "Q2",
        "premiumsearnednet": 1811000000,
        "netinvestmentincomeandgainslossesontradingsecurities": 550000000,
        "impairmentofinvestments": 5000000,
        "otherthantemporaryimpairmentlossesinvestmentsportionrecognizedinearningsnet": 4000000,
        "availableforsalesecuritiesgrossrealizedgainlossexcludingotherthantemporaryimpairments": -9000000,
        "availableforsalesecuritiesgrossrealizedgainlossnet": -19000000,
        "revenueoilandgasservices": 650000000,
        "otherincome": 295000000,
        "revenues": 295000000,
        "policyholderbenefitsandclaimsincurrednet": 1441000000,
        "deferredpolicyacquisitioncostamortizationexpense": 335000000,
        "contractrevenuecost": 395000000,
        "othercostandexpenseoperating": 201000000,
        "interestexpense": 40000000,
        "benefitslossesandexpenses": 241000000,
        "incomelossfromcontinuingoperationsbeforeincometaxesminorityinterestandincomelossfromequitymethodinvestments": -135000000,
        "incometaxexpensebenefit": -6000000,
        "incomelossfromcontinuingoperationsincludingportionattributabletononcontrollinginterest": -135000000,
        "incomelossfromdiscontinuedoperationsnetoftax": 6000000,
        "profitloss": -135000000,
        "netincomelossattributabletononcontrollinginterest": 27000000,
        "netincomeloss": 17000000,
        "incomelossfromcontinuingoperations": 323000000,
        "incomelossfromdiscontinuedoperationsnetoftaxattributabletoreportingentity": 5000000,
        "incomelossfromcontinuingoperationsperbasicanddilutedshare": 0.84,
        "discontinuedoperationincomelossfromdiscontinuedoperationnetoftaxperbasicanddilutedshare": -0.54,
        "earningspersharebasicanddiluted": 0.30000000000000004,
        "commonstockdividendspersharecashpaid": 0.0625,
        "weightedaveragenumberofsharesoutstandingbasic": -0.8100000000000023,
        "weightedaveragenumberdilutedsharesoutstandingadjustment": -0.04999999999999993,
        "weightedaveragenumberofdilutedsharesoutstanding": -0.8600000000000136,
        "otherthantemporaryimpairmentlossesinvestmentsportioninothercomprehensiveincomelossnetoftaxincludingportionattributabletononcontrollinginterest": -2000000,
        "othercomprehensiveincomelossavailableforsalesecuritiesadjustmentnetoftax": 270000000,
        "unrealizedgainslossesonavailableforsaleinvestments": 272000000,
        "othercomprehensiveincomelosspensionandotherpostretirementbenefitplansadjustmentnetoftax": 53000000,
        "othercomprehensiveincomelossforeigncurrencytransactionandtranslationadjustmentnetoftax": 42000000,
        "othercomprehensiveincomelossnetoftax": 27000000,
        "comprehensiveincomenetoftaxincludingportionattributabletononcontrollinginterest": 486000000,
        "comprehensiveincomenetoftaxattributabletononcontrollinginterest": 126000000,
        "comprehensiveincomenetoftax": 360000000
    },
    {
        "date": "2014-03-30",
        "symbol": "L",
        "period": "Q1",
        "premiumsearnednet": 1806000000,
        "netinvestmentincomeandgainslossesontradingsecurities": 526000000,
        "impairmentofinvestments": 2000000,
        "otherthantemporaryimpairmentlossesinvestmentsportionrecognizedinearningsnet": 2000000,
        "availableforsalesecuritiesgrossrealizedgainlossexcludingotherthantemporaryimpairments": 44000000,
        "availableforsalesecuritiesgrossrealizedgainlossnet": 38000000,
        "revenueoilandgasservices": 685000000,
        "otherincome": 357000000,
        "revenues": 357000000,
        "policyholderbenefitsandclaimsincurrednet": 1446000000,
        "deferredpolicyacquisitioncostamortizationexpense": 329000000,
        "contractrevenuecost": 370000000,
        "othercostandexpenseoperating": 293000000,
        "interestexpense": 41000000,
        "benefitslossesandexpenses": 334000000,
        "incomelossfromcontinuingoperationsbeforeincometaxesminorityinterestandincomelossfromequitymethodinvestments": -377000000,
        "incometaxexpensebenefit": -1000000,
        "incomelossfromcontinuingoperationsincludingportionattributabletononcontrollinginterest": -377000000,
        "incomelossfromdiscontinuedoperationsnetoftax": -207000000,
        "profitloss": -377000000,
        "netincomelossattributabletononcontrollinginterest": 52000000,
        "netincomeloss": -18000000,
        "incomelossfromcontinuingoperations": 245000000,
        "incomelossfromdiscontinuedoperationsnetoftaxattributabletoreportingentity": -186000000,
        "incomelossfromcontinuingoperationsperbasicanddilutedshare": 0.63,
        "discontinuedoperationincomelossfromdiscontinuedoperationnetoftaxperbasicanddilutedshare": -0.48,
        "earningspersharebasicanddiluted": 0.15,
        "commonstockdividendspersharecashpaid": 0.0625,
        "weightedaveragenumberofsharesoutstandingbasic": 387.34,
        "weightedaveragenumberdilutedsharesoutstandingadjustment": 0.73,
        "weightedaveragenumberofdilutedsharesoutstanding": 388.07,
        "otherthantemporaryimpairmentlossesinvestmentsportioninothercomprehensiveincomelossnetoftaxincludingportionattributabletononcontrollinginterest": -12000000,
        "othercomprehensiveincomelossavailableforsalesecuritiesadjustmentnetoftax": 237000000,
        "unrealizedgainslossesonavailableforsaleinvestments": 249000000,
        "unrealizedgainsondiscontinuedoperations": 8000000,
        "othercomprehensiveincomelosspensionandotherpostretirementbenefitplansadjustmentnetoftax": 1000000,
        "othercomprehensiveincomelossforeigncurrencytransactionandtranslationadjustmentnetoftax": -6000000,
        "othercomprehensiveincomelossnetoftax": 26000000,
        "comprehensiveincomenetoftaxincludingportionattributabletononcontrollinginterest": 434000000,
        "comprehensiveincomenetoftaxattributabletononcontrollinginterest": 151000000,
        "comprehensiveincomenetoftax": 283000000
    },
    {
        "date": "2013-09-29",
        "symbol": "L",
        "period": "Q3",
        "premiumsearnednet": 1825000000,
        "netinvestmentincomeandgainslossesontradingsecurities": 647000000,
        "impairmentofinvestments": 15000000,
        "otherthantemporaryimpairmentlossesinvestmentsportioninothercomprehensiveincomelossbeforetaxincludingportionattributabletononcontrollinginterestavailableforsalesecurities": 2000000,
        "otherthantemporaryimpairmentlossesinvestmentsportionrecognizedinearningsnet": 12000000,
        "availableforsalesecuritiesgrossrealizedgainlossexcludingotherthantemporaryimpairments": 21000000,
        "availableforsalesecuritiesgrossrealizedgainlossnet": 7000000,
        "revenueoilandgasservices": 691000000,
        "otherincome": 537000000,
        "revenues": 288000000,
        "policyholderbenefitsandclaimsincurrednet": 1414000000,
        "deferredpolicyacquisitioncostamortizationexpense": 341000000,
        "contractrevenuecost": 420000000,
        "othercostandexpenseoperating": 900000000,
        "interestexpense": 109000000,
        "benefitslossesandexpenses": 3184000000,
        "incomelossfromcontinuingoperationsbeforeincometaxesminorityinterestandincomelossfromequitymethodinvestments": 520000000,
        "incometaxexpensebenefit": -5000000,
        "profitloss": 384000000,
        "netincomelossattributabletononcontrollinginterest": 102000000,
        "netincomeloss": 19000000,
        "earningspersharebasic": 0.73,
        "earningspersharediluted": 0.73,
        "commonstockdividendspersharecashpaid": 0.0625,
        "weightedaveragenumberofsharesoutstandingbasic": 387260000,
        "weightedaveragenumberdilutedsharesoutstandingadjustment": 880000,
        "weightedaveragenumberofdilutedsharesoutstanding": 388140000,
        "otherthantemporaryimpairmentlossesinvestmentsportioninothercomprehensiveincomelossnetoftaxincludingportionattributabletononcontrollinginterest": 3000000,
        "othercomprehensiveincomelossavailableforsalesecuritiesadjustmentnetoftax": -70000000,
        "unrealizedgainslossesonavailableforsaleinvestments": -73000000,
        "othercomprehensiveincomelossderivativesqualifyingashedgesnetoftax": -3000000,
        "othercomprehensiveincomelosspensionandotherpostretirementbenefitplansadjustmentnetoftax": -3000000,
        "othercomprehensiveincomelossforeigncurrencytransactionandtranslationadjustmentnetoftax": 56000000,
        "othercomprehensiveincomelossnetoftax": -17000000,
        "comprehensiveincomenetoftaxincludingportionattributabletononcontrollinginterest": 367000000,
        "comprehensiveincomenetoftaxattributabletononcontrollinginterest": 102000000,
        "comprehensiveincomenetoftax": 265000000
    },
    {
        "date": "2013-06-29",
        "symbol": "L",
        "period": "Q2",
        "premiumsearnednet": 1800000000,
        "netinvestmentincomeandgainslossesontradingsecurities": 579000000,
        "impairmentofinvestments": 16000000,
        "otherthantemporaryimpairmentlossesinvestmentsportionrecognizedinearningsnet": 16000000,
        "availableforsalesecuritiesgrossrealizedgainlossexcludingotherthantemporaryimpairments": 2000000,
        "availableforsalesecuritiesgrossrealizedgainlossnet": -5000000,
        "revenueoilandgasservices": 745000000,
        "otherincome": 615000000,
        "revenues": 304000000,
        "policyholderbenefitsandclaimsincurrednet": 1521000000,
        "deferredpolicyacquisitioncostamortizationexpense": 335000000,
        "contractrevenuecost": 369000000,
        "othercostandexpenseoperating": 807000000,
        "interestexpense": 112000000,
        "benefitslossesandexpenses": 3144000000,
        "incomelossfromcontinuingoperationsbeforeincometaxesminorityinterestandincomelossfromequitymethodinvestments": 67000000,
        "incometaxexpensebenefit": -2000000,
        "profitloss": 412000000,
        "netincomelossattributabletononcontrollinginterest": 143000000,
        "netincomeloss": 22000000,
        "earningspersharebasic": 0.69,
        "earningspersharediluted": 0.69,
        "commonstockdividendspersharecashpaid": 0.0625,
        "weightedaveragenumberofsharesoutstandingbasic": 388790000,
        "weightedaveragenumberdilutedsharesoutstandingadjustment": 830000,
        "weightedaveragenumberofdilutedsharesoutstanding": 389620000,
        "otherthantemporaryimpairmentlossesinvestmentsportioninothercomprehensiveincomelossnetoftaxportionattributabletoparentavailableforsalesecurities": 8000000,
        "othercomprehensiveincomelossavailableforsalesecuritiesadjustmentnetoftax": -585000000,
        "totalunrealizedgainslossesonavailableforsaleinvestments": -593000000,
        "othercomprehensiveincomelossderivativesqualifyingashedgesnetoftax": 10000000,
        "othercomprehensiveincomelosspensionandotherpostretirementbenefitplansadjustmentnetoftax": -5000000,
        "othercomprehensiveincomelossforeigncurrencytransactionandtranslationadjustmentnetoftax": -13000000,
        "othercomprehensiveincomelossnetoftax": -591000000,
        "comprehensiveincomenetoftaxincludingportionattributabletononcontrollinginterest": -179000000,
        "comprehensiveincomenetoftaxattributabletononcontrollinginterest": 83000000,
        "comprehensiveincomenetoftax": -262000000
    },
    {
        "date": "2013-03-30",
        "symbol": "L",
        "period": "Q1",
        "premiumsearnednet": 1764000000,
        "netinvestmentincomeandgainslossesontradingsecurities": 1000000,
        "impairmentofinvestments": 18000000,
        "otherthantemporaryimpairmentlossesinvestmentsportionrecognizedinearningsnet": 18000000,
        "availableforsalesecuritiesgrossrealizedgainlossexcludingotherthantemporaryimpairments": 42000000,
        "availableforsalesecuritiesgrossrealizedgainlossnet": 24000000,
        "revenueoilandgasservices": 700000000,
        "otherincome": 31000000,
        "revenues": 2503000000,
        "policyholderbenefitsandclaimsincurrednet": 1429000000,
        "deferredpolicyacquisitioncostamortizationexpense": 328000000,
        "contractrevenuecost": 375000000,
        "othercostandexpenseoperating": 144000000,
        "interestexpense": 8000000,
        "benefitslossesandexpenses": 527000000,
        "incomelossfromcontinuingoperationsbeforeincometaxesminorityinterestandincomelossfromequitymethodinvestments": 364000000,
        "incometaxexpensebenefit": 36000000,
        "profitloss": 169000000,
        "netincomelossattributabletononcontrollinginterest": 87000000,
        "netincomeloss": 226000000,
        "earningspersharebasic": 0.62,
        "earningspersharediluted": 0.62,
        "commonstockdividendspersharecashpaid": 0.0625,
        "weightedaveragenumberofsharesoutstandingbasic": 391390000,
        "weightedaveragenumberdilutedsharesoutstandingadjustment": 770000,
        "weightedaveragenumberofdilutedsharesoutstanding": 392160000,
        "otherthantemporaryimpairmentlossesinvestmentsportioninothercomprehensiveincomelossnetoftaxportionattributabletoparentavailableforsalesecurities": -14000000,
        "othercomprehensiveincomelossavailableforsalesecuritiesadjustmentnetoftax": -62000000,
        "totalunrealizedgainslossesonavailableforsaleinvestments": -48000000,
        "othercomprehensiveincomelossderivativesqualifyingashedgesnetoftax": -21000000,
        "othercomprehensiveincomelosspensionandotherpostretirementbenefitplansadjustmentnetoftax": -4000000,
        "othercomprehensiveincomelossforeigncurrencytransactionandtranslationadjustmentnetoftax": -61000000,
        "othercomprehensiveincomelossnetoftax": -62000000,
        "comprehensiveincomenetoftaxincludingportionattributabletononcontrollinginterest": 272000000,
        "comprehensiveincomenetoftaxattributabletononcontrollinginterest": 142000000,
        "comprehensiveincomenetoftax": 130000000
    },
    {
        "date": "2012-09-29",
        "symbol": "L",
        "period": "Q3",
        "premiumsearnednet": 1781000000,
        "netinvestmentincomeandgainslossesontradingsecurities": -384000000,
        "impairmentofinvestments": 62000000,
        "otherthantemporaryimpairmentlossesinvestmentsportioninothercomprehensiveincomelossbeforetaxincludingportionattributabletononcontrollinginterestavailableforsalesecurities": 2000000,
        "otherthantemporaryimpairmentlossesinvestmentsportionrecognizedinearningsnet": 64000000,
        "othernetinvestmentgainslosses": 71000000,
        "totalrealizedinvestmentgainslossesnetofparticipatingpolicyholdersinterests": -39000000,
        "contractdrillingrevenues": 714000000,
        "otherincome": -548000000,
        "revenues": 2465000000,
        "policyholderbenefitsandclaimsincurrednet": 1435000000,
        "deferredpolicyacquisitioncostamortizationexpense": 333000000,
        "contractdrillingexpenses": 358000000,
        "othercostandexpenseoperating": -682000000,
        "interestexpense": -76000000,
        "benefitslossesandexpenses": -1660000000,
        "incomelossfromcontinuingoperationsbeforeincometaxes": 314000000,
        "incometaxexpensebenefit": 99000000,
        "profitloss": -21000000,
        "netincomelossattributabletononcontrollinginterest": 46000000,
        "netincomeloss": 200000000,
        "earningspersharebasic": 0.44999999999999984,
        "earningspersharediluted": 0.45000000000000007,
        "commonstockdividendspersharecashpaid": 0.0625,
        "weightedaveragenumberofsharesoutstandingbasic": -397290000,
        "weightedaveragenumberdilutedsharesoutstandingadjustment": -640000,
        "weightedaveragenumberofdilutedsharesoutstanding": -397930000,
        "totalunrealizedgainsonavailableforsaleinvestments": 227000000,
        "comprehensiveincomenetoftaxincludingportionattributabletononcontrollinginterest": 553000000,
        "comprehensiveincomenetoftaxattributabletononcontrollinginterest": 160000000,
        "comprehensiveincomenetoftax": 393000000
    },
    {
        "date": "2012-06-29",
        "symbol": "L",
        "period": "Q2",
        "premiumsearnednet": 1668000000,
        "netinvestmentincomeandgainslossesontradingsecurities": 386000000,
        "impairmentofinvestments": 12000000,
        "otherthantemporaryimpairmentlossesinvestmentsportioninothercomprehensiveincomelossbeforetaxincludingportionattributabletononcontrollinginterestavailableforsalesecurities": 11000000,
        "otherthantemporaryimpairmentlossesinvestmentsportionrecognizedinearningsnet": 23000000,
        "othernetinvestmentgainslosses": 43000000,
        "totalrealizedinvestmentgainslossesnetofparticipatingpolicyholdersinterests": 4000000,
        "contractdrillingrevenues": 726000000,
        "otherincome": 588000000,
        "revenues": 2246000000,
        "policyholderbenefitsandclaimsincurrednet": 1348000000,
        "deferredpolicyacquisitioncostamortizationexpense": 309000000,
        "contractdrillingexpenses": 405000000,
        "othercostandexpenseoperating": 1001000000,
        "interestexpense": 111000000,
        "benefitslossesandexpenses": 3174000000,
        "incomelossfromcontinuingoperationsbeforeincometaxes": 233000000,
        "incometaxexpensebenefit": 16000000,
        "profitloss": 198000000,
        "netincomelossattributabletononcontrollinginterest": 142000000,
        "netincomeloss": 151000000,
        "earningspersharebasic": 0.14,
        "earningspersharediluted": 0.14,
        "commonstockdividendspersharecashpaid": 0.0625,
        "weightedaveragenumberofsharesoutstandingbasic": 396400000,
        "weightedaveragenumberdilutedsharesoutstandingadjustment": 730000,
        "weightedaveragenumberofdilutedsharesoutstanding": 397130000,
        "otherthantemporaryimpairmentlossesinvestmentsportioninothercomprehensiveincomelossnetoftaxportionattributabletoparentavailableforsalesecurities": 3000000,
        "othercomprehensiveincomelossavailableforsalesecuritiesadjustmentnetoftax": 120000000,
        "totalunrealizedgainsonavailableforsaleinvestments": 117000000,
        "othercomprehensiveincomelossderivativesqualifyingashedgesnetoftax": -2000000,
        "othercomprehensiveincomelossforeigncurrencytransactionandtranslationadjustmentnetoftax": -19000000,
        "othercomprehensiveincomelosspensionandotherpostretirementbenefitplansadjustmentnetoftax": -4000000,
        "othercomprehensiveincomelossnetoftax": 100000000,
        "comprehensiveincomenetoftaxincludingportionattributabletononcontrollinginterest": 298000000,
        "comprehensiveincomenetoftaxattributabletononcontrollinginterest": 150000000,
        "comprehensiveincomenetoftax": 148000000
    },
    {
        "date": "2012-03-30",
        "symbol": "L",
        "period": "Q1",
        "premiumsearnednet": 1649000000,
        "netinvestmentincomeandgainslossesontradingsecurities": 2000000,
        "impairmentofinvestments": 15000000,
        "otherthantemporaryimpairmentlossesinvestmentsportioninothercomprehensiveincomelossbeforetaxincludingportionattributabletononcontrollinginterestavailableforsalesecurities": 12000000,
        "otherthantemporaryimpairmentlossesinvestmentsportionrecognizedinearningsnet": 27000000,
        "othernetinvestmentgainslosses": 59000000,
        "totalrealizedinvestmentgainslossesnetofparticipatingpolicyholdersinterests": 32000000,
        "contractdrillingrevenues": 755000000,
        "otherincome": 80000000,
        "revenues": 2401000000,
        "policyholderbenefitsandclaimsincurrednet": 1381000000,
        "deferredpolicyacquisitioncostamortizationexpense": 295000000,
        "contractdrillingexpenses": 397000000,
        "othercostandexpenseoperating": 71000000,
        "interestexpense": 2000000,
        "benefitslossesandexpenses": 73000000,
        "incomelossfromcontinuingoperationsbeforeincometaxes": 366000000,
        "incometaxexpensebenefit": 222000000,
        "profitloss": 367000000,
        "netincomelossattributabletononcontrollinginterest": 92000000,
        "netincomeloss": 226000000,
        "earningspersharebasic": 0.93,
        "earningspersharediluted": 0.92,
        "commonstockdividendspersharecashpaid": 0.0625,
        "weightedaveragenumberofsharesoutstandingbasic": 396770000,
        "weightedaveragenumberdilutedsharesoutstandingadjustment": 670000,
        "weightedaveragenumberofdilutedsharesoutstanding": 397440000,
        "othercomprehensiveincomenetunrealizedgainsandlossesonotherthantemporarilyimpairedsecuritiesnetoftax": -40000000,
        "othercomprehensiveincomenetunrealizedgainsandlossesonsecuritiesnototherthantemporarilyimpairednetoftax": -217000000,
        "totalunrealizedgainsonavailableforsaleinvestments": 257000000,
        "othercomprehensiveincomederivativesqualifyingashedgesnetoftaxperiodincreasedecrease": 15000000,
        "othercomprehensiveincomeforeigncurrencytransactionandtranslationadjustmentnetoftaxperiodincreasedecrease": 21000000,
        "othercomprehensiveincomedefinedbenefitplansadjustmentnetoftaxperiodincreasedecrease": 7000000,
        "othercomprehensiveincomelossnetoftaxperiodincreasedecrease": 31000000,
        "comprehensiveincomenetoftaxincludingportionattributabletononcontrollinginterest": 819000000,
        "comprehensiveincomenetoftaxattributabletononcontrollinginterest": 183000000,
        "comprehensiveincomenetoftax": 636000000
    },
    {
        "date": "2011-09-29",
        "symbol": "L",
        "period": "Q3",
        "premiumsearnednet": 1732000000,
        "totalrealizedinvestmentlossesnetofparticipatingpolicyholdersinterests": -27000000,
        "contractdrillingrevenues": 861000000,
        "otherincome": -369000000,
        "revenues": 2176000000,
        "policyholderbenefitsandclaimsincurrednet": 1400000000,
        "deferredpolicyacquisitioncostamortizationexpense": 356000000,
        "contractdrillingexpenses": 392000000,
        "othercostandexpenseoperating": -601000000,
        "interestexpense": -124000000,
        "benefitslossesandexpenses": -2830000000,
        "incomelossfromcontinuingoperationsbeforeincometaxes": 127000000,
        "incometaxexpensebenefit": -318000000,
        "profitloss": 7000000,
        "netincomelossattributabletononcontrollinginterest": 104000000,
        "netincomeloss": 69000000,
        "commonstockdividendspersharecashpaid": 0.0625,
        "weightedaveragenumberofsharesoutstandingbasic": 407199179.28000003,
        "weightedaveragenumberdilutedsharesoutstandingadjustment": 849998.1499999999,
        "weightedaveragenumberofdilutedsharesoutstanding": 408049177.43,
        "othercomprehensiveincomenetunrealizedgainsandlossesonotherthantemporarilyimpairedsecuritiesnetoftax": 14000000,
        "othercomprehensiveincomenetunrealizedgainsandlossesonsecuritiesnototherthantemporarilyimpairednetoftax": -219000000,
        "othercomprehensiveincomederivativesqualifyingashedgesnetoftaxperiodincreasedecrease": 8000000,
        "othercomprehensiveincomeforeigncurrencytransactionandtranslationadjustmentnetoftaxperiodincreasedecrease": -54000000,
        "othercomprehensiveincomelossnetoftaxperiodincreasedecrease": -264000000,
        "comprehensiveincomenetoftaxincludingportionattributabletononcontrollinginterest": 474000000,
        "comprehensiveincomenetoftaxattributabletononcontrollinginterest": 158000000,
        "comprehensiveincomenetoftax": 316000000
    },
    {
        "date": "2011-06-29",
        "symbol": "L",
        "period": "Q2",
        "premiumsearnednet": 1595000000,
        "netinvestmentincomeandgainslossesontradingsecurities": 519000000,
        "impairmentofinvestments": 41000000,
        "otherthantemporaryimpairmentlossesinvestmentsportioninothercomprehensiveincomelossbeforetaxincludingportionattributabletononcontrollinginterestavailableforsalesecurities": -21000000,
        "otherthantemporaryimpairmentlossesinvestmentsportionrecognizedinearningsnet": 62000000,
        "transactionalrealizedgainslosses": 81000000,
        "totalrealizedinvestmentlossesnetofparticipatingpolicyholdersinterests": 19000000,
        "contractdrillingrevenues": 870000000,
        "otherincome": 539000000,
        "revenues": 2202000000,
        "policyholderbenefitsandclaimsincurrednet": 1367000000,
        "deferredpolicyacquisitioncostamortizationexpense": 350000000,
        "contractdrillingexpenses": 388000000,
        "othercostandexpenseoperating": 757000000,
        "interestexpense": 129000000,
        "benefitslossesandexpenses": 2991000000,
        "incomelossfromcontinuingoperationsbeforeincometaxes": 182000000,
        "incometaxexpensebenefit": 144000000,
        "profitloss": 407000000,
        "netincomelossattributabletononcontrollinginterest": 155000000,
        "netincomeloss": 115000000,
        "earningspersharebasic": 0.62,
        "earningspersharediluted": 0.62,
        "commonstockdividendspersharecashpaid": 0.0625,
        "weightedaveragenumberofsharesoutstandingbasic": 407.82,
        "weightedaveragenumberdilutedsharesoutstandingadjustment": 0.92,
        "weightedaveragenumberofdilutedsharesoutstanding": 408.74,
        "othercomprehensiveincomenetunrealizedgainsandlossesonotherthantemporarilyimpairedsecuritiesnetoftax": -1000000,
        "othercomprehensiveincomenetunrealizedgainsandlossesonsecuritiesnototherthantemporarilyimpairednetoftax": -300000000,
        "totalunrealizedgainsonavailableforsaleinvestments": 301000000,
        "othercomprehensiveincomederivativesqualifyingashedgesnetoftaxperiodincreasedecrease": 6000000,
        "othercomprehensiveincomeforeigncurrencytransactionandtranslationadjustmentnetoftaxperiodincreasedecrease": 5000000,
        "othercomprehensiveincomedefinedbenefitplansadjustmentnetoftaxperiodincreasedecrease": 2000000,
        "othercomprehensiveincomelossnetoftaxperiodincreasedecrease": 314000000,
        "comprehensiveincomenetoftaxincludingportionattributabletononcontrollinginterest": 721000000,
        "comprehensiveincomenetoftaxattributabletononcontrollinginterest": 200000000,
        "comprehensiveincomenetoftax": 521000000
    },
    {
        "date": "2011-03-30",
        "symbol": "L",
        "period": "Q1",
        "premiumsearnednet": 1615000000,
        "netinvestmentincomeincludingrealizedgainslossesoninvestments": 41000000,
        "otherthantemporaryimpairmentlosses": 20000000,
        "portionofimpairmentlossrecognizedinothercomprehensiveincome": -21000000,
        "marketablesecuritiesrealizedgainlossotherthantemporaryimpairmentsamount": 28000000,
        "transactionalrealizedgainslosses": 64000000,
        "totalrealizedinvestmentlossesnetofparticipatingpolicyholdersinterests": 23000000,
        "contractdrillingrevenues": 789000000,
        "otherincome": 80000000,
        "revenues": 2324000000,
        "policyholderbenefitsandclaimsincurrednet": 1364000000,
        "deferredpolicyacquisitioncostamortizationexpense": 345000000,
        "contractdrillingexpenses": 362000000,
        "othercostandexpenseoperating": 75000000,
        "interestexpense": 2000000,
        "benefitslossesandexpenses": 77000000,
        "incomelossfromcontinuingoperationsbeforeincometaxes": 336000000,
        "incometaxexpensebenefit": 196000000,
        "profitloss": 382000000,
        "netincomelossattributabletononcontrollinginterest": 124000000,
        "netincomeloss": 202000000,
        "earningspersharebasicanddiluted": 0.92,
        "commonstockdividendspersharecashpaid": 0.0625,
        "weightedaveragenumberofsharesoutstandingbasic": 412.9,
        "weightedaveragenumberdilutedsharesoutstandingadjustment": 0.93,
        "weightedaveragenumberofdilutedsharesoutstanding": 413.83,
        "othercomprehensiveincomenetunrealizedgainsandlossesonotherthantemporarilyimpairedsecuritiesnetoftax": -38000000,
        "othercomprehensiveincomenetunrealizedgainsandlossesonsecuritiesnototherthantemporarilyimpairednetoftax": -23000000,
        "othercomprehensiveincomeavailableforsalesecuritiesadjustmentnetoftaxperiodincreasedecrease": 61000000,
        "othercomprehensiveincomederivativesqualifyingashedgesnetoftaxperiodincreasedecrease": -17000000,
        "othercomprehensiveincomeforeigncurrencytransactionandtranslationadjustmentnetoftaxperiodincreasedecrease": 26000000,
        "othercomprehensiveincomelossnetoftaxperiodincreasedecrease": 6000000,
        "comprehensiveincomenetoftaxincludingportionattributabletononcontrollinginterest": 635000000,
        "comprehensiveincomenetoftaxattributabletononcontrollinginterest": 189000000,
        "comprehensiveincomenetoftax": 446000000
    },
    {
        "date": "2010-09-29",
        "symbol": "L",
        "period": "Q3",
        "premiumsearnednet": 1645000000,
        "netinvestmentincomeincludingrealizedgainslossesoninvestments": 654000000,
        "otherthantemporaryimpairmentlosses": -41000000,
        "portionofimpairmentlossrecognizedinothercomprehensiveincome": -3000000,
        "marketablesecuritiesrealizedgainlossotherthantemporaryimpairmentsamount": 18000000,
        "transactionalrealizedgainslosses": 106000000,
        "totalrealizedinvestmentlossesnetofparticipatingpolicyholdersinterests": 62000000,
        "contractdrillingrevenues": 749000000,
        "otherincome": 591000000,
        "revenues": 2363000000,
        "policyholderbenefitsandclaimsincurrednet": 1343000000,
        "deferredpolicyacquisitioncostamortizationexpense": 351000000,
        "contractdrillingexpenses": 355000000,
        "othercostandexpenseoperating": 1267000000,
        "interestexpense": 127000000,
        "benefitslossesandexpenses": 3443000000,
        "incomelossfromcontinuingoperationsbeforeincometaxes": -166000000,
        "incometaxexpensebenefit": 84000000,
        "incomelossfromcontinuingoperationsincludingportionattributabletononcontrollinginterest": 174000000,
        "incomelossfromdiscontinuedoperationsnetoftax": 22000000,
        "profitloss": 152000000,
        "netincomelossattributabletononcontrollinginterest": 116000000,
        "netincomeloss": -103000000,
        "incomelossfromcontinuingoperations": 56000000,
        "incomelossfromdiscontinuedoperationsnetoftaxattributabletoreportingentity": -20000000,
        "netincomeattributabletoloewscommonstock": 36000000,
        "incomefromcontinuingoperationsperbasicanddilutedshare": 0.13,
        "incomefromdiscontinuedoperationsperbasicanddilutedshare": -0.04,
        "earningsperbasicanddilutedshare": 0.09,
        "commonstockdividendspersharecashpaid": 0.0625,
        "weightedaveragenumberofsharesoutstandingbasic": 417670000,
        "weightedaveragenumberdilutedsharesoutstandingadjustment": 800000,
        "weightedaveragenumberofdilutedsharesoutstanding": 418470000,
        "othercomprehensiveincomenetunrealizedgainsandlossesonotherthantemporarilyimpairedsecuritiesnetoftax": -39000000,
        "othercomprehensiveincomenetunrealizedgainsandlossesonsecuritiesnototherthantemporarilyimpairednetoftax": -720000000,
        "othercomprehensiveincomeavailableforsalesecuritiesadjustmentnetoftaxperiodincreasedecrease": 759000000,
        "othercomprehensiveincomederivativesqualifyingashedgesnetoftaxperiodincreasedecrease": 15000000,
        "othercomprehensiveincomeforeigncurrencytransactionandtranslationadjustmentnetoftaxperiodincreasedecrease": 38000000,
        "othercomprehensiveincomedefinedbenefitplansadjustmentnetoftaxperiodincreasedecrease": -2000000,
        "othercomprehensiveincomelossnetoftaxperiodincreasedecrease": 810000000,
        "comprehensiveincomenetoftaxincludingportionattributabletononcontrollinginterest": 962000000,
        "comprehensiveincomenetoftaxattributabletononcontrollinginterest": 206000000,
        "comprehensiveincomenetoftax": 756000000
    },
    {
        "date": "2010-03-30",
        "symbol": "L",
        "period": "Q1",
        "premiumsearnednet": 1615000000,
        "netinvestmentincomeincludingrealizedgainslossesoninvestments": 617000000,
        "marketablesecuritiesrealizedgainlossotherthantemporaryimpairmentsamount": 90000000,
        "portionofimpairmentlossrecognizedinothercomprehensiveincome": 30000000,
        "netotherthantemporaryimpairments": 60000000,
        "transactionalrealizedgainslosses": 81000000,
        "totalrealizedinvestmentlossesnetofparticipatingpolicyholdersinterests": 21000000,
        "contractdrillingrevenues": 844000000,
        "otherincome": 616000000,
        "revenues": 3713000000,
        "policyholderbenefitsandclaimsincurrednet": 1308000000,
        "deferredpolicyacquisitioncostamortizationexpense": 342000000,
        "contractdrillingexpenses": 305000000,
        "othercostandexpenseoperating": 732000000,
        "interestexpense": 130000000,
        "benefitslossesandexpenses": 2817000000,
        "incomelossfromcontinuingoperationsbeforeincometaxes": 896000000,
        "incometaxexpensebenefit": 273000000,
        "profitloss": 420000000,
        "netincomelossattributabletononcontrollinginterest": 203000000,
        "netincomeloss": 420000000,
        "basicanddilutednetincomelosspershare": 0.99,
        "commonstockdividendspersharecashpaid": 0.0625,
        "weightedaveragenumberofsharesoutstandingbasic": 422770000,
        "weightedaveragenumberdilutedsharesoutstandingadjustment": 870000,
        "weightedaveragenumberofdilutedsharesoutstanding": 423640000,
        "othercomprehensiveincomenetunrealizedgainsandlossesonotherthantemporarilyimpairedsecuritiesnetoftax": -25000000,
        "othercomprehensiveincomenetunrealizedgainsandlossesonsecuritiesnototherthantemporarilyimpairednetoftax": -307000000,
        "othercomprehensiveincomeavailableforsalesecuritiesadjustmentnetoftaxperiodincreasedecrease": 332000000,
        "othercomprehensiveincomederivativesqualifyingashedgesnetoftaxperiodincreasedecrease": 61000000,
        "othercomprehensiveincomeforeigncurrencytransactionandtranslationadjustmentnetoftaxperiodincreasedecrease": -10000000,
        "othercomprehensiveincomedefinedbenefitplansadjustmentnetoftaxperiodincreasedecrease": 2000000,
        "othercomprehensiveincomelossnetoftaxperiodincreasedecrease": 42000000,
        "comprehensiveincomenetoftaxincludingportionattributabletononcontrollinginterest": 1008000000,
        "comprehensiveincomenetoftaxattributabletononcontrollinginterest": 245000000,
        "comprehensiveincomenetoftax": 763000000
    }
]