[
    {
        "date": "2024-09-27",
        "symbol": "NUE",
        "period": "Q3",
        "revenuefromcontractwithcustomerexcludingassessedtax": -3850420000,
        "costofgoodsandservicessold": 6686226000,
        "sellinggeneralandadministrativeexpense": 244657000,
        "incomelossfromequitymethodinvestments": 5278000,
        "lossesandimpairmentsofassets": 123000000,
        "interestrevenueexpensenet": -7282000,
        "costsandexpensesoperatingandnonoperating": 7055887000,
        "incomelossfromcontinuingoperationsbeforeincometaxesextraordinaryitemsnoncontrollinginterest": 388273000,
        "incometaxexpensebenefit": 85448000,
        "profitloss": 52915000,
        "netincomelossattributabletononcontrollinginterest": 52915000,
        "netincomeloss": 249910000,
        "earningspersharebasic": 1.05,
        "earningspersharediluted": 1.05,
        "weightedaveragenumberofsharesoutstandingbasic": 236462000,
        "weightedaveragenumberofdilutedsharesoutstanding": 236768000,
        "othercomprehensiveincomelosscashflowhedgegainlossbeforereclassificationaftertax": -6055000,
        "othercomprehensiveincomelosscashflowhedgegainlossreclassificationaftertax": -5955000,
        "othercomprehensiveincomeforeigncurrencytransactionandtranslationgainlossarisingduringperiodnetoftax": 9505000,
        "othercomprehensiveincomelossnetoftax": 9405000,
        "comprehensiveincomenetoftaxincludingportionattributabletononcontrollinginterest": 312230000,
        "comprehensiveincomenetoftaxattributabletononcontrollinginterest": 52915000,
        "comprehensiveincomenetoftax": 259315000,
        "othercomprehensiveincomenetunrealizedgainlossonderivativesarisingduringperiodtax": -1900000,
        "othercomprehensiveincomelossreclassificationadjustmentgainlossonsettlementsfromaocionderivativestax": 1800000
    },
    {
        "date": "2024-06-28",
        "symbol": "NUE",
        "period": "Q2",
        "revenuefromcontractwithcustomerexcludingassessedtax": -16711479000,
        "costofgoodsandservicessold": 6883117000,
        "sellinggeneralandadministrativeexpense": 307230000,
        "incomelossfromequitymethodinvestments": 9032000,
        "interestrevenueexpensenet": 2306000,
        "costsandexpensesoperatingandnonoperating": 7179009000,
        "incomelossfromcontinuingoperationsbeforeincometaxesextraordinaryitemsnoncontrollinginterest": 898163000,
        "incometaxexpensebenefit": 186020000,
        "profitloss": -777915000,
        "netincomelossattributabletononcontrollinginterest": 66926000,
        "netincomeloss": 645217000,
        "earningspersharebasic": 2.6900000000000004,
        "earningspersharediluted": 2.6799999999999997,
        "weightedaveragenumberofsharesoutstandingbasic": 241329000,
        "weightedaveragenumberofdilutedsharesoutstanding": 241528000,
        "othercomprehensiveincomelosscashflowhedgegainlossbeforereclassificationaftertax": 125000,
        "othercomprehensiveincomelosscashflowhedgegainlossreclassificationaftertax": -7475000,
        "othercomprehensiveincomeforeigncurrencytransactionandtranslationgainlossarisingduringperiodnetoftax": -7798000,
        "othercomprehensiveincomelossnetoftax": -198000,
        "comprehensiveincomenetoftaxincludingportionattributabletononcontrollinginterest": 711945000,
        "comprehensiveincomenetoftaxattributabletononcontrollinginterest": 66926000,
        "comprehensiveincomenetoftax": 645019000,
        "othercomprehensiveincomenetunrealizedgainlossonderivativesarisingduringperiodtax": 0,
        "othercomprehensiveincomelossreclassificationadjustmentgainlossonsettlementsfromaocionderivativestax": 2400000
    },
    {
        "date": "2024-03-29",
        "symbol": "NUE",
        "period": "Q2",
        "revenuefromcontractwithcustomerexcludingassessedtax": 8137083000,
        "costofgoodsandservicessold": 6613903000,
        "sellinggeneralandadministrativeexpense": 345395000,
        "incomelossfromequitymethodinvestments": 9769000,
        "interestrevenueexpensenet": 37787000,
        "costsandexpensesoperatingandnonoperating": 6911742000,
        "incomelossfromcontinuingoperationsbeforeincometaxesextraordinaryitemsnoncontrollinginterest": 1225341000,
        "incometaxexpensebenefit": 266379000,
        "profitloss": 958962000,
        "netincomelossattributabletononcontrollinginterest": 114121000,
        "netincomeloss": 844841000,
        "earningspersharebasic": 3.46,
        "earningspersharediluted": 3.46,
        "weightedaveragenumberofsharesoutstandingbasic": 243098000,
        "weightedaveragenumberofdilutedsharesoutstanding": 243497000,
        "othercomprehensiveincomelosscashflowhedgegainlossbeforereclassificationaftertax": -5241000,
        "othercomprehensiveincomelosscashflowhedgegainlossreclassificationaftertax": -5341000,
        "othercomprehensiveincomeforeigncurrencytransactionandtranslationgainlossarisingduringperiodnetoftax": -15468000,
        "othercomprehensiveincomelossnetoftax": -15368000,
        "comprehensiveincomenetoftaxincludingportionattributabletononcontrollinginterest": 943594000,
        "comprehensiveincomenetoftaxattributabletononcontrollinginterest": 114121000,
        "comprehensiveincomenetoftax": 829473000,
        "othercomprehensiveincomenetunrealizedgainlossonderivativesarisingduringperiodtax": -1700000,
        "othercomprehensiveincomelossreclassificationadjustmentgainlossonsettlementsfromaocionderivativestax": 1800000
    },
    {
        "date": "2023-12-30",
        "symbol": "NUE",
        "period": "FY",
        "revenuefromcontractwithcustomerexcludingassessedtax": 34713501000,
        "costofgoodsandservicessold": 26899107000,
        "sellinggeneralandadministrativeexpense": 1584052000,
        "incomelossfromequitymethodinvestments": 12783000,
        "interestrevenueexpensenet": 29632000,
        "costsandexpensesoperatingandnonoperating": 28440744000,
        "incomelossfromcontinuingoperationsbeforeincometaxesextraordinaryitemsnoncontrollinginterest": 6272757000,
        "incometaxexpensebenefit": 1359966000,
        "profitloss": 4912791000,
        "netincomelossattributabletononcontrollinginterest": 387990000,
        "netincomeloss": 4524801000,
        "earningspersharebasic": 18.05,
        "earningspersharediluted": 18,
        "othercomprehensiveincomelosscashflowhedgegainlossbeforereclassificationaftertax": -52077000,
        "othercomprehensiveincomelosscashflowhedgegainlossreclassificationaftertax": -12077000,
        "othercomprehensiveincomeforeigncurrencytransactionandtranslationgainlossarisingduringperiodnetoftax": 21041000,
        "othercomprehensiveincomelosspensionandotherpostretirementbenefitplansadjustmentbeforereclassificationadjustmentsnetoftax": 4787000,
        "othercomprehensiveincomelossreclassificationadjustmentfromaocipensionandotherpostretirementbenefitplansfornetgainlossnetoftax": 809000,
        "othercomprehensiveincomelossnetoftax": -24555000,
        "comprehensiveincomenetoftaxincludingportionattributabletononcontrollinginterest": 4888236000,
        "comprehensiveincomenetoftaxattributabletononcontrollinginterest": 387990000,
        "comprehensiveincomenetoftax": 4500246000,
        "othercomprehensiveincomenetunrealizedgainlossonderivativesarisingduringperiodtax": -16500000,
        "othercomprehensiveincomelossreclassificationadjustmentgainlossonsettlementsfromaocionderivativestax": 3800000,
        "othercomprehensiveincomelosspensionandotherpostretirementbenefitplanstax": 1538000,
        "othercomprehensiveincomelossreclassificationadjustmentfromaocipensionandotherpostretirementbenefitplansfornetgainlosstax": -255000
    },
    {
        "date": "2023-09-29",
        "symbol": "NUE",
        "period": "Q4",
        "revenuefromcontractwithcustomerexcludingassessedtax": 8775734000,
        "costofgoodsandservicessold": 6854934000,
        "sellinggeneralandadministrativeexpense": 385768000,
        "incomelossfromequitymethodinvestments": -1083000,
        "interestrevenueexpensenet": 14133000,
        "costsandexpensesoperatingandnonoperating": 7227652000,
        "incomelossfromcontinuingoperationsbeforeincometaxesextraordinaryitemsnoncontrollinginterest": 1548082000,
        "incometaxexpensebenefit": 326827000,
        "profitloss": 1221255000,
        "netincomelossattributabletononcontrollinginterest": 79749000,
        "netincomeloss": 1141506000,
        "earningspersharebasic": 4.58,
        "earningspersharediluted": 4.57,
        "weightedaveragenumberofsharesoutstandingbasic": 248504000,
        "weightedaveragenumberofdilutedsharesoutstanding": 248916000,
        "othercomprehensiveincomelosscashflowhedgegainlossbeforereclassificationaftertax": -4779000,
        "othercomprehensiveincomelosscashflowhedgegainlossreclassificationaftertax": -3579000,
        "othercomprehensiveincomeforeigncurrencytransactionandtranslationgainlossarisingduringperiodnetoftax": -18655000,
        "othercomprehensiveincomelossnetoftax": -19855000,
        "comprehensiveincomenetoftaxincludingportionattributabletononcontrollinginterest": 1201400000,
        "comprehensiveincomenetoftaxattributabletononcontrollinginterest": 79749000,
        "comprehensiveincomenetoftax": 1121651000,
        "othercomprehensiveincomenetunrealizedgainlossonderivativesarisingduringperiodtax": -1500000,
        "othercomprehensiveincomelossreclassificationadjustmentgainlossonsettlementsfromaocionderivativestax": 1100000
    },
    {
        "date": "2023-06-30",
        "symbol": "NUE",
        "period": "Q2",
        "revenuefromcontractwithcustomerexcludingassessedtax": -5049952000,
        "costofgoodsandservicessold": 7021582000,
        "sellinggeneralandadministrativeexpense": 453388000,
        "incomelossfromequitymethodinvestments": 6094000,
        "interestrevenueexpensenet": -4598000,
        "costsandexpensesoperatingandnonoperating": 7473474000,
        "incomelossfromcontinuingoperationsbeforeincometaxesextraordinaryitemsnoncontrollinginterest": -502965000,
        "incometaxexpensebenefit": 462707000,
        "profitloss": 125721000,
        "netincomelossattributabletononcontrollinginterest": 125721000,
        "netincomeloss": 1461354000,
        "earningspersharebasic": 5.82,
        "earningspersharediluted": 5.81,
        "weightedaveragenumberofsharesoutstandingbasic": 250144000,
        "weightedaveragenumberofdilutedsharesoutstanding": 250524000,
        "othercomprehensiveincomelosscashflowhedgegainlossbeforereclassificationaftertax": -4428000,
        "othercomprehensiveincomelosscashflowhedgegainlossreclassificationaftertax": -6228000,
        "othercomprehensiveincomeforeigncurrencytransactionandtranslationgainlossarisingduringperiodnetoftax": 34586000,
        "othercomprehensiveincomelossnetoftax": 36386000,
        "comprehensiveincomenetoftaxincludingportionattributabletononcontrollinginterest": 1623461000,
        "comprehensiveincomenetoftaxattributabletononcontrollinginterest": 125721000,
        "comprehensiveincomenetoftax": 1497740000,
        "othercomprehensiveincomenetunrealizedgainlossonderivativesarisingduringperiodtax": -1400000,
        "othercomprehensiveincomelossreclassificationadjustmentgainlossonsettlementsfromaocionderivativestax": 1900000
    },
    {
        "date": "2023-03-31",
        "symbol": "NUE",
        "period": "Q1",
        "revenuefromcontractwithcustomerexcludingassessedtax": 8709980000,
        "costofgoodsandservicessold": 6711778000,
        "sellinggeneralandadministrativeexpense": 389895000,
        "incomelossfromequitymethodinvestments": -1340000,
        "interestrevenueexpensenet": -10183000,
        "costsandexpensesoperatingandnonoperating": 7113196000,
        "incomelossfromcontinuingoperationsbeforeincometaxesextraordinaryitemsnoncontrollinginterest": 1596784000,
        "incometaxexpensebenefit": 365155000,
        "profitloss": 1231629000,
        "netincomelossattributabletononcontrollinginterest": 95087000,
        "netincomeloss": 1136542000,
        "earningspersharebasic": 4.47,
        "earningspersharediluted": 4.45,
        "weightedaveragenumberofsharesoutstandingbasic": 253608000,
        "weightedaveragenumberofdilutedsharesoutstanding": 254397000,
        "othercomprehensiveincomelosscashflowhedgegainlossbeforereclassificationaftertax": -24575000,
        "othercomprehensiveincomelosscashflowhedgegainlossreclassificationaftertax": -175000,
        "othercomprehensiveincomeforeigncurrencytransactionandtranslationgainlossarisingduringperiodnetoftax": -3441000,
        "othercomprehensiveincomelossnetoftax": -27841000,
        "comprehensiveincomenetoftaxincludingportionattributabletononcontrollinginterest": 1203788000,
        "comprehensiveincomenetoftaxattributabletononcontrollinginterest": 95087000,
        "comprehensiveincomenetoftax": 1108701000,
        "othercomprehensiveincomenetunrealizedgainlossonderivativesarisingduringperiodtax": -7800000,
        "othercomprehensiveincomelossreclassificationadjustmentgainlossonsettlementsfromaocionderivativestax": 100000
    },
    {
        "date": "2022-09-30",
        "symbol": "NUE",
        "period": "Q3",
        "revenuefromcontractwithcustomerexcludingassessedtax": 10500755000,
        "costofgoodsandservicessold": 7657364000,
        "sellinggeneralandadministrativeexpense": 486560000,
        "incomelossfromequitymethodinvestments": 8438000,
        "interestrevenueexpensenet": -42347000,
        "costsandexpensesoperatingandnonoperating": 8177833000,
        "incomelossfromcontinuingoperationsbeforeincometaxesextraordinaryitemsnoncontrollinginterest": 2322922000,
        "incometaxexpensebenefit": 523879000,
        "profitloss": 1799043000,
        "netincomelossattributabletononcontrollinginterest": 104295000,
        "netincomeloss": 1694748000,
        "earningspersharebasic": 6.51,
        "earningspersharediluted": 6.5,
        "weightedaveragenumberofsharesoutstandingbasic": 259102000,
        "weightedaveragenumberofdilutedsharesoutstanding": 259526000,
        "othercomprehensiveincomelosscashflowhedgegainlossbeforereclassificationaftertax": 27411000,
        "othercomprehensiveincomelosscashflowhedgegainlossreclassificationaftertax": 16311000,
        "othercomprehensiveincomeforeigncurrencytransactionandtranslationgainlossarisingduringperiodnetoftax": -43843000,
        "othercomprehensiveincomelossnetoftax": -32743000,
        "comprehensiveincomenetoftaxincludingportionattributabletononcontrollinginterest": 1766300000,
        "comprehensiveincomenetoftaxattributabletononcontrollinginterest": 104295000,
        "comprehensiveincomenetoftax": 1662005000,
        "othercomprehensiveincomenetunrealizedgainlossonderivativesarisingduringperiodtax": 8800000,
        "othercomprehensiveincomelossreclassificationadjustmentgainlossonsettlementsfromaocionderivativestax": -5200000
    },
    {
        "date": "2022-07-01",
        "symbol": "NUE",
        "period": "Q2",
        "revenuefromcontractwithcustomerexcludingassessedtax": 11794474000,
        "costofgoodsandservicessold": 7690211000,
        "sellinggeneralandadministrativeexpense": 563211000,
        "incomelossfromequitymethodinvestments": 7113000,
        "interestrevenueexpensenet": -57763000,
        "costsandexpensesoperatingandnonoperating": 8304072000,
        "incomelossfromcontinuingoperationsbeforeincometaxesextraordinaryitemsnoncontrollinginterest": 3490402000,
        "incometaxexpensebenefit": 763165000,
        "profitloss": 2727237000,
        "netincomelossattributabletononcontrollinginterest": 166004000,
        "netincomeloss": 2561233000,
        "earningspersharebasic": 9.69,
        "earningspersharediluted": 9.67,
        "weightedaveragenumberofsharesoutstandingbasic": 263221000,
        "weightedaveragenumberofdilutedsharesoutstanding": 263719000,
        "othercomprehensiveincomelosscashflowhedgegainlossbeforereclassificationaftertax": 16138000,
        "othercomprehensiveincomelosscashflowhedgegainlossreclassificationaftertax": 15136000,
        "othercomprehensiveincomeforeigncurrencytransactionandtranslationgainlossarisingduringperiodnetoftax": -27308000,
        "othercomprehensiveincomelossnetoftax": -26306000,
        "comprehensiveincomenetoftaxincludingportionattributabletononcontrollinginterest": 2700931000,
        "comprehensiveincomenetoftaxattributabletononcontrollinginterest": 166004000,
        "comprehensiveincomenetoftax": 2534927000,
        "othercomprehensiveincomenetunrealizedgainlossonderivativesarisingduringperiodtax": 5100000,
        "othercomprehensiveincomelossreclassificationadjustmentgainlossonsettlementsfromaocionderivativestax": -4800000
    },
    {
        "date": "2022-04-01",
        "symbol": "NUE",
        "period": "Q1",
        "revenuefromcontractwithcustomerexcludingassessedtax": 10493282000,
        "costofgoodsandservicessold": 7035143000,
        "sellinggeneralandadministrativeexpense": 524584000,
        "incomelossfromequitymethodinvestments": 7695000,
        "interestrevenueexpensenet": -43135000,
        "costsandexpensesoperatingandnonoperating": 7595167000,
        "incomelossfromcontinuingoperationsbeforeincometaxesextraordinaryitemsnoncontrollinginterest": 2898115000,
        "incometaxexpensebenefit": 671000000,
        "profitloss": 2227115000,
        "netincomelossattributabletononcontrollinginterest": 131492000,
        "netincomeloss": 2095623000,
        "earningspersharebasic": 7.69,
        "earningspersharediluted": 7.67,
        "weightedaveragenumberofsharesoutstandingbasic": 271564000,
        "weightedaveragenumberofdilutedsharesoutstanding": 272094000,
        "othercomprehensiveincomelosscashflowhedgegainlossbeforereclassificationaftertax": 53476000,
        "othercomprehensiveincomelosscashflowhedgegainlossreclassificationaftertax": 5390000,
        "othercomprehensiveincomeforeigncurrencytransactionandtranslationgainlossarisingduringperiodnetoftax": 22692000,
        "othercomprehensiveincomelossnetoftax": 70778000,
        "comprehensiveincomenetoftaxincludingportionattributabletononcontrollinginterest": 2297893000,
        "comprehensiveincomenetoftaxattributabletononcontrollinginterest": 131492000,
        "comprehensiveincomenetoftax": 2166401000,
        "othercomprehensiveincomenetunrealizedgainlossonderivativesarisingduringperiodtax": 16800000,
        "othercomprehensiveincomelossreclassificationadjustmentgainlossonsettlementsfromaocionderivativestax": -1700000
    },
    {
        "date": "2021-12-30",
        "symbol": "NUE",
        "period": "Q4",
        "revenuefromcontractwithcustomerexcludingassessedtax": 10364412000,
        "costofgoodsandservicessold": 6841211000,
        "sellinggeneralandadministrativeexpense": 502070000,
        "incomelossfromequitymethodinvestments": 37962000,
        "interestrevenueexpensenet": -40145000,
        "costsandexpensesoperatingandnonoperating": 7356655000,
        "incomelossfromcontinuingoperationsbeforeincometaxesextraordinaryitemsnoncontrollinginterest": 3007757000,
        "incometaxexpensebenefit": 667625000,
        "profitloss": 2340132000,
        "netincomelossattributabletononcontrollinginterest": 89714000,
        "netincomeloss": 2250418000,
        "earningspersharebasic": 7.859999999999999,
        "earningspersharediluted": 7.82,
        "othercomprehensiveincomeforeigncurrencytransactionandtranslationgainlossarisingduringperiodnetoftax": -10501000,
        "othercomprehensiveincomelossnetoftax": -29381000,
        "comprehensiveincomenetoftaxincludingportionattributabletononcontrollinginterest": 2310751000,
        "comprehensiveincomenetoftaxattributabletononcontrollinginterest": 89714000,
        "comprehensiveincomenetoftax": 2221037000
    },
    {
        "date": "2021-10-01",
        "symbol": "NUE",
        "period": "Q3",
        "revenuefromcontractwithcustomerexcludingassessedtax": 10313223000,
        "costofgoodsandservicessold": 6906950000,
        "sellinggeneralandadministrativeexpense": 526345000,
        "incomelossfromequitymethodinvestments": 32464000,
        "lossesonassets": 0,
        "interestrevenueexpensenet": -43285000,
        "costsandexpensesoperatingandnonoperating": 7444116000,
        "incomelossfromcontinuingoperationsbeforeincometaxesextraordinaryitemsnoncontrollinginterest": 2869107000,
        "incometaxexpensebenefit": 645842000,
        "profitloss": 2223265000,
        "netincomelossattributabletononcontrollinginterest": 95522000,
        "netincomeloss": 2127743000,
        "earningspersharebasic": 7.229999999999999,
        "earningspersharediluted": 7.209999999999999,
        "weightedaveragenumberofsharesoutstandingbasic": -2928000,
        "weightedaveragenumberofdilutedsharesoutstanding": -2810000,
        "othercomprehensiveincomeunrealizedgainlossonderivativesarisingduringperiodnetoftax": 19057000,
        "othercomprehensiveincomelossreclassificationadjustmentfromaocionderivativesnetoftax": 2457000,
        "othercomprehensiveincomeforeigncurrencytransactionandtranslationgainlossarisingduringperiodnetoftax": -28772000,
        "othercomprehensiveincomelossnetoftax": -12172000,
        "comprehensiveincomenetoftaxincludingportionattributabletononcontrollinginterest": 2211093000,
        "comprehensiveincomenetoftaxattributabletononcontrollinginterest": 95522000,
        "comprehensiveincomenetoftax": 2115571000,
        "othercomprehensiveincomeunrealizedgainlossonderivativesarisingduringperiodtax": 6100000
    },
    {
        "date": "2021-07-02",
        "symbol": "NUE",
        "period": "Q2",
        "revenuefromcontractwithcustomerexcludingassessedtax": 8789164000,
        "costofgoodsandservicessold": 6315661000,
        "sellinggeneralandadministrativeexpense": 387070000,
        "incomelossfromequitymethodinvestments": 19403000,
        "lossesonassets": 44308000,
        "interestrevenueexpensenet": -35780000,
        "costsandexpensesoperatingandnonoperating": 6763416000,
        "incomelossfromcontinuingoperationsbeforeincometaxesextraordinaryitemsnoncontrollinginterest": 2025748000,
        "incometaxexpensebenefit": 454289000,
        "profitloss": 1571459000,
        "netincomelossattributabletononcontrollinginterest": 64591000,
        "netincomeloss": 1506868000,
        "earningspersharebasic": 5.040000000000001,
        "earningspersharediluted": 5.030000000000001,
        "weightedaveragenumberofsharesoutstandingbasic": -2487000,
        "weightedaveragenumberofdilutedsharesoutstanding": -2780000,
        "othercomprehensiveincomeunrealizedgainlossonderivativesarisingduringperiodnetoftax": 8204000,
        "othercomprehensiveincomelossreclassificationadjustmentfromaocionderivativesnetoftax": -196000,
        "othercomprehensiveincomeforeigncurrencytransactionandtranslationgainlossarisingduringperiodnetoftax": 21431000,
        "othercomprehensiveincomelossnetoftax": 29831000,
        "comprehensiveincomenetoftaxincludingportionattributabletononcontrollinginterest": 1601290000,
        "comprehensiveincomenetoftaxattributabletononcontrollinginterest": 64591000,
        "comprehensiveincomenetoftax": 1536699000,
        "othercomprehensiveincomeunrealizedgainlossonderivativesarisingduringperiodtax": 2600000,
        "othercomprehensiveincomelossreclassificationadjustmentfromaocionderivativestax": 0
    },
    {
        "date": "2021-04-02",
        "symbol": "NUE",
        "period": "Q1",
        "revenuefromcontractwithcustomerexcludingassessedtax": 7017140000,
        "costofgoodsandservicessold": 5394703000,
        "sellinggeneralandadministrativeexpense": 291124000,
        "incomelossfromequitymethodinvestments": 13239000,
        "lossesonassets": 6662000,
        "interestrevenueexpensenet": -39644000,
        "costsandexpensesoperatingandnonoperating": 5718894000,
        "incomelossfromcontinuingoperationsbeforeincometaxesextraordinaryitemsnoncontrollinginterest": 1298246000,
        "incometaxexpensebenefit": 310732000,
        "profitloss": 987514000,
        "netincomelossattributabletononcontrollinginterest": 45082000,
        "netincomeloss": 942432000,
        "earningspersharebasic": 3.1,
        "earningspersharediluted": 3.1,
        "weightedaveragenumberofsharesoutstandingbasic": 301846000,
        "weightedaveragenumberofdilutedsharesoutstanding": 302518000,
        "othercomprehensiveincomeunrealizedgainlossonderivativesarisingduringperiodnetoftax": 999000,
        "othercomprehensiveincomelossreclassificationadjustmentfromaocionderivativesnetoftax": -501000,
        "othercomprehensiveincomeforeigncurrencytransactionandtranslationgainlossarisingduringperiodnetoftax": 13801000,
        "othercomprehensiveincomelossnetoftax": 15301000,
        "comprehensiveincomenetoftaxincludingportionattributabletononcontrollinginterest": 1002815000,
        "comprehensiveincomenetoftaxattributabletononcontrollinginterest": 45082000,
        "comprehensiveincomenetoftax": 957733000,
        "othercomprehensiveincomeunrealizedgainlossonderivativesarisingduringperiodtax": 400000,
        "othercomprehensiveincomelossreclassificationadjustmentfromaocionderivativestax": 100000
    },
    {
        "date": "2020-12-30",
        "symbol": "NUE",
        "period": "Q4",
        "revenuefromcontractwithcustomerexcludingassessedtax": 5260055000,
        "costofgoodsandservicessold": 4541527000,
        "sellinggeneralandadministrativeexpense": 154119000,
        "incomelossfromequitymethodinvestments": 3889000,
        "interestrevenueexpensenet": -36342000,
        "costsandexpensesoperatingandnonoperating": 5042289000,
        "incomelossfromcontinuingoperationsbeforeincometaxesextraordinaryitemsnoncontrollinginterest": 217766000,
        "incometaxexpensebenefit": -208100000,
        "profitloss": 425866000,
        "netincomelossattributabletononcontrollinginterest": 27023000,
        "netincomeloss": 398843000,
        "earningspersharebasic": 1.3100000000000003,
        "earningspersharediluted": 1.3,
        "othercomprehensiveincomeunrealizedgainlossonderivativesarisingduringperiodnetoftax": -2804000,
        "othercomprehensiveincomelossreclassificationadjustmentfromaocionderivativesnetoftax": -504000,
        "othercomprehensiveincomeforeigncurrencytransactionandtranslationgainlossarisingduringperiodnetoftax": 41409000,
        "othercomprehensiveincomelossnetoftax": 196608000,
        "comprehensiveincomenetoftaxincludingportionattributabletononcontrollinginterest": 622474000,
        "comprehensiveincomenetoftaxattributabletononcontrollinginterest": 27023000,
        "comprehensiveincomenetoftax": 595451000,
        "othercomprehensiveincomeunrealizedgainlossonderivativesarisingduringperiodtax": -1000000,
        "othercomprehensiveincomelossreclassificationadjustmentfromaocionderivativestax": 200000
    },
    {
        "date": "2020-10-02",
        "symbol": "NUE",
        "period": "Q3",
        "revenuefromcontractwithcustomerexcludingassessedtax": 4927960000,
        "costofgoodsandservicessold": 4425765000,
        "sellinggeneralandadministrativeexpense": 165513000,
        "incomelossfromequitymethodinvestments": 479000,
        "lossesonassets": 6604000,
        "interestrevenueexpensenet": -40139000,
        "costsandexpensesoperatingandnonoperating": 4637542000,
        "incomelossfromcontinuingoperationsbeforeincometaxesextraordinaryitemsnoncontrollinginterest": 290418000,
        "incometaxexpensebenefit": 67788000,
        "profitloss": 222630000,
        "netincomelossattributabletononcontrollinginterest": 29215000,
        "netincomeloss": 193415000,
        "earningspersharebasic": 0.63,
        "earningspersharediluted": 0.63,
        "weightedaveragenumberofsharesoutstandingbasic": 303394000,
        "weightedaveragenumberofdilutedsharesoutstanding": 303441000,
        "othercomprehensiveincomeunrealizedgainlossonderivativesarisingduringperiodnetoftax": 6387000,
        "othercomprehensiveincomelossreclassificationadjustmentfromaocionderivativesnetoftax": -2113000,
        "othercomprehensiveincomeforeigncurrencytransactionandtranslationgainlossarisingduringperiodnetoftax": 16867000,
        "othercomprehensiveincomelossnetoftax": 25367000,
        "comprehensiveincomenetoftaxincludingportionattributabletononcontrollinginterest": 247997000,
        "comprehensiveincomenetoftaxattributabletononcontrollinginterest": 29215000,
        "comprehensiveincomenetoftax": 218782000,
        "othercomprehensiveincomeunrealizedgainlossonderivativesarisingduringperiodtax": 2000000,
        "othercomprehensiveincomelossreclassificationadjustmentfromaocionderivativestax": 700000
    },
    {
        "date": "2020-07-03",
        "symbol": "NUE",
        "period": "Q2",
        "revenuefromcontractwithcustomerexcludingassessedtax": 4327306000,
        "costofgoodsandservicessold": 3949347000,
        "sellinggeneralandadministrativeexpense": 142017000,
        "incomelossfromequitymethodinvestments": -14078000,
        "lossesonassets": 5000000,
        "interestrevenueexpensenet": -35807000,
        "costsandexpensesoperatingandnonoperating": 4146249000,
        "incomelossfromcontinuingoperationsbeforeincometaxesextraordinaryitemsnoncontrollinginterest": 181057000,
        "incometaxexpensebenefit": 47904000,
        "profitloss": 133153000,
        "netincomelossattributabletononcontrollinginterest": 24272000,
        "netincomeloss": 108881000,
        "earningspersharebasic": 0.36,
        "earningspersharediluted": 0.36,
        "weightedaveragenumberofsharesoutstandingbasic": 302921000,
        "weightedaveragenumberofdilutedsharesoutstanding": 302933000,
        "othercomprehensiveincomeunrealizedgainlossonderivativesarisingduringperiodnetoftax": 757000,
        "othercomprehensiveincomelossreclassificationadjustmentfromaocionderivativesnetoftax": -2543000,
        "othercomprehensiveincomeforeigncurrencytransactionandtranslationgainlossarisingduringperiodnetoftax": 23491000,
        "othercomprehensiveincomelossnetoftax": 26791000,
        "comprehensiveincomenetoftaxincludingportionattributabletononcontrollinginterest": 159944000,
        "comprehensiveincomenetoftaxattributabletononcontrollinginterest": 24272000,
        "comprehensiveincomenetoftax": 135672000,
        "othercomprehensiveincomeunrealizedgainlossonderivativesarisingduringperiodtax": 200000,
        "othercomprehensiveincomelossreclassificationadjustmentfromaocionderivativestax": 900000
    },
    {
        "date": "2020-04-03",
        "symbol": "NUE",
        "period": "Q1",
        "revenuefromcontractwithcustomerexcludingassessedtax": 5624337000,
        "costofgoodsandservicessold": 4995069000,
        "sellinggeneralandadministrativeexpense": 153392000,
        "incomelossfromequitymethodinvestments": -823000,
        "lossesonassets": 287846000,
        "interestrevenueexpensenet": -40910000,
        "costsandexpensesoperatingandnonoperating": 5478040000,
        "incomelossfromcontinuingoperationsbeforeincometaxesextraordinaryitemsnoncontrollinginterest": 146297000,
        "incometaxexpensebenefit": 91918000,
        "profitloss": 54379000,
        "netincomelossattributabletononcontrollinginterest": 34048000,
        "netincomeloss": 20331000,
        "earningspersharebasic": 0.07,
        "earningspersharediluted": 0.07,
        "weightedaveragenumberofsharesoutstandingbasic": 302909000,
        "weightedaveragenumberofdilutedsharesoutstanding": 302932000,
        "othercomprehensiveincomeunrealizedgainlossonderivativesarisingduringperiodnetoftax": -2256000,
        "othercomprehensiveincomelossreclassificationadjustmentfromaocionderivativesnetoftax": -2056000,
        "othercomprehensiveincomeforeigncurrencytransactionandtranslationgainlossarisingduringperiodnetoftax": -64461000,
        "othercomprehensiveincomelossnetoftax": -64661000,
        "comprehensiveincomenetoftaxincludingportionattributabletononcontrollinginterest": -10282000,
        "comprehensiveincomenetoftaxattributabletononcontrollinginterest": 34048000,
        "comprehensiveincomenetoftax": -44330000,
        "othercomprehensiveincomeunrealizedgainlossonderivativesarisingduringperiodtax": -800000,
        "othercomprehensiveincomelossreclassificationadjustmentfromaocionderivativestax": 700000
    },
    {
        "date": "2019-12-30",
        "symbol": "NUE",
        "period": "Q4",
        "costofgoodsandservicessold": 4696558000,
        "sellinggeneralandadministrativeexpense": 162228000,
        "incomelossfromequitymethodinvestments": 852000,
        "interestrevenueexpensenet": -28666000,
        "costsandexpensesoperatingandnonoperating": 4953516000,
        "incomelossfromcontinuingoperationsbeforeincometaxesextraordinaryitemsnoncontrollinginterest": 998284000,
        "incometaxexpensebenefit": 43977000,
        "profitloss": 636059000,
        "netincomelossattributabletononcontrollinginterest": 26430000,
        "netincomeloss": 107823000,
        "earningspersharebasic": 0.34999999999999987,
        "earningspersharediluted": 0.34999999999999987,
        "othercomprehensiveincomeunrealizedgainlossonderivativesarisingduringperiodnetoftax": -2032000,
        "othercomprehensiveincomelossreclassificationadjustmentfromaocionderivativesnetoftax": -832000,
        "othercomprehensiveincomeforeigncurrencytransactionandtranslationgainlossarisingduringperiodnetoftax": 13092000,
        "othercomprehensiveincomelossnetoftax": 10801000,
        "comprehensiveincomenetoftaxincludingportionattributabletononcontrollinginterest": 145054000,
        "comprehensiveincomenetoftaxattributabletononcontrollinginterest": 26430000,
        "comprehensiveincomenetoftax": 118624000,
        "othercomprehensiveincomeunrealizedgainlossonderivativesarisingduringperiodtax": -600000,
        "othercomprehensiveincomelossreclassificationadjustmentfromaocionderivativestax": 200000
    },
    {
        "date": "2019-09-27",
        "symbol": "NUE",
        "period": "Q3",
        "revenuefromcontractwithcustomerexcludingassessedtax": 5464502000,
        "costofgoodsandservicessold": 4891991000,
        "sellinggeneralandadministrativeexpense": 159301000,
        "incomelossfromequitymethodinvestments": -1585000,
        "interestrevenueexpensenet": -31286000,
        "costsandexpensesoperatingandnonoperating": 5084163000,
        "incomelossfromcontinuingoperationsbeforeincometaxesextraordinaryitemsnoncontrollinginterest": 380339000,
        "incometaxexpensebenefit": 86752000,
        "profitloss": 293587000,
        "netincomelossattributabletononcontrollinginterest": 18556000,
        "netincomeloss": 275031000,
        "earningspersharebasic": 0.9,
        "earningspersharediluted": 0.9,
        "weightedaveragenumberofsharesoutstandingbasic": 304637000,
        "weightedaveragenumberofdilutedsharesoutstanding": 304980000,
        "othercomprehensiveincomeunrealizedgainlossonderivativesarisingduringperiodnetoftax": -3315000,
        "othercomprehensiveincomelossreclassificationadjustmentfromaocionderivativesnetoftax": -1615000,
        "othercomprehensiveincomeforeigncurrencytransactionandtranslationgainlossarisingduringperiodnetoftax": -14306000,
        "othercomprehensiveincomelossnetoftax": -16006000,
        "comprehensiveincomenetoftaxincludingportionattributabletononcontrollinginterest": 277581000,
        "comprehensiveincomenetoftaxattributabletononcontrollinginterest": 18556000,
        "comprehensiveincomenetoftax": 259025000,
        "othercomprehensiveincomeunrealizedgainlossonderivativesarisingduringperiodtax": -1000000,
        "othercomprehensiveincomelossreclassificationadjustmentfromaocionderivativestax": 500000
    },
    {
        "date": "2019-06-28",
        "symbol": "NUE",
        "period": "Q2",
        "revenuefromcontractwithcustomerexcludingassessedtax": 5895986000,
        "costofgoodsandservicessold": 5120492000,
        "sellinggeneralandadministrativeexpense": 208980000,
        "incomelossfromequitymethodinvestments": 1138000,
        "interestrevenueexpensenet": -33030000,
        "costsandexpensesoperatingandnonoperating": 5361364000,
        "incomelossfromcontinuingoperationsbeforeincometaxesextraordinaryitemsnoncontrollinginterest": 534622000,
        "incometaxexpensebenefit": 122345000,
        "profitloss": 412277000,
        "netincomelossattributabletononcontrollinginterest": 25794000,
        "netincomeloss": 386483000,
        "earningspersharebasic": 1.26,
        "earningspersharediluted": 1.26,
        "weightedaveragenumberofsharesoutstandingbasic": 305461000,
        "weightedaveragenumberofdilutedsharesoutstanding": 305952000,
        "othercomprehensiveincomeunrealizedgainlossonderivativesarisingduringperiodnetoftax": -5217000,
        "othercomprehensiveincomelossreclassificationadjustmentfromaocionderivativesnetoftax": -517000,
        "othercomprehensiveincomeforeigncurrencytransactionandtranslationgainlossarisingduringperiodnetoftax": 15727000,
        "othercomprehensiveincomelossnetoftax": 11027000,
        "comprehensiveincomenetoftaxincludingportionattributabletononcontrollinginterest": 423304000,
        "comprehensiveincomenetoftaxattributabletononcontrollinginterest": 25794000,
        "comprehensiveincomenetoftax": 397510000,
        "othercomprehensiveincomeunrealizedgainlossonderivativesarisingduringperiodtax": -1700000,
        "othercomprehensiveincomelossreclassificationadjustmentfromaocionderivativestax": 200000
    },
    {
        "date": "2019-03-29",
        "symbol": "NUE",
        "period": "Q1",
        "revenuefromcontractwithcustomerincludingassessedtax": -3388898000,
        "costofgoodsandservicessold": 5200732000,
        "sellinggeneralandadministrativeexpense": 180739000,
        "incomelossfromequitymethodinvestments": 2906000,
        "interestrevenueexpensenet": -28443000,
        "costsandexpensesoperatingandnonoperating": 5407008000,
        "incomelossfromcontinuingoperationsbeforeincometaxesextraordinaryitemsnoncontrollinginterest": -130438000,
        "incometaxexpensebenefit": 158823000,
        "profitloss": 28987000,
        "netincomelossattributabletononcontrollinginterest": 28987000,
        "netincomeloss": 501806000,
        "earningspersharebasic": 1.63,
        "earningspersharediluted": 1.63,
        "weightedaveragenumberofsharesoutstandingbasic": 306585000,
        "weightedaveragenumberofdilutedsharesoutstanding": 307180000,
        "othercomprehensiveincomeunrealizedgainlossonderivativesarisingduringperiodnetoftax": 731000,
        "othercomprehensiveincomelossreclassificationadjustmentfromaocionderivativesnetoftax": 631000,
        "othercomprehensiveincomeforeigncurrencytransactionandtranslationgainlossarisingduringperiodnetoftax": -6640000,
        "othercomprehensiveincomelossnetoftax": -6540000,
        "comprehensiveincomenetoftaxincludingportionattributabletononcontrollinginterest": 524253000,
        "comprehensiveincomenetoftaxattributabletononcontrollinginterest": 28987000,
        "comprehensiveincomenetoftax": 495266000,
        "othercomprehensiveincomeunrealizedgainlossonderivativesarisingduringperiodtax": 200000,
        "othercomprehensiveincomelossreclassificationadjustmentfromaocionderivativestax": -200000
    },
    {
        "date": "2018-12-30",
        "symbol": "NUE",
        "period": "Q4",
        "sellinggeneralandadministrativeexpense": 209300000,
        "incomelossfromequitymethodinvestments": 6083000,
        "interestrevenueexpensenet": -31769000,
        "costsandexpensesoperatingandnonoperating": 5418608000,
        "incomelossfromcontinuingoperationsbeforeincometaxesextraordinaryitemsnoncontrollinginterest": 2163145000,
        "incometaxexpensebenefit": 196206000,
        "profitloss": 560753000,
        "netincomelossattributabletononcontrollinginterest": 34291000,
        "netincomeloss": 646779000,
        "earningspersharebasic": 2.0600000000000005,
        "earningspersharediluted": 2.06,
        "othercomprehensiveincomeunrealizedgainlossonderivativesarisingduringperiodnetoftax": 2224000,
        "othercomprehensiveincomelossreclassificationadjustmentfromaocionderivativesnetoftax": 724000,
        "othercomprehensiveincomeforeigncurrencytransactionandtranslationgainlossarisingduringperiodnetoftax": -32407000,
        "othercomprehensiveincomelossnetoftax": -29526000,
        "comprehensiveincomenetoftaxincludingportionattributabletononcontrollinginterest": 677477000,
        "comprehensiveincomenetoftaxattributabletononcontrollinginterest": 34291000,
        "comprehensiveincomenetoftax": 617253000,
        "othercomprehensiveincomeunrealizedgainlossonderivativesarisingduringperiodtax": 1700000
    },
    {
        "date": "2018-09-28",
        "symbol": "NUE",
        "period": "Q3",
        "revenuefromcontractwithcustomerincludingassessedtax": 4401610000,
        "costofgoodsandservicessold": 5452052000,
        "sellinggeneralandadministrativeexpense": 234081000,
        "incomelossfromequitymethodinvestments": 13634000,
        "assetimpairmentcharges": 110000000,
        "interestrevenueexpensenet": -37201000,
        "costsandexpensesoperatingandnonoperating": 5819700000,
        "incomelossfromcontinuingoperationsbeforeincometaxesextraordinaryitemsnoncontrollinginterest": 1095360000,
        "incometaxexpensebenefit": 216215000,
        "profitloss": 706287000,
        "netincomelossattributabletononcontrollinginterest": 29631000,
        "netincomeloss": 676656000,
        "earningspersharebasic": 2.13,
        "earningspersharediluted": 2.13,
        "weightedaveragenumberofsharesoutstandingbasic": 315913000,
        "weightedaveragenumberofdilutedsharesoutstanding": 316798000,
        "othercomprehensiveincomeunrealizedgainlossonderivativesarisingduringperiodnetoftax": -1393000,
        "othercomprehensiveincomelossreclassificationadjustmentfromaocionderivativesnetoftax": -193000,
        "othercomprehensiveincomeforeigncurrencytransactionandtranslationgainlossarisingduringperiodnetoftax": 22625000,
        "othercomprehensiveincomelossnetoftax": 21425000,
        "comprehensiveincomenetoftaxincludingportionattributabletononcontrollinginterest": 727712000,
        "comprehensiveincomenetoftaxattributabletononcontrollinginterest": 29631000,
        "comprehensiveincomenetoftax": 698081000,
        "othercomprehensiveincomeunrealizedgainlossonderivativesarisingduringperiodtax": -400000,
        "othercomprehensiveincomelossreclassificationadjustmentfromaocionderivativestax": 100000
    },
    {
        "date": "2018-06-29",
        "symbol": "NUE",
        "period": "Q2",
        "salesrevenuenet": 1738370000,
        "costofgoodssold": 5294184000,
        "sellinggeneralandadministrativeexpense": 234381000,
        "incomelossfromequitymethodinvestments": 10943000,
        "interestrevenueexpensenet": -29451000,
        "costsandexpensesoperatingandnonoperating": 5547073000,
        "incomelossfromcontinuingoperationsbeforeincometaxesextraordinaryitemsnoncontrollinginterest": 155766000,
        "incometaxexpensebenefit": 200086000,
        "profitloss": 713615000,
        "netincomelossattributabletononcontrollinginterest": 30462000,
        "netincomeloss": 683153000,
        "earningspersharebasic": 2.14,
        "earningspersharediluted": 2.13,
        "weightedaveragenumberofsharesoutstandingbasic": 318467000,
        "weightedaveragenumberofdilutedsharesoutstanding": 319391000,
        "commonstockdividendspersharedeclared": 0.38,
        "othercomprehensiveincomeunrealizedgainlossonderivativesarisingduringperiodnetoftax": -3647000,
        "othercomprehensiveincomelossreclassificationadjustmentfromaocionderivativesnetoftax": -447000,
        "othercomprehensiveincomeforeigncurrencytransactionandtranslationgainlossarisingduringperiodnetoftax": -43466000,
        "othercomprehensiveincomelossnetoftax": -46666000,
        "comprehensiveincomenetoftaxincludingportionattributabletononcontrollinginterest": 666949000,
        "comprehensiveincomenetoftaxattributabletononcontrollinginterest": 30462000,
        "comprehensiveincomenetoftax": 636487000,
        "othercomprehensiveincomeunrealizedgainlossonderivativesarisingduringperiodtax": -1100000,
        "othercomprehensiveincomelossreclassificationadjustmentfromaocionderivativestax": 100000
    },
    {
        "date": "2018-03-30",
        "symbol": "NUE",
        "period": "Q1",
        "salesrevenuenet": 1468711000,
        "costofgoodssold": 4842013000,
        "sellinggeneralandadministrativeexpense": 182960000,
        "incomelossfromequitymethodinvestments": 9580000,
        "interestrevenueexpensenet": -37114000,
        "costsandexpensesoperatingandnonoperating": 5052507000,
        "incomelossfromcontinuingoperationsbeforeincometaxesextraordinaryitemsnoncontrollinginterest": 85814000,
        "incometaxexpensebenefit": 135800000,
        "profitloss": 380112000,
        "netincomelossattributabletononcontrollinginterest": 25933000,
        "netincomeloss": 354179000,
        "earningspersharebasic": 1.11,
        "earningspersharediluted": 1.1,
        "weightedaveragenumberofsharesoutstandingbasic": 319421000,
        "weightedaveragenumberofdilutedsharesoutstanding": 320474000,
        "commonstockdividendspersharedeclared": 0.38,
        "othercomprehensiveincomeunrealizedgainlossonderivativesarisingduringperiodnetoftax": -752000,
        "othercomprehensiveincomelossreclassificationadjustmentfromaocionderivativesnetoftax": 48000,
        "othercomprehensiveincomeforeigncurrencytransactionandtranslationgainlossarisingduringperiodnetoftax": 6115000,
        "othercomprehensiveincomelossnetoftax": 5315000,
        "comprehensiveincomenetoftaxincludingportionattributabletononcontrollinginterest": 359494000,
        "comprehensiveincomenetoftaxattributabletononcontrollinginterest": 25933000,
        "comprehensiveincomenetoftax": 359494000,
        "othercomprehensiveincomeunrealizedgainlossonderivativesarisingduringperiodtax": -500000
    },
    {
        "date": "2017-12-30",
        "symbol": "NUE",
        "period": "Q4",
        "salesrevenuenet": -940094000,
        "costofgoodssold": 4571760000,
        "sellinggeneralandadministrativeexpense": 168102000,
        "incomelossfromequitymethodinvestments": 11860000,
        "interestrevenueexpensenet": -42085000,
        "costsandexpensesoperatingandnonoperating": 4770087000,
        "incomelossfromcontinuingoperationsbeforeincometaxesextraordinaryitemsnoncontrollinginterest": 74849000,
        "incometaxexpensebenefit": -72853000,
        "profitloss": 333211000,
        "netincomelossattributabletononcontrollinginterest": 11203000,
        "netincomeloss": 383891000,
        "earningspersharebasic": 1.2000000000000004,
        "earningspersharediluted": 1.1999999999999995,
        "othercomprehensiveincomeunrealizedgainlossonderivativesarisingduringperiodnetoftax": -3222000,
        "othercomprehensiveincomelossreclassificationadjustmentfromaocionderivativesnetoftax": -122000,
        "othercomprehensiveincomeforeigncurrencytransactionandtranslationgainlossarisingduringperiodnetoftax": -31780000,
        "othercomprehensiveincomelossnetoftax": -36825000,
        "comprehensiveincomenetoftaxincludingportionattributabletononcontrollinginterest": 408949000,
        "comprehensiveincomenetoftaxattributabletononcontrollinginterest": 11203000,
        "comprehensiveincomenetoftax": 347066000
    },
    {
        "date": "2017-09-29",
        "symbol": "NUE",
        "period": "Q3",
        "salesrevenuenet": 1089519000,
        "costofgoodssold": 4591153000,
        "sellinggeneralandadministrativeexpense": 172792000,
        "incomelossfromequitymethodinvestments": 7743000,
        "interestrevenueexpensenet": -43310000,
        "costsandexpensesoperatingandnonoperating": 4799512000,
        "incomelossfromcontinuingoperationsbeforeincometaxesextraordinaryitemsnoncontrollinginterest": 59225000,
        "incometaxexpensebenefit": 104500000,
        "profitloss": 266105000,
        "netincomelossattributabletononcontrollinginterest": 11255000,
        "netincomeloss": 254850000,
        "earningspersharebasic": 0.79,
        "earningspersharediluted": 0.79,
        "weightedaveragenumberofsharesoutstandingbasic": -79000,
        "weightedaveragenumberofdilutedsharesoutstanding": -141000,
        "commonstockdividendspersharedeclared": 0.3775000000000001,
        "othercomprehensiveincomeunrealizedgainlossonderivativesarisingduringperiodnetoftax": 405000,
        "othercomprehensiveincomelossreclassificationadjustmentfromaocionderivativesnetoftax": -195000,
        "othercomprehensiveincomeforeigncurrencytransactionandtranslationgainlossarisingduringperiodnetoftax": 74479000,
        "othercomprehensiveincomelossnetoftax": 75079000,
        "comprehensiveincomenetoftaxincludingportionattributabletononcontrollinginterest": 995359000,
        "comprehensiveincomenetoftaxattributabletononcontrollinginterest": 11255000,
        "comprehensiveincomenetoftax": 329929000
    },
    {
        "date": "2017-06-30",
        "symbol": "NUE",
        "period": "Q2",
        "salesrevenuenet": 4697173000,
        "costofgoodssold": 4465144000,
        "sellinggeneralandadministrativeexpense": 170211000,
        "incomelossfromequitymethodinvestments": 13302000,
        "interestrevenueexpensenet": -44580000,
        "costsandexpensesoperatingandnonoperating": 4666633000,
        "incomelossfromcontinuingoperationsbeforeincometaxesextraordinaryitemsnoncontrollinginterest": 261230000,
        "incometaxexpensebenefit": 166412000,
        "profitloss": 341724000,
        "netincomelossattributabletononcontrollinginterest": 18676000,
        "netincomeloss": 323048000,
        "earningspersharebasic": 1.01,
        "earningspersharediluted": 0.9999999999999998,
        "weightedaveragenumberofsharesoutstandingbasic": 108000,
        "weightedaveragenumberofdilutedsharesoutstanding": 40000,
        "commonstockdividendspersharedeclared": 0.3775,
        "othercomprehensiveincomeunrealizedgainlossonderivativesarisingduringperiodnetoftax": -71000,
        "othercomprehensiveincomelossreclassificationadjustmentfromaocionderivativesnetoftax": -171000,
        "othercomprehensiveincomeforeigncurrencytransactionandtranslationgainlossarisingduringperiodnetoftax": 23957000,
        "othercomprehensiveincomelossnetoftax": 24057000,
        "comprehensiveincomenetoftaxincludingportionattributabletononcontrollinginterest": 18676000,
        "comprehensiveincomenetoftaxattributabletononcontrollinginterest": 18676000,
        "comprehensiveincomenetoftax": 347105000,
        "othercomprehensiveincomeunrealizedgainlossonderivativesarisingduringperiodtax": 0,
        "othercomprehensiveincomelossreclassificationadjustmentfromaocionderivativestax": 0
    },
    {
        "date": "2017-03-31",
        "symbol": "NUE",
        "period": "Q1",
        "salesrevenuenet": -2866700000,
        "costofgoodssold": 4054929000,
        "sellinggeneralandadministrativeexpense": 176426000,
        "incomelossfromequitymethodinvestments": 8756000,
        "interestrevenueexpensenet": -43605000,
        "costsandexpensesoperatingandnonoperating": 4266204000,
        "incomelossfromcontinuingoperationsbeforeincometaxesextraordinaryitemsnoncontrollinginterest": -188499000,
        "incometaxexpensebenefit": 171327000,
        "profitloss": 377648000,
        "netincomelossattributabletononcontrollinginterest": 20749000,
        "netincomeloss": 356899000,
        "earningspersharebasic": 1.11,
        "earningspersharediluted": 1.11,
        "weightedaveragenumberofsharesoutstandingbasic": 320224000,
        "weightedaveragenumberofdilutedsharesoutstanding": 321146000,
        "commonstockdividendspersharedeclared": 0.3775,
        "othercomprehensiveincomeunrealizedgainlossonderivativesarisingduringperiodnetoftax": -1635000,
        "othercomprehensiveincomelossreclassificationadjustmentfromaocionderivativesnetoftax": -485000,
        "othercomprehensiveincomeforeigncurrencytransactionandtranslationgainlossarisingduringperiodnetoftax": 2001000,
        "othercomprehensiveincomelossnetoftax": 851000,
        "comprehensiveincomenetoftaxincludingportionattributabletononcontrollinginterest": 20749000,
        "comprehensiveincomenetoftaxattributabletononcontrollinginterest": 20749000,
        "comprehensiveincomenetoftax": 357750000,
        "othercomprehensiveincomeunrealizedgainlossonderivativesarisingduringperiodtax": -1000000,
        "othercomprehensiveincomelossreclassificationadjustmentfromaocionderivativestax": 300000
    },
    {
        "date": "2016-12-30",
        "symbol": "NUE",
        "period": "Q4",
        "salesrevenuenet": 7594344000,
        "costofgoodssold": 3408175000,
        "sellinggeneralandadministrativeexpense": 156082000,
        "incomelossfromequitymethodinvestments": 8525000,
        "interestrevenueexpensenet": -40829000,
        "costsandexpensesoperatingandnonoperating": 3596561000,
        "incomelossfromcontinuingoperationsbeforeincometaxesextraordinaryitemsnoncontrollinginterest": 6322000,
        "incometaxexpensebenefit": 116842000,
        "profitloss": -553136000,
        "netincomelossattributabletononcontrollinginterest": 21426000,
        "netincomeloss": 221709000,
        "earningspersharebasic": 0.6900000000000002,
        "earningspersharediluted": 0.6900000000000002,
        "othercomprehensiveincomeunrealizedgainlossonderivativesarisingduringperiodnetoftax": 1658000,
        "othercomprehensiveincomelossreclassificationadjustmentfromaocionderivativesnetoftax": -1592000,
        "othercomprehensiveincomeforeigncurrencytransactionandtranslationgainlossarisingduringperiodnetoftax": -28083000,
        "othercomprehensiveincomelossnetoftax": -29259000,
        "comprehensiveincomenetoftaxincludingportionattributabletononcontrollinginterest": 247583000,
        "comprehensiveincomenetoftaxattributabletononcontrollinginterest": 21426000,
        "comprehensiveincomenetoftax": 192450000,
        "othercomprehensiveincomeunrealizedgainlossonderivativesarisingduringperiodtax": 900000,
        "othercomprehensiveincomelossreclassificationadjustmentfromaocionderivativestax": 1000000
    },
    {
        "date": "2016-09-30",
        "symbol": "NUE",
        "period": "Q3",
        "salesrevenuenet": -2373509000,
        "costofgoodssold": 3665900000,
        "sellinggeneralandadministrativeexpense": 169223000,
        "incomelossfromequitymethodinvestments": 14168000,
        "interestrevenueexpensenet": -43009000,
        "costsandexpensesoperatingandnonoperating": 3863964000,
        "incomelossfromcontinuingoperationsbeforeincometaxesextraordinaryitemsnoncontrollinginterest": -253768000,
        "incometaxexpensebenefit": 131788000,
        "profitloss": 294484000,
        "netincomelossattributabletononcontrollinginterest": 24448000,
        "netincomeloss": 270036000,
        "earningspersharebasic": 0.84,
        "earningspersharediluted": 0.84,
        "weightedaveragenumberofsharesoutstandingbasic": 319737000,
        "weightedaveragenumberofdilutedsharesoutstanding": 320028000,
        "commonstockdividendspersharedeclared": 0.375,
        "othercomprehensiveincomeunrealizedgainlossonderivativesarisingduringperiodnetoftax": -600000,
        "othercomprehensiveincomelossreclassificationadjustmentfromaocionderivativesnetoftax": -2000000,
        "othercomprehensiveincomeforeigncurrencytransactionandtranslationgainlossarisingduringperiodnetoftax": -8606000,
        "othercomprehensiveincomelossnetoftax": -7206000,
        "comprehensiveincomenetoftaxincludingportionattributabletononcontrollinginterest": 287278000,
        "comprehensiveincomenetoftaxattributabletononcontrollinginterest": 24448000,
        "comprehensiveincomenetoftax": 262830000,
        "othercomprehensiveincomeunrealizedgainlossonderivativesarisingduringperiodtax": -300000,
        "othercomprehensiveincomelossreclassificationadjustmentfromaocionderivativestax": 1200000
    },
    {
        "date": "2016-07-01",
        "symbol": "NUE",
        "period": "Q2",
        "salesrevenuenet": -2353819000,
        "costofgoodssold": 3679512000,
        "sellinggeneralandadministrativeexpense": 161711000,
        "incomelossfromequitymethodinvestments": 6819000,
        "interestrevenueexpensenet": -40484000,
        "costsandexpensesoperatingandnonoperating": 3874888000,
        "incomelossfromcontinuingoperationsbeforeincometaxesextraordinaryitemsnoncontrollinginterest": -215608000,
        "incometaxexpensebenefit": 112548000,
        "profitloss": 258336000,
        "netincomelossattributabletononcontrollinginterest": 24564000,
        "netincomeloss": 233772000,
        "earningspersharebasic": 0.73,
        "earningspersharediluted": 0.73,
        "weightedaveragenumberofsharesoutstandingbasic": 319360000,
        "weightedaveragenumberofdilutedsharesoutstanding": 319578000,
        "commonstockdividendspersharedeclared": 0.375,
        "othercomprehensiveincomeunrealizedgainlossonderivativesarisingduringperiodnetoftax": 3243000,
        "othercomprehensiveincomelossreclassificationadjustmentfromaocionderivativesnetoftax": -3257000,
        "othercomprehensiveincomeforeigncurrencytransactionandtranslationgainlossarisingduringperiodnetoftax": 8287000,
        "othercomprehensiveincomelossnetoftax": 14787000,
        "comprehensiveincomenetoftaxincludingportionattributabletononcontrollinginterest": 273123000,
        "comprehensiveincomenetoftaxattributabletononcontrollinginterest": 24564000,
        "comprehensiveincomenetoftax": 248559000,
        "othercomprehensiveincomeunrealizedgainlossonderivativesarisingduringperiodtax": 1900000,
        "othercomprehensiveincomelossreclassificationadjustmentfromaocionderivativestax": 1900000
    },
    {
        "date": "2016-04-01",
        "symbol": "NUE",
        "period": "Q1",
        "salesrevenuenet": -1662831000,
        "costofgoodssold": 3428628000,
        "sellinggeneralandadministrativeexpense": 109745000,
        "incomelossfromequitymethodinvestments": 9245000,
        "interestrevenueexpensenet": -44922000,
        "costsandexpensesoperatingandnonoperating": 3574050000,
        "incomelossfromcontinuingoperationsbeforeincometaxesextraordinaryitemsnoncontrollinginterest": -117304000,
        "incometaxexpensebenefit": 37065000,
        "profitloss": 104461000,
        "netincomelossattributabletononcontrollinginterest": 33707000,
        "netincomeloss": 70754000,
        "earningspersharebasic": 0.22,
        "earningspersharediluted": 0.22,
        "weightedaveragenumberofsharesoutstandingbasic": 319240000,
        "weightedaveragenumberofdilutedsharesoutstanding": 319294000,
        "commonstockdividendspersharedeclared": 0.375,
        "othercomprehensiveincomeunrealizedgainlossonderivativesarisingduringperiodnetoftax": -1731000,
        "othercomprehensiveincomelossreclassificationadjustmentfromaocionderivativesnetoftax": -3031000,
        "othercomprehensiveincomeforeigncurrencytransactionandtranslationgainlossarisingduringperiodnetoftax": 53897000,
        "othercomprehensiveincomelossnetoftax": 55197000,
        "comprehensiveincomenetoftaxincludingportionattributabletononcontrollinginterest": 125951000,
        "comprehensiveincomenetoftaxattributabletononcontrollinginterest": 33707000,
        "comprehensiveincomenetoftax": 125951000,
        "othercomprehensiveincomeunrealizedgainlossonderivativesarisingduringperiodtax": -1000000,
        "othercomprehensiveincomelossreclassificationadjustmentfromaocionderivativestax": 1700000
    },
    {
        "date": "2015-12-30",
        "symbol": "NUE",
        "period": "Q4",
        "salesrevenuenet": 14735722000,
        "costofgoodssold": 3073875000,
        "sellinggeneralandadministrativeexpense": 451289000,
        "incomelossfromequitymethodinvestments": 4779000,
        "interestrevenueexpensenet": -41587000,
        "costsandexpensesoperatingandnonoperating": 3437013000,
        "incomelossfromcontinuingoperationsbeforeincometaxesextraordinaryitemsnoncontrollinginterest": -400356000,
        "incometaxexpensebenefit": 34988000,
        "profitloss": -153713000,
        "netincomelossattributabletononcontrollinginterest": 46734000,
        "netincomeloss": -62022000,
        "earningspersharebasic": -0.18999999999999997,
        "earningspersharediluted": -0.18999999999999997,
        "othercomprehensiveincomeunrealizedgainlossonderivativesarisingduringperiodnetoftax": -2781000,
        "othercomprehensiveincomelossreclassificationadjustmentfromaocionderivativesnetoftax": -2781000,
        "othercomprehensiveincomelossnetoftax": -49451000,
        "comprehensiveincomenetoftaxincludingportionattributabletononcontrollinginterest": 26952000,
        "comprehensiveincomenetoftaxattributabletononcontrollinginterest": 46734000,
        "comprehensiveincomenetoftax": -111473000,
        "othercomprehensiveincomeunrealizedgainlossonderivativesarisingduringperiodtax": -1700000,
        "othercomprehensiveincomelossreclassificationadjustmentfromaocionderivativestax": 1700000
    },
    {
        "date": "2015-10-02",
        "symbol": "NUE",
        "period": "Q3",
        "salesrevenuenet": 551300000,
        "costofgoodssold": 3701678000,
        "sellinggeneralandadministrativeexpense": -245453000,
        "incomelossfromequitymethodinvestments": 115000,
        "interestrevenueexpensenet": -45341000,
        "costsandexpensesoperatingandnonoperating": 3871243000,
        "incomelossfromcontinuingoperationsbeforeincometaxesextraordinaryitemsnoncontrollinginterest": 260776000,
        "incometaxexpensebenefit": 86535000,
        "profitloss": 267736000,
        "netincomelossattributabletononcontrollinginterest": 40610000,
        "netincomeloss": 227126000,
        "earningspersharebasic": 0.7000000000000001,
        "earningspersharediluted": 0.7000000000000001,
        "weightedaveragenumberofsharesoutstandingbasic": -320277000,
        "weightedaveragenumberofdilutedsharesoutstanding": -320496000,
        "commonstockdividendspersharedeclared": 0.3724999999999999,
        "othercomprehensiveincomeunrealizedgainlossonderivativesarisingduringperiodnetoftax": -3985000,
        "othercomprehensiveincomelossreclassificationadjustmentfromaocionderivativesnetoftax": -1685000,
        "othercomprehensiveincomelossnetoftax": -65203000,
        "comprehensiveincomenetoftaxincludingportionattributabletononcontrollinginterest": 127334000,
        "comprehensiveincomenetoftaxattributabletononcontrollinginterest": 40610000,
        "comprehensiveincomenetoftax": 161923000,
        "othercomprehensiveincomeunrealizedgainlossonderivativesarisingduringperiodtax": -2300000,
        "othercomprehensiveincomelossreclassificationadjustmentfromaocionderivativestax": 1000000
    },
    {
        "date": "2015-07-03",
        "symbol": "NUE",
        "period": "Q2",
        "salesrevenuenet": 577271000,
        "costofgoodssold": 3971303000,
        "sellinggeneralandadministrativeexpense": 128592000,
        "incomelossfromequitymethodinvestments": 694000,
        "interestrevenueexpensenet": -42186000,
        "costsandexpensesoperatingandnonoperating": 4141387000,
        "incomelossfromcontinuingoperationsbeforeincometaxesextraordinaryitemsnoncontrollinginterest": 198500000,
        "incometaxexpensebenefit": 56878000,
        "profitloss": 159344000,
        "netincomelossattributabletononcontrollinginterest": 34589000,
        "netincomeloss": 124755000,
        "earningspersharebasic": 0.39,
        "earningspersharediluted": 0.39,
        "weightedaveragenumberofsharesoutstandingbasic": 320506000,
        "weightedaveragenumberofdilutedsharesoutstanding": 320708000,
        "commonstockdividendspersharedeclared": 0.3725,
        "othercomprehensiveincomeunrealizedgainlossonderivativesarisingduringperiodnetoftax": -464000,
        "othercomprehensiveincomelossreclassificationadjustmentfromaocionderivativesnetoftax": -1164000,
        "othercomprehensiveincomeforeigncurrencytransactionandtranslationgainlossarisingduringperiodnetoftax": 24395000,
        "othercomprehensiveincomeothernetoftax": 2700000,
        "othercomprehensiveincomelossnetoftax": 27795000,
        "comprehensiveincomenetoftaxincludingportionattributabletononcontrollinginterest": 187139000,
        "comprehensiveincomenetoftaxattributabletononcontrollinginterest": 34589000,
        "comprehensiveincomenetoftax": 152550000,
        "othercomprehensiveincomeunrealizedgainlossonderivativesarisingduringperiodtax": -300000,
        "othercomprehensiveincomelossreclassificationadjustmentfromaocionderivativestax": 700000,
        "othercomprehensiveincomeothertax": -1500000
    },
    {
        "date": "2015-04-03",
        "symbol": "NUE",
        "period": "Q1",
        "salesrevenuenet": 574983000,
        "costofgoodssold": 4111158000,
        "sellinggeneralandadministrativeexpense": 124561000,
        "incomelossfromequitymethodinvestments": -259000,
        "interestrevenueexpensenet": -44417000,
        "costsandexpensesoperatingandnonoperating": 4280395000,
        "incomelossfromcontinuingoperationsbeforeincometaxesextraordinaryitemsnoncontrollinginterest": 217128000,
        "incometaxexpensebenefit": 34753000,
        "profitloss": 84292000,
        "netincomelossattributabletononcontrollinginterest": 16492000,
        "netincomeloss": 67800000,
        "earningspersharebasic": 0.21,
        "earningspersharediluted": 0.21,
        "weightedaveragenumberofsharesoutstandingbasic": 320315000,
        "weightedaveragenumberofdilutedsharesoutstanding": 320483000,
        "commonstockdividendspersharedeclared": 0.3725,
        "othercomprehensiveincomeunrealizedgainlossonderivativesarisingduringperiodnetoftax": -2268000,
        "othercomprehensiveincomelossreclassificationadjustmentfromaocionderivativesnetoftax": -168000,
        "othercomprehensiveincomelossforeigncurrencytransactionandtranslationadjustmentnetoftax": -116695000,
        "othercomprehensiveincomelossnetoftax": -118795000,
        "comprehensiveincomenetoftaxincludingportionattributabletononcontrollinginterest": -50995000,
        "comprehensiveincomenetoftaxattributabletononcontrollinginterest": 16492000,
        "comprehensiveincomenetoftax": -50995000,
        "othercomprehensiveincomeunrealizedgainlossonderivativesarisingduringperiodtax": -1300000,
        "othercomprehensiveincomelossreclassificationadjustmentfromaocionderivativestax": 100000
    },
    {
        "date": "2014-12-30",
        "symbol": "NUE",
        "period": "Q4",
        "salesrevenuenet": 368734000,
        "costofgoodssold": 4489882000,
        "sellinggeneralandadministrativeexpense": 127347000,
        "incomelossfromequitymethodinvestments": 3477000,
        "interestrevenueexpensenet": -38775000,
        "costsandexpensesoperatingandnonoperating": 4652527000,
        "incomelossfromcontinuingoperationsbeforeincometaxesextraordinaryitemsnoncontrollinginterest": 405714000,
        "incometaxexpensebenefit": 106268000,
        "profitloss": 143114000,
        "netincomelossattributabletononcontrollinginterest": 34531000,
        "netincomeloss": 210427000,
        "earningspersharebasic": 0.65,
        "earningspersharediluted": 0.65,
        "othercomprehensiveincomeunrealizedgainlossonderivativesarisingduringperiodnetoftax": -7012000,
        "othercomprehensiveincomelossforeigncurrencytransactionandtranslationadjustmentnetoftax": -48209000,
        "othercomprehensiveincomelossnetoftax": -60367000,
        "comprehensiveincomenetoftaxincludingportionattributabletononcontrollinginterest": 251904000,
        "comprehensiveincomenetoftaxattributabletononcontrollinginterest": 34531000,
        "comprehensiveincomenetoftax": 150060000,
        "othercomprehensiveincomeunrealizedgainlossonderivativesarisingduringperiodtax": -4000000
    },
    {
        "date": "2014-10-03",
        "symbol": "NUE",
        "period": "Q3",
        "salesrevenuenet": 797396000,
        "costofgoodssold": 5102283000,
        "sellinggeneralandadministrativeexpense": 152604000,
        "incomelossfromequitymethodinvestments": 2352000,
        "interestrevenueexpensenet": -45349000,
        "costsandexpensesoperatingandnonoperating": 5297884000,
        "incomelossfromcontinuingoperationsbeforeincometaxesextraordinaryitemsnoncontrollinginterest": 502703000,
        "incometaxexpensebenefit": 129784000,
        "profitloss": 274201000,
        "netincomelossattributabletononcontrollinginterest": 28754000,
        "netincomeloss": 245447000,
        "earningspersharebasic": 0.7700000000000001,
        "earningspersharediluted": 0.7700000000000001,
        "weightedaveragenumberofsharesoutstandingbasic": 140000,
        "weightedaveragenumberofdilutedsharesoutstanding": 153000,
        "commonstockdividendspersharedeclared": 0.3700000000000001,
        "othercomprehensiveincomeunrealizedgainlossonderivativesarisingduringperiodnetoftax": 103000,
        "othercomprehensiveincomelossforeigncurrencytransactionandtranslationadjustmentnetoftax": -81689000,
        "othercomprehensiveincomelossnetoftax": -81389000,
        "comprehensiveincomenetoftaxincludingportionattributabletononcontrollinginterest": 164058000,
        "comprehensiveincomenetoftaxattributabletononcontrollinginterest": 28754000,
        "comprehensiveincomenetoftax": 164058000,
        "othercomprehensiveincomeunrealizedgainlossonderivativesarisingduringperiodtax": 100000
    },
    {
        "date": "2014-07-04",
        "symbol": "NUE",
        "period": "Q2",
        "salesrevenuenet": 824555000,
        "costofgoodssold": 4875208000,
        "sellinggeneralandadministrativeexpense": 132813000,
        "incomelossfromequitymethodinvestments": 3202000,
        "interestrevenueexpensenet": -44391000,
        "costsandexpensesoperatingandnonoperating": 5049210000,
        "incomelossfromcontinuingoperationsbeforeincometaxesextraordinaryitemsnoncontrollinginterest": 677576000,
        "incometaxexpensebenefit": 74930000,
        "profitloss": 166935000,
        "netincomelossattributabletononcontrollinginterest": 19894000,
        "netincomeloss": 147041000,
        "earningspersharebasic": 0.45000000000000007,
        "earningspersharediluted": 0.45000000000000007,
        "weightedaveragenumberofsharesoutstandingbasic": 92000,
        "weightedaveragenumberofdilutedsharesoutstanding": 104000,
        "commonstockdividendspersharedeclared": 0.37,
        "othercomprehensiveincomeunrealizedgainlossonderivativesarisingduringperiodnetoftax": 238000,
        "othercomprehensiveincomelossforeigncurrencytransactionandtranslationadjustmentnetoftax": 31845000,
        "othercomprehensiveincomelossnetoftax": 31845000,
        "comprehensiveincomenetoftaxincludingportionattributabletononcontrollinginterest": 226375000,
        "comprehensiveincomenetoftaxattributabletononcontrollinginterest": 19894000,
        "comprehensiveincomenetoftax": 178886000,
        "othercomprehensiveincomeunrealizedgainlossonderivativesarisingduringperiodtax": 100000
    },
    {
        "date": "2014-04-04",
        "symbol": "NUE",
        "period": "Q1",
        "salesrevenuenet": 626511000,
        "costofgoodssold": 4731242000,
        "sellinggeneralandadministrativeexpense": 133434000,
        "incomelossfromequitymethodinvestments": 4474000,
        "interestrevenueexpensenet": -40741000,
        "costsandexpensesoperatingandnonoperating": 4900943000,
        "incomelossfromcontinuingoperationsbeforeincometaxesextraordinaryitemsnoncontrollinginterest": 8359000,
        "incometaxexpensebenefit": 77805000,
        "profitloss": 129696000,
        "netincomelossattributabletononcontrollinginterest": 18665000,
        "netincomeloss": 111031000,
        "earningspersharebasic": 0.35,
        "earningspersharediluted": 0.35,
        "weightedaveragenumberofsharesoutstandingbasic": 319505000,
        "weightedaveragenumberofdilutedsharesoutstanding": 319768000,
        "commonstockdividendspersharedeclared": 0.37,
        "othercomprehensiveincomeunrealizedgainlossonderivativesarisingduringperiodnetoftax": -1871000,
        "othercomprehensiveincomelossreclassificationadjustmentonderivativesincludedinnetincomenetoftax": 471000,
        "othercomprehensiveincomelossforeigncurrencytransactionandtranslationadjustmentnetoftax": -43477000,
        "othercomprehensiveincomelossnetoftax": -44877000,
        "comprehensiveincomenetoftaxincludingportionattributabletononcontrollinginterest": 18665000,
        "comprehensiveincomenetoftaxattributabletononcontrollinginterest": 18665000,
        "comprehensiveincomenetoftax": 66154000,
        "othercomprehensiveincomeunrealizedgainlossonderivativesarisingduringperiodtax": -1100000,
        "othercomprehensiveincomelossreclassificationadjustmentonderivativesincludedinnetincometax": 200000,
        "othercomprehensiveincomeforeigncurrencytranslationgainlossarisingduringperiodtax": -400000
    },
    {
        "date": "2013-12-30",
        "symbol": "NUE",
        "period": "Q4",
        "salesrevenuenet": 238397000,
        "costofgoodssold": 4509009000,
        "sellinggeneralandadministrativeexpense": 117403000,
        "incomelossfromequitymethodinvestments": 6632000,
        "interestrevenueexpensenet": -37709000,
        "costsandexpensesoperatingandnonoperating": 4657489000,
        "incomelossfromcontinuingoperationsbeforeincometaxesextraordinaryitemsnoncontrollinginterest": 425000,
        "incometaxexpensebenefit": 46845000,
        "profitloss": -297609000,
        "netincomelossattributabletononcontrollinginterest": 19922000,
        "netincomeloss": 170494000,
        "earningspersharebasic": 0.53,
        "earningspersharediluted": 0.53,
        "othercomprehensiveincomelossforeigncurrencytransactionandtranslationadjustmentnetoftax": -19403000,
        "othercomprehensiveincomelossnetoftax": -13465000,
        "comprehensiveincomenetoftaxincludingportionattributabletononcontrollinginterest": 211227000,
        "comprehensiveincomenetoftaxattributabletononcontrollinginterest": 19922000,
        "comprehensiveincomenetoftax": 157029000
    },
    {
        "date": "2013-09-27",
        "symbol": "NUE",
        "period": "Q3",
        "salesrevenuenet": 540899000,
        "costofgoodssold": 4532393000,
        "sellinggeneralandadministrativeexpense": 125126000,
        "incomelossfromequitymethodinvestments": 2252000,
        "interestrevenueexpensenet": -37467000,
        "costsandexpensesoperatingandnonoperating": 4692734000,
        "incomelossfromcontinuingoperationsbeforeincometaxesextraordinaryitemsnoncontrollinginterest": -493000,
        "incometaxexpensebenefit": 70087000,
        "profitloss": 178115000,
        "netincomelossattributabletononcontrollinginterest": 30518000,
        "netincomeloss": 147597000,
        "earningspersharebasic": 0.46,
        "earningspersharediluted": 0.46,
        "weightedaveragenumberofsharesoutstandingbasic": 319341000,
        "weightedaveragenumberofdilutedsharesoutstanding": 319526000,
        "commonstockdividendspersharedeclared": 0.3675,
        "othercomprehensiveincomelossforeigncurrencytransactionandtranslationadjustmentnetoftax": 31879000,
        "othercomprehensiveincomelossnetoftax": 31879000,
        "comprehensiveincomenetoftaxincludingportionattributabletononcontrollinginterest": 209994000,
        "comprehensiveincomenetoftaxattributabletononcontrollinginterest": 30518000,
        "comprehensiveincomenetoftax": 179476000,
        "othercomprehensiveincomeforeigncurrencytranslationgainlossarisingduringperiodtax": 500000
    },
    {
        "date": "2013-06-28",
        "symbol": "NUE",
        "period": "Q2",
        "salesrevenuenet": 531051000,
        "costofgoodssold": 4352463000,
        "sellinggeneralandadministrativeexpense": 123150000,
        "incomelossfromequitymethodinvestments": 1585000,
        "interestrevenueexpensenet": -39228000,
        "costsandexpensesoperatingandnonoperating": 4513256000,
        "incomelossfromcontinuingoperationsbeforeincometaxesextraordinaryitemsnoncontrollinginterest": 12218000,
        "incometaxexpensebenefit": 46062000,
        "profitloss": 106270000,
        "netincomelossattributabletononcontrollinginterest": 21125000,
        "netincomeloss": 85145000,
        "earningspersharebasic": 0.27,
        "earningspersharediluted": 0.27,
        "weightedaveragenumberofsharesoutstandingbasic": 318903000,
        "weightedaveragenumberofdilutedsharesoutstanding": 319023000,
        "commonstockdividendspersharedeclared": 0.3675,
        "othercomprehensiveincomelossforeigncurrencytransactionandtranslationadjustmentnetoftax": -15582000,
        "othercomprehensiveincomelossnetoftax": -15582000,
        "comprehensiveincomenetoftaxincludingportionattributabletononcontrollinginterest": 90688000,
        "comprehensiveincomenetoftaxattributabletononcontrollinginterest": 21125000,
        "comprehensiveincomenetoftax": 69563000,
        "othercomprehensiveincomeforeigncurrencytranslationgainlossarisingduringperiodtax": -200000
    },
    {
        "date": "2013-03-29",
        "symbol": "NUE",
        "period": "Q1",
        "salesrevenuenet": 493271000,
        "costofgoodssold": 4247556000,
        "sellinggeneralandadministrativeexpense": 116225000,
        "incomelossfromequitymethodinvestments": -1172000,
        "interestrevenueexpensenet": -32491000,
        "costsandexpensesoperatingandnonoperating": 4397444000,
        "incomelossfromcontinuingoperationsbeforeincometaxesextraordinaryitemsnoncontrollinginterest": 1536000,
        "incometaxexpensebenefit": 42600000,
        "profitloss": 110728000,
        "netincomelossattributabletononcontrollinginterest": 25939000,
        "netincomeloss": 84789000,
        "earningspersharebasic": 0.26,
        "earningspersharediluted": 0.26,
        "weightedaveragenumberofsharesoutstandingbasic": 318686000,
        "weightedaveragenumberofdilutedsharesoutstanding": 318842000,
        "commonstockdividendspersharedeclared": 0.3675,
        "othercomprehensiveincomelossforeigncurrencytransactionandtranslationadjustmentnetoftax": -50513000,
        "othercomprehensiveincomelossnetoftax": -50513000,
        "comprehensiveincomenetoftaxincludingportionattributabletononcontrollinginterest": 25939000,
        "comprehensiveincomenetoftaxattributabletononcontrollinginterest": 25939000,
        "comprehensiveincomenetoftax": 34276000
    },
    {
        "date": "2012-12-30",
        "symbol": "NUE",
        "period": "Q4",
        "salesrevenuenet": 484106000,
        "costofgoodssold": 4066926000,
        "sellinggeneralandadministrativeexpense": 120861000,
        "incomelossfromequitymethodinvestments": -4230000,
        "interestrevenueexpensenet": -39347000,
        "costsandexpensesoperatingandnonoperating": 4231364000,
        "incomelossfromcontinuingoperationsbeforeincometaxesextraordinaryitemsnoncontrollinginterest": 11041000,
        "incometaxexpensebenefit": 59655000,
        "profitloss": -344364000,
        "netincomelossattributabletononcontrollinginterest": 23347000,
        "netincomeloss": 136908000,
        "earningspersharebasic": 0.4300000000000001,
        "earningspersharediluted": 0.4300000000000001,
        "comprehensiveincomenetoftaxincludingportionattributabletononcontrollinginterest": 623260000,
        "comprehensiveincomenetoftaxattributabletononcontrollinginterest": 23415000,
        "comprehensiveincomenetoftax": 142644000
    },
    {
        "date": "2012-09-28",
        "symbol": "NUE",
        "period": "Q3",
        "salesrevenuenet": 475322000,
        "costofgoodssold": 4452473000,
        "sellinggeneralandadministrativeexpense": 114392000,
        "incomelossfromequitymethodinvestments": -2261000,
        "interestrevenueexpensenet": -40305000,
        "costsandexpensesoperatingandnonoperating": 4609431000,
        "incomelossfromcontinuingoperationsbeforeincometaxesextraordinaryitemsnoncontrollinginterest": 14535000,
        "incometaxexpensebenefit": 61883000,
        "profitloss": 129892000,
        "netincomelossattributabletononcontrollinginterest": 19584000,
        "netincomeloss": 110308000,
        "earningspersharebasic": 0.3399999999999998,
        "earningspersharediluted": 0.3399999999999998,
        "weightedaveragenumberofsharesoutstandingbasic": 210000,
        "weightedaveragenumberofdilutedsharesoutstanding": 203000,
        "commonstockdividendspersharedeclared": 0.365,
        "comprehensiveincomenetoftaxincludingportionattributabletononcontrollinginterest": 19585000,
        "comprehensiveincomenetoftaxattributabletononcontrollinginterest": 19585000,
        "comprehensiveincomenetoftax": 181972000
    },
    {
        "date": "2012-06-29",
        "symbol": "NUE",
        "period": "Q2",
        "salesrevenuenet": 137567000,
        "costofgoodssold": 4704269000,
        "sellinggeneralandadministrativeexpense": 112528000,
        "incomelossfromequitymethodinvestments": -158000,
        "interestrevenueexpensenet": -41051000,
        "costsandexpensesoperatingandnonoperating": 4888006000,
        "incomelossfromcontinuingoperationsbeforeincometaxesextraordinaryitemsnoncontrollinginterest": 62732000,
        "incometaxexpensebenefit": 76626000,
        "profitloss": 139567000,
        "netincomelossattributabletononcontrollinginterest": 27268000,
        "netincomeloss": 112299000,
        "earningspersharebasic": 0.35000000000000003,
        "earningspersharediluted": 0.35000000000000003,
        "weightedaveragenumberofsharesoutstandingbasic": 143000,
        "weightedaveragenumberofdilutedsharesoutstanding": 131000,
        "commonstockdividendspersharedeclared": 0.365,
        "othercomprehensiveincomeunrealizedgainlossonderivativesarisingduringperiodnetoftax": 0,
        "othercomprehensiveincomereclassificationadjustmentonderivativesincludedinnetincomenetoftax": -32261000,
        "othercomprehensiveincomeforeigncurrencytransactionandtranslationadjustmentnetoftaxperiodincreasedecrease": -55433000,
        "othercomprehensiveincomelossnetoftaxperiodincreasedecrease": -44880000,
        "comprehensiveincomenetoftaxincludingportionattributabletononcontrollinginterest": -162262000,
        "comprehensiveincomenetoftaxattributabletononcontrollinginterest": 27232000,
        "comprehensiveincomenetoftax": 67455000
    },
    {
        "date": "2012-03-30",
        "symbol": "NUE",
        "period": "Q1",
        "salesrevenuenet": 842245000,
        "costofgoodssold": 4692067000,
        "sellinggeneralandadministrativeexpense": 107119000,
        "incomelossfromequitymethodinvestments": -6674000,
        "interestrevenueexpensenet": -41672000,
        "costsandexpensesoperatingandnonoperating": 4847532000,
        "incomelossfromcontinuingoperationsbeforeincometaxesextraordinaryitemsnoncontrollinginterest": -33044000,
        "incometaxexpensebenefit": 61650000,
        "profitloss": 163412000,
        "netincomelossattributabletononcontrollinginterest": 18308000,
        "netincomeloss": 145104000,
        "earningspersharebasic": 0.46,
        "earningspersharediluted": 0.46,
        "weightedaveragenumberofsharesoutstandingbasic": 317689000,
        "weightedaveragenumberofdilutedsharesoutstanding": 317779000,
        "commonstockdividendspersharedeclared": 0.365,
        "othercomprehensiveincomeunrealizedgainlossonderivativesarisingduringperiodnetoftax": -2264000,
        "othercomprehensiveincomereclassificationadjustmentonderivativesincludedinnetincomenetoftax": 10854000,
        "othercomprehensiveincomeforeigncurrencytransactionandtranslationadjustmentnetoftaxperiodincreasedecrease": 54052000,
        "othercomprehensiveincomelossnetoftaxperiodincreasedecrease": 62642000,
        "comprehensiveincomenetoftaxincludingportionattributabletononcontrollinginterest": 207774000,
        "comprehensiveincomenetoftaxattributabletononcontrollinginterest": 18280000,
        "comprehensiveincomenetoftax": 207774000
    },
    {
        "date": "2011-12-30",
        "symbol": "NUE",
        "period": "Q4",
        "salesrevenuenet": -8850060000,
        "costofgoodssold": 4461568000,
        "sellinggeneralandadministrativeexpense": 108050000,
        "incomelossfromequitymethodinvestments": 4147000,
        "costsandexpensesoperatingandnonoperating": 4605622000,
        "incometaxexpensebenefit": 65882000,
        "profitloss": 96658000,
        "netincomelossattributabletononcontrollinginterest": 21117000,
        "netincomeloss": 137056000,
        "earningspersharebasic": 0.4400000000000004,
        "earningspersharediluted": 0.4400000000000004
    },
    {
        "date": "2011-09-30",
        "symbol": "NUE",
        "period": "Q3",
        "salesrevenuenet": 958224000,
        "costofgoodssold": 4776283000,
        "sellinggeneralandadministrativeexpense": 140206000,
        "incomelossfromequitymethodinvestments": -11247000,
        "interestrevenueexpensenet": -40193000,
        "costsandexpensesoperatingandnonoperating": 4967929000,
        "incomelossfromcontinuingoperationsbeforeincometaxesextraordinaryitemsnoncontrollinginterest": -10527000,
        "incometaxexpensebenefit": 84104000,
        "profitloss": 200111000,
        "netincomelossattributabletononcontrollinginterest": 18593000,
        "netincomeloss": 181518000,
        "earningspersharebasic": 0.57,
        "earningspersharediluted": 0.57,
        "weightedaveragenumberofsharesoutstandingbasic": 317194000,
        "weightedaveragenumberofdilutedsharesoutstanding": 317287000,
        "commonstockdividendspersharedeclared": 0.3625
    },
    {
        "date": "2011-07-01",
        "symbol": "NUE",
        "period": "Q2",
        "salesrevenuenet": 5107809000,
        "costofgoodssold": 4441591000,
        "sellinggeneralandadministrativeexpense": 147014000,
        "incomelossfromequitymethodinvestments": 1267000,
        "interestincomeexpensenet": -43184000,
        "costsandexpensesoperatingandnonoperating": 4630522000,
        "incomelossfromcontinuingoperationsbeforeincometaxesandminorityinterest": -10010000,
        "incometaxexpensebenefit": 155709000,
        "profitloss": 321578000,
        "netincomelossattributabletononcontrollinginterest": 21805000,
        "netincomeloss": 299773000,
        "earningspersharebasic": 0.94,
        "earningspersharediluted": 0.94,
        "weightedaveragenumberofsharesoutstandingbasic": 316811000,
        "weightedaveragenumberofdilutedsharesoutstanding": 317022000,
        "commonstockdividendspersharedeclared": 0.3625
    },
    {
        "date": "2011-04-01",
        "symbol": "NUE",
        "period": "Q1",
        "salesrevenuenet": 4833934000,
        "costofgoodssold": 4395525000,
        "sellinggeneralandadministrativeexpense": 125378000,
        "incomelossfromequitymethodinvestments": -4210000,
        "interestincomeexpensenet": -42566000,
        "costsandexpensesoperatingandnonoperating": 4567679000,
        "incomelossfromcontinuingoperationsbeforeincometaxesandminorityinterest": -35895000,
        "incometaxexpensebenefit": 85133000,
        "profitloss": 159841000,
        "netincomelossattributabletononcontrollinginterest": 21281000,
        "netincomeloss": 159841000,
        "earningspersharebasic": 0.5,
        "earningspersharediluted": 0.5,
        "weightedaveragenumberofsharesoutstandingbasic": 316595000,
        "weightedaveragenumberofdilutedsharesoutstanding": 316874000,
        "commonstockdividendspersharedeclared": 0.3625
    },
    {
        "date": "2010-10-01",
        "symbol": "NUE",
        "period": "Q3",
        "salesrevenuenet": 4140069000,
        "costofgoodssold": 3949779000,
        "sellinggeneralandadministrativeexpense": 88866000,
        "incomelossfromequitymethodinvestments": -5732000,
        "interestincomeexpensenet": -37686000,
        "costsandexpensesoperatingandnonoperating": 4082063000,
        "incomelossfromcontinuingoperationsbeforeincometaxesandminorityinterest": -40826000,
        "incometaxexpensebenefit": 7982000,
        "profitloss": 50024000,
        "netincomelossattributabletononcontrollinginterest": 26529000,
        "netincomeloss": 23495000,
        "earningspersharebasic": 0.07,
        "earningspersharediluted": 0.07,
        "weightedaveragenumberofsharesoutstandingbasic": 316223000,
        "weightedaveragenumberofdilutedsharesoutstanding": 316756000,
        "commonstockdividendspersharedeclared": 0.36
    },
    {
        "date": "2010-07-02",
        "symbol": "NUE",
        "period": "Q2",
        "salesrevenuenet": 4195966000,
        "costofgoodssold": 3887929000,
        "sellinggeneralandadministrativeexpense": 107770000,
        "incomelossfromequitymethodinvestments": -7372000,
        "interestincomeexpensenet": -37322000,
        "costsandexpensesoperatingandnonoperating": 4040393000,
        "incomelossfromcontinuingoperationsbeforeincometaxesandminorityinterest": -35295000,
        "incometaxexpensebenefit": 49355000,
        "profitloss": 106218000,
        "netincomelossattributabletononcontrollinginterest": 15226000,
        "netincomeloss": 90992000,
        "earningspersharebasic": 0.29,
        "earningspersharediluted": 0.29,
        "weightedaveragenumberofsharesoutstandingbasic": 315849000,
        "weightedaveragenumberofdilutedsharesoutstanding": 316472000,
        "commonstockdividendspersharedeclared": 0.36
    },
    {
        "date": "2010-04-02",
        "symbol": "NUE",
        "period": "Q1",
        "salesrevenuenet": 3654842000,
        "costofgoodssold": 3442047000,
        "sellinggeneralandadministrativeexpense": 92594000,
        "incomelossfromequitymethodinvestments": -18377000,
        "interestincomeexpensenet": -37788000,
        "costsandexpensesoperatingandnonoperating": 3590806000,
        "incomelossfromcontinuingoperationsbeforeincometaxesandminorityinterest": 64036000,
        "incometaxexpensebenefit": 22842000,
        "profitloss": 41194000,
        "netincomelossattributabletononcontrollinginterest": 10230000,
        "netincomeloss": 30964000,
        "earningspersharebasic": 0.1,
        "earningspersharediluted": 0.1,
        "weightedaveragenumberofsharesoutstandingbasic": 315461000,
        "weightedaveragenumberofdilutedsharesoutstanding": 316228000,
        "commonstockdividendspersharedeclared": 0.36
    },
    {
        "date": "2009-10-02",
        "symbol": "NUE",
        "period": "Q3",
        "salesrevenuenet": 3120005000,
        "costofgoodssold": 3000851000,
        "sellinggeneralandadministrativeexpense": 105913000,
        "interestincomeexpensenet": -34725000,
        "costsandexpensesoperatingandnonoperating": 3141489000,
        "incomelossfromcontinuingoperationsbeforeincometaxesandminorityinterest": -21484000,
        "incometaxexpensebenefit": -16173000,
        "profitloss": -5311000,
        "netincomelossattributabletononcontrollinginterest": 24227000,
        "netincomeloss": -29538000,
        "earningspersharebasic": -0.1,
        "earningspersharediluted": -0.1,
        "weightedaveragenumberofsharesoutstandingbasic": 315173000,
        "weightedaveragenumberofdilutedsharesoutstanding": 315173000,
        "commonstockdividendspersharedeclared": 0.35
    }
]