[
    {
        "date": "2023-12-30",
        "symbol": "PLD",
        "period": "Q4",
        "rentalrevenue": 1755959000,
        "managementfeesrevenue1": 129648000,
        "otherrealestaterevenue1": 3640000,
        "revenues": 1889247000,
        "directcostsofleasedandrentedpropertyorequipment": 408225000,
        "servicemanagementcosts1": 78858000,
        "generalandadministrativeexpense": 98309000,
        "depreciationandamortization": 638346000,
        "othercostandexpenseoperating": 21668000,
        "operatingexpensesbeforegainsonrealestatetransactionsnet": 1245406000,
        "operatingincomelossbeforegainslossonrealestatetransactionsnet": 643841000,
        "gainsonotherdispositionsofinvestmentsinrealestatenet": 2647000,
        "operatingincomeloss": 834851000,
        "incomelossfromequitymethodinvestments": 89441000,
        "interestexpense": 174450000,
        "nonoperatingincomeexpense": -100470000,
        "incomelossfromcontinuingoperationsbeforeincometaxesextraordinaryitemsnoncontrollinginterest": 734381000,
        "incometaxexpensebenefit": 58497000,
        "profitloss": 675884000,
        "netincomelossattributabletononcontrollinginterest": 44948000,
        "netincomeloss": 630936000,
        "preferredstockdividendsincomestatementimpact": 1460000,
        "netincomelossavailabletocommonstockholdersbasic": 629476000,
        "weightedaveragenumberofsharesoutstandingbasic": 924351000,
        "weightedaveragenumberofdilutedsharesoutstanding": 951791000,
        "earningspersharebasic": 0.6799999999999999,
        "earningspersharediluted": 0.6800000000000002,
        "othercomprehensiveincomeforeigncurrencytransactionandtranslationgainlossarisingduringperiodnetoftax": -263466000,
        "othercomprehensiveincomelosscashflowhedgegainlossbeforereclassificationaftertax": -72705000,
        "comprehensiveincomenetoftaxincludingportionattributabletononcontrollinginterest": 339713000,
        "othercomprehensiveincomelossnetoftaxportionattributabletononcontrollinginterest": -7753000,
        "comprehensiveincomenetoftax": 302518000
    },
    {
        "date": "2023-09-29",
        "symbol": "PLD",
        "period": "Q3",
        "rentalrevenue": 1777359000,
        "managementfeesrevenue1": 136848000,
        "otherrealestaterevenue1": 457000,
        "revenues": 1914664000,
        "directcostsofleasedandrentedpropertyorequipment": 416076000,
        "servicemanagementcosts1": 84069000,
        "generalandadministrativeexpense": 96673000,
        "depreciationandamortization": 642010000,
        "othercostandexpenseoperating": 12342000,
        "operatingexpensesbeforegainsonrealestatetransactionsnet": 1251170000,
        "operatingincomelossbeforegainslossonrealestatetransactionsnet": 663494000,
        "gainsonotherdispositionsofinvestmentsinrealestatenet": 129584000,
        "operatingincomeloss": 882108000,
        "incomelossfromequitymethodinvestments": 71365000,
        "interestexpense": 181053000,
        "gainlossonforeigncurrencyandderivativeandinterestandotherincomeexpensenet": 67964000,
        "nonoperatingincomeexpense": -41724000,
        "incomelossfromcontinuingoperationsbeforeincometaxesextraordinaryitemsnoncontrollinginterest": 840384000,
        "incometaxexpensebenefit": 41243000,
        "profitloss": 799141000,
        "netincomelossattributabletononcontrollinginterest": 51514000,
        "netincomeloss": 747627000,
        "preferredstockdividendsincomestatementimpact": 1453000,
        "netincomelossavailabletocommonstockholdersbasic": 746174000,
        "weightedaveragenumberofsharesoutstandingbasic": 924228000,
        "weightedaveragenumberofdilutedsharesoutstanding": 951643000,
        "earningspersharebasic": 0.8,
        "earningspersharediluted": 0.7999999999999998,
        "othercomprehensiveincomeforeigncurrencytransactionandtranslationgainlossarisingduringperiodnetoftax": 146281000,
        "othercomprehensiveincomelosscashflowhedgegainlossbeforereclassificationaftertax": 3702000,
        "comprehensiveincomenetoftaxincludingportionattributabletononcontrollinginterest": 949124000,
        "othercomprehensiveincomelossnetoftaxportionattributabletononcontrollinginterest": 3396000,
        "comprehensiveincomenetoftax": 894214000
    },
    {
        "date": "2023-06-29",
        "symbol": "PLD",
        "period": "Q2",
        "rentalrevenue": 1651454000,
        "managementfeesrevenue1": 799035000,
        "otherrealestaterevenue1": 482000,
        "revenues": 2450971000,
        "directcostsofleasedandrentedpropertyorequipment": 387938000,
        "servicemanagementcosts1": 150906000,
        "generalandadministrativeexpense": 95647000,
        "depreciationandamortization": 602168000,
        "othercostandexpenseoperating": 12160000,
        "operatingexpensesbeforegainsonrealestatetransactionsnet": 1248819000,
        "operatingincomelossbeforegainslossonrealestatetransactionsnet": 1202152000,
        "gainsonotherdispositionsofinvestmentsinrealestatenet": 24761000,
        "operatingincomeloss": 1411790000,
        "incomelossfromequitymethodinvestments": 70642000,
        "interestexpense": 149818000,
        "gainlossonforeigncurrencyandderivativeandinterestandotherincomeexpensenet": 26104000,
        "gainslossesonextinguishmentofdebt": 0,
        "nonoperatingincomeexpense": -53072000,
        "incomelossfromcontinuingoperationsbeforeincometaxesextraordinaryitemsnoncontrollinginterest": 1358718000,
        "incometaxexpensebenefit": 79227000,
        "profitloss": 1279491000,
        "netincomelossattributabletononcontrollinginterest": 63463000,
        "netincomeloss": 1216028000,
        "preferredstockdividendsincomestatementimpact": 1475000,
        "netincomelossavailabletocommonstockholdersbasic": 1214553000,
        "weightedaveragenumberofsharesoutstandingbasic": 924087000,
        "weightedaveragenumberofdilutedsharesoutstanding": 951638000,
        "earningspersharebasic": 1.32,
        "earningspersharediluted": 1.31,
        "othercomprehensiveincomeforeigncurrencytransactionandtranslationgainlossarisingduringperiodnetoftax": 166049000,
        "othercomprehensiveincomelosscashflowhedgegainlossbeforereclassificationaftertax": 2153000,
        "comprehensiveincomenetoftaxincludingportionattributabletononcontrollinginterest": 1447693000,
        "othercomprehensiveincomelossnetoftaxportionattributabletononcontrollinginterest": 4148000,
        "comprehensiveincomenetoftax": 1380082000
    },
    {
        "date": "2023-03-31",
        "symbol": "PLD",
        "period": "Q1",
        "rentalrevenue": 1633770000,
        "managementfeesrevenue1": 134701000,
        "otherrealestaterevenue1": 116000,
        "revenues": 1768587000,
        "directcostsofleasedandrentedpropertyorequipment": 412554000,
        "servicemanagementcosts1": 71709000,
        "generalandadministrativeexpense": 99777000,
        "depreciationandamortization": 602367000,
        "othercostandexpenseoperating": 7184000,
        "operatingexpensesbeforegainsonrealestatetransactionsnet": 1193591000,
        "operatingincomelossbeforegainslossonrealestatetransactionsnet": 574996000,
        "gainsonotherdispositionsofinvestmentsinrealestatenet": 4047000,
        "operatingincomeloss": 579043000,
        "incomelossfromequitymethodinvestments": 75779000,
        "interestexpense": 136011000,
        "gainlossonforeigncurrencyandderivativeandinterestandotherincomeexpensenet": 8614000,
        "gainslossesonextinguishmentofdebt": 3275000,
        "nonoperatingincomeexpense": -48343000,
        "incomelossfromcontinuingoperationsbeforeincometaxesextraordinaryitemsnoncontrollinginterest": 530700000,
        "incometaxexpensebenefit": 32071000,
        "profitloss": 498629000,
        "netincomelossattributabletononcontrollinginterest": 34006000,
        "netincomeloss": 464623000,
        "preferredstockdividendsincomestatementimpact": 1453000,
        "netincomelossavailabletocommonstockholdersbasic": 463170000,
        "weightedaveragenumberofsharesoutstandingbasic": 923888000,
        "weightedaveragenumberofdilutedsharesoutstanding": 951624000,
        "earningspersharebasic": 0.5,
        "earningspersharediluted": 0.5,
        "othercomprehensiveincomeforeigncurrencytransactionandtranslationgainlossarisingduringperiodnetoftax": -28101000,
        "othercomprehensiveincomelosscashflowhedgegainlossbeforereclassificationaftertax": -25853000,
        "comprehensiveincomenetoftaxincludingportionattributabletononcontrollinginterest": 444675000,
        "othercomprehensiveincomelossnetoftaxportionattributabletononcontrollinginterest": -1139000,
        "comprehensiveincomenetoftax": 411808000
    },
    {
        "date": "2022-12-30",
        "symbol": "PLD",
        "period": "Q4",
        "rentalrevenue": 1591012000,
        "managementfeesrevenue1": 154669000,
        "otherrealestaterevenue1": 5911000,
        "revenues": 1751592000,
        "directcostsofleasedandrentedpropertyorequipment": 374892000,
        "servicemanagementcosts1": 63938000,
        "generalandadministrativeexpense": 85420000,
        "depreciationandamortization": 612367000,
        "othercostandexpenseoperating": 12122000,
        "operatingexpensesbeforegainsonrealestatetransactionsnet": 1148739000,
        "operatingincomelossbeforegainslossonrealestatetransactionsnet": 602853000,
        "gainsondispositionsofdevelopmentpropertiesandlandnet": 207059000,
        "operatingincomeloss": 813449000,
        "incomelossfromequitymethodinvestments": 69391000,
        "interestexpense": 120796000,
        "nonoperatingincomeexpense": -175696000,
        "incomelossfromcontinuingoperationsbeforeincometaxesextraordinaryitemsnoncontrollinginterest": 637753000,
        "incometaxexpensebenefit": 17687000,
        "profitloss": 620066000,
        "netincomelossattributabletononcontrollinginterest": 32852000,
        "netincomeloss": 587214000,
        "preferredstockdividendsincomestatementimpact": 1460000,
        "netincomelossavailabletocommonstockholdersbasic": 585754000,
        "weightedaveragenumberofsharesoutstandingbasic": 785675000,
        "weightedaveragenumberofdilutedsharesoutstanding": 811608000,
        "earningspersharebasic": 0.5399999999999998,
        "earningspersharediluted": 0.5299999999999998,
        "othercomprehensiveincomeforeigncurrencytransactionandtranslationgainlossarisingduringperiodnetoftax": -387697000,
        "othercomprehensiveincomelosscashflowhedgegainlossbeforereclassificationaftertax": 4409000,
        "comprehensiveincomenetoftaxincludingportionattributabletononcontrollinginterest": 236778000,
        "othercomprehensiveincomelossnetoftaxportionattributabletononcontrollinginterest": -11305000,
        "comprehensiveincomenetoftax": 215231000
    },
    {
        "date": "2022-09-29",
        "symbol": "PLD",
        "period": "Q3",
        "rentalrevenue": 1151846000,
        "managementfeesrevenue1": 594752000,
        "otherrealestaterevenue1": 4294000,
        "revenues": 1750892000,
        "directcostsofleasedandrentedpropertyorequipment": 284707000,
        "servicemanagementcosts1": 130555000,
        "generalandadministrativeexpense": 87903000,
        "depreciationandamortization": 401450000,
        "othercostandexpenseoperating": 7004000,
        "operatingexpensesbeforegainsonrealestatetransactionsnet": 911619000,
        "operatingincomelossbeforegainslossonrealestatetransactionsnet": 839273000,
        "gainsondispositionsofdevelopmentpropertiesandlandnet": 74678000,
        "operatingincomeloss": 914970000,
        "incomelossfromequitymethodinvestments": 84925000,
        "interestexpense": 63884000,
        "gainslossesonextinguishmentofdebt": 0,
        "nonoperatingincomeexpense": 192873000,
        "incomelossfromcontinuingoperationsbeforeincometaxesextraordinaryitemsnoncontrollinginterest": 1107843000,
        "incometaxexpensebenefit": 38669000,
        "profitloss": 1069174000,
        "netincomelossattributabletononcontrollinginterest": 53710000,
        "netincomeloss": 1015464000,
        "preferredstockdividendsincomestatementimpact": 1531000,
        "netincomelossavailabletocommonstockholdersbasic": 1013933000,
        "weightedaveragenumberofsharesoutstandingbasic": 740585000,
        "weightedaveragenumberofdilutedsharesoutstanding": 766019000,
        "earningspersharebasic": 1.36,
        "earningspersharediluted": 1.3600000000000003,
        "othercomprehensiveincomeforeigncurrencytransactionandtranslationgainlossarisingduringperiodnetoftax": 239062000,
        "othercomprehensiveincomelosscashflowhedgegainlossbeforereclassificationaftertax": 24902000,
        "comprehensiveincomenetoftaxincludingportionattributabletononcontrollinginterest": 1333138000,
        "othercomprehensiveincomelossnetoftaxportionattributabletononcontrollinginterest": 6829000,
        "comprehensiveincomenetoftax": 1272599000
    },
    {
        "date": "2022-06-29",
        "symbol": "PLD",
        "period": "Q2",
        "rentalrevenue": 1093452000,
        "managementfeesrevenue1": 156239000,
        "otherrealestaterevenue1": 2389000,
        "revenues": 1252080000,
        "directcostsofleasedandrentedpropertyorequipment": 270465000,
        "servicemanagementcosts1": 57052000,
        "generalandadministrativeexpense": 83114000,
        "depreciationandamortization": 402313000,
        "othercostandexpenseoperating": 11621000,
        "operatingexpensesbeforegainsonrealestatetransactionsnet": 824565000,
        "operatingincomelossbeforegainslossonrealestatetransactionsnet": 427515000,
        "gainsondispositionsofdevelopmentpropertiesandlandnet": 105802000,
        "gainsonotherdispositionsofinvestmentsinrealestatenet": 0,
        "operatingincomeloss": 533317000,
        "incomelossfromequitymethodinvestments": 79594000,
        "interestexpense": 60293000,
        "othernonoperatingincomeexpense": 6227000,
        "gainlossonforeigncurrencyandderivative": 138155000,
        "gainslossesonextinguishmentofdebt": -730000,
        "nonoperatingincomeexpense": 162953000,
        "incomelossfromcontinuingoperationsbeforeincometaxesextraordinaryitemsnoncontrollinginterest": 696270000,
        "incometaxexpensebenefit": 49834000,
        "profitloss": 646436000,
        "netincomelossattributabletononcontrollinginterest": 35043000,
        "netincomeloss": 611393000,
        "preferredstockdividendsincomestatementimpact": 1538000,
        "netincomelossavailabletocommonstockholdersbasic": 609855000,
        "weightedaveragenumberofsharesoutstandingbasic": 138000,
        "weightedaveragenumberofdilutedsharesoutstanding": 342000,
        "earningspersharebasic": 0.8299999999999998,
        "earningspersharediluted": 0.8199999999999998,
        "othercomprehensiveincomeforeigncurrencytransactionandtranslationgainlossarisingduringperiodnetoftax": 332517000,
        "othercomprehensiveincomelosscashflowhedgegainlossbeforereclassificationaftertax": 28979000,
        "comprehensiveincomenetoftaxincludingportionattributabletononcontrollinginterest": 1007932000,
        "othercomprehensiveincomelossnetoftaxportionattributabletononcontrollinginterest": 9137000,
        "comprehensiveincomenetoftax": 963752000
    },
    {
        "date": "2022-03-30",
        "symbol": "PLD",
        "period": "Q1",
        "rentalrevenue": 1076861000,
        "managementfeesrevenue1": 133925000,
        "otherrealestaterevenue1": 8342000,
        "revenues": 1219128000,
        "directcostsofleasedandrentedpropertyorequipment": 275674000,
        "servicemanagementcosts1": 51811000,
        "generalandadministrativeexpense": 74646000,
        "depreciationandamortization": 396647000,
        "othercostandexpenseoperating": 9589000,
        "operatingexpensesbeforegainsonrealestatetransactionsnet": 808367000,
        "operatingincomelossbeforegainslossonrealestatetransactionsnet": 410761000,
        "gainsondispositionsofdevelopmentpropertiesandlandnet": 210206000,
        "gainsonotherdispositionsofinvestmentsinrealestatenet": 584835000,
        "operatingincomeloss": 1205802000,
        "incomelossfromequitymethodinvestments": 76962000,
        "interestexpense": 64064000,
        "othernonoperatingincomeexpense": 1053000,
        "gainlossonforeigncurrencyandderivative": 47356000,
        "gainslossesonextinguishmentofdebt": -18165000,
        "nonoperatingincomeexpense": 43142000,
        "incomelossfromcontinuingoperationsbeforeincometaxesextraordinaryitemsnoncontrollinginterest": 1248944000,
        "incometaxexpensebenefit": 29222000,
        "profitloss": 1219722000,
        "netincomelossattributabletononcontrollinginterest": 68937000,
        "netincomeloss": 1150785000,
        "preferredstockdividendsincomestatementimpact": 1531000,
        "netincomelossavailabletocommonstockholdersbasic": 1149254000,
        "weightedaveragenumberofsharesoutstandingbasic": 740368000,
        "weightedaveragenumberofdilutedsharesoutstanding": 765517000,
        "earningspersharebasic": 1.55,
        "earningspersharediluted": 1.54,
        "othercomprehensiveincomeforeigncurrencytransactionandtranslationgainlossarisingduringperiodnetoftax": 189523000,
        "othercomprehensiveincomelosscashflowhedgegainlossbeforereclassificationaftertax": 13349000,
        "comprehensiveincomenetoftaxincludingportionattributabletononcontrollinginterest": 1422594000,
        "othercomprehensiveincomelossnetoftaxportionattributabletononcontrollinginterest": 5739000,
        "comprehensiveincomenetoftax": 1347918000
    },
    {
        "date": "2021-09-29",
        "symbol": "PLD",
        "period": "Q3",
        "operatingleasesincomestatementleaserevenue": 1037281000,
        "managementfeesrevenue1": 141448000,
        "otherrealestaterevenue1": 4320000,
        "revenues": 1183049000,
        "directcostsofleasedandrentedpropertyorequipment": 256607000,
        "servicemanagementcosts1": 52389000,
        "generalandadministrativeexpense": 66970000,
        "depreciationandamortization": 390806000,
        "othercostandexpenseoperating": 4413000,
        "operatingexpensesbeforegainsonrealestatetransactionsnet": 771185000,
        "operatingincomelossbeforegainslossonrealestatetransactionsnet": 411864000,
        "gainsondispositionsofdevelopmentpropertiesandlandnet": 139406000,
        "gainsonotherdispositionsofinvestmentsinrealestatenet": 214390000,
        "operatingincomeloss": 765660000,
        "incomelossfromequitymethodinvestments": 91818000,
        "interestexpense": 63638000,
        "othernonoperatingincomeexpense": -846000,
        "gainlossonforeigncurrencyandderivative": 64172000,
        "nonoperatingincomeexpense": 91506000,
        "incomelossfromcontinuingoperationsbeforeincometaxesextraordinaryitemsnoncontrollinginterest": 857166000,
        "incometaxexpensebenefit": 59435000,
        "profitloss": 797731000,
        "netincomelossattributabletononcontrollinginterest": 74193000,
        "netincomeloss": 723538000,
        "preferredstockdividendsincomestatementimpact": 1531000,
        "netincomelossavailabletocommonstockholdersbasic": 722007000,
        "weightedaveragenumberofsharesoutstandingbasic": 112000,
        "weightedaveragenumberofdilutedsharesoutstanding": -80000,
        "earningspersharebasic": 0.9799999999999998,
        "earningspersharediluted": 0.97,
        "othercomprehensiveincomeforeigncurrencytransactionandtranslationgainlossarisingduringperiodnetoftax": 48708000,
        "othercomprehensiveincomeunrealizedgainlossonderivativesarisingduringperiodnetoftax": 3748000,
        "comprehensiveincomenetoftaxincludingportionattributabletononcontrollinginterest": 850187000,
        "othercomprehensiveincomelossnetoftaxportionattributabletononcontrollinginterest": 1242000,
        "comprehensiveincomenetoftax": 774752000
    },
    {
        "date": "2021-06-29",
        "symbol": "PLD",
        "period": "Q2",
        "operatingleasesincomestatementleaserevenue": 1014763000,
        "managementfeesrevenue1": 129387000,
        "otherrealestaterevenue1": 6692000,
        "revenues": 1150842000,
        "directcostsofleasedandrentedpropertyorequipment": 245133000,
        "servicemanagementcosts1": 45099000,
        "generalandadministrativeexpense": 74342000,
        "depreciationandamortization": 392736000,
        "othercostandexpenseoperating": 7194000,
        "operatingexpensesbeforegainsonrealestatetransactionsnet": 764504000,
        "operatingincomelossbeforegainslossonrealestatetransactionsnet": 386338000,
        "gainsondispositionsofdevelopmentpropertiesandlandnet": 187361000,
        "gainsonotherdispositionsofinvestmentsinrealestatenet": 127167000,
        "operatingincomeloss": 700866000,
        "incomelossfromequitymethodinvestments": 72419000,
        "interestexpense": 68412000,
        "othernonoperatingincomeexpense": 715000,
        "gainlossonforeigncurrencyandderivative": -6080000,
        "gainslossesonextinguishmentofdebt": 0,
        "nonoperatingincomeexpense": -1358000,
        "incomelossfromcontinuingoperationsbeforeincometaxesextraordinaryitemsnoncontrollinginterest": 699508000,
        "incometaxexpensebenefit": 49195000,
        "profitloss": 650313000,
        "netincomelossattributabletononcontrollinginterest": 50137000,
        "netincomeloss": 600176000,
        "preferredstockdividendsincomestatementimpact": 1551000,
        "netincomelossavailabletocommonstockholdersbasic": 598625000,
        "weightedaveragenumberofsharesoutstandingbasic": 107000,
        "weightedaveragenumberofdilutedsharesoutstanding": -234000,
        "earningspersharebasic": 0.8,
        "earningspersharediluted": 0.81,
        "othercomprehensiveincomeforeigncurrencytransactionandtranslationgainlossarisingduringperiodnetoftax": -18586000,
        "othercomprehensiveincomeunrealizedgainlossonderivativesarisingduringperiodnetoftax": 4810000,
        "comprehensiveincomenetoftaxincludingportionattributabletononcontrollinginterest": 636537000,
        "othercomprehensiveincomelossnetoftaxportionattributabletononcontrollinginterest": -207000,
        "comprehensiveincomenetoftax": 586607000
    },
    {
        "date": "2021-03-30",
        "symbol": "PLD",
        "period": "Q1",
        "operatingleasesincomestatementleaserevenue": 1021656000,
        "managementfeesrevenue1": 119961000,
        "otherrealestaterevenue1": 6699000,
        "revenues": 1148316000,
        "directcostsofleasedandrentedpropertyorequipment": 277884000,
        "servicemanagementcosts1": 49450000,
        "generalandadministrativeexpense": 78032000,
        "depreciationandamortization": 397575000,
        "othercostandexpenseoperating": 3444000,
        "operatingexpensesbeforegainsonrealestatetransactionsnet": 806385000,
        "operatingincomelossbeforegainslossonrealestatetransactionsnet": 341931000,
        "gainsondispositionsofdevelopmentpropertiesandlandnet": 173643000,
        "gainsonotherdispositionsofinvestmentsinrealestatenet": 16623000,
        "operatingincomeloss": 532197000,
        "incomelossfromequitymethodinvestments": 67049000,
        "interestexpense": 71281000,
        "othernonoperatingincomeexpense": 4746000,
        "gainlossonforeigncurrencyandderivative": 80152000,
        "gainslossesonextinguishmentofdebt": -187453000,
        "nonoperatingincomeexpense": -106787000,
        "incomelossfromcontinuingoperationsbeforeincometaxesextraordinaryitemsnoncontrollinginterest": 425410000,
        "incometaxexpensebenefit": 25717000,
        "profitloss": 399693000,
        "netincomelossattributabletononcontrollinginterest": 32346000,
        "netincomeloss": 367347000,
        "preferredstockdividendsincomestatementimpact": 1532000,
        "netincomelossavailabletocommonstockholdersbasic": 365815000,
        "weightedaveragenumberofsharesoutstandingbasic": 738998000,
        "weightedaveragenumberofdilutedsharesoutstanding": 764958000,
        "earningspersharebasic": 0.5,
        "earningspersharediluted": 0.49,
        "othercomprehensiveincomeforeigncurrencytransactionandtranslationgainlossarisingduringperiodnetoftax": 171759000,
        "othercomprehensiveincomeunrealizedgainlossonderivativesarisingduringperiodnetoftax": 4821000,
        "comprehensiveincomenetoftaxincludingportionattributabletononcontrollinginterest": 576273000,
        "othercomprehensiveincomelossnetoftaxportionattributabletononcontrollinginterest": 4392000,
        "comprehensiveincomenetoftax": 539535000
    },
    {
        "date": "2020-12-30",
        "symbol": "PLD",
        "period": "Q4",
        "operatingleasesincomestatementleaserevenue": 987810000,
        "managementfeesrevenue1": 120745000,
        "otherrealestaterevenue1": 3042000,
        "revenues": 1111597000,
        "directcostsofleasedandrentedpropertyorequipment": 246846000,
        "servicemanagementcosts1": 44131000,
        "generalandadministrativeexpense": 66144000,
        "depreciationandamortization": 417066000,
        "othercostandexpenseoperating": 4437000,
        "operatingexpensesbeforegainsonrealestatetransactionsnet": 778624000,
        "operatingincomelossbeforegainslossonrealestatetransactionsnet": 332973000,
        "gainsondispositionsofdevelopmentpropertiesandlandnet": 81569000,
        "gainsonotherdispositionsofinvestmentsinrealestatenet": 67838000,
        "operatingincomeloss": 482380000,
        "incomelossfromequitymethodinvestments": 80526000,
        "interestexpense": 76856000,
        "othernonoperatingincomeexpense": 5513000,
        "gainlossonforeigncurrencyandderivative": -118992000,
        "gainslossesonextinguishmentofdebt": -23684000,
        "nonoperatingincomeexpense": -133493000,
        "incomelossfromcontinuingoperationsbeforeincometaxesextraordinaryitemsnoncontrollinginterest": 348887000,
        "incometaxexpensebenefit": 40880000,
        "profitloss": 308007000,
        "netincomelossattributabletononcontrollinginterest": 26113000,
        "netincomeloss": 281894000,
        "preferredstockdividendsincomestatementimpact": 1424000,
        "netincomelossavailabletocommonstockholdersbasic": 280470000,
        "weightedaveragenumberofsharesoutstandingbasic": -1446135000,
        "weightedaveragenumberofdilutedsharesoutstanding": -1500018000,
        "earningspersharebasic": 0.3700000000000001,
        "earningspersharediluted": 0.3699999999999999,
        "othercomprehensiveincomeforeigncurrencytransactionandtranslationgainlossarisingduringperiodnetoftax": -14511000,
        "othercomprehensiveincomeunrealizedgainlossonderivativesarisingduringperiodnetoftax": 5579000,
        "comprehensiveincomenetoftaxincludingportionattributabletononcontrollinginterest": 299075000,
        "othercomprehensiveincomelossnetoftaxportionattributabletononcontrollinginterest": 342000,
        "comprehensiveincomenetoftax": 272620000
    },
    {
        "date": "2020-09-29",
        "symbol": "PLD",
        "period": "Q3",
        "operatingleasesincomestatementleaserevenue": 980148000,
        "managementfeesrevenue1": 98993000,
        "otherrealestaterevenue1": 3632000,
        "revenues": 1082773000,
        "directcostsofleasedandrentedpropertyorequipment": 245490000,
        "servicemanagementcosts1": 45791000,
        "generalandadministrativeexpense": 74348000,
        "depreciationandamortization": 400738000,
        "othercostandexpenseoperating": 3020000,
        "operatingexpensesbeforegainsonrealestatetransactionsnet": 769387000,
        "operatingincomelossbeforegainslossonrealestatetransactionsnet": 313386000,
        "gainsondispositionsofdevelopmentpropertiesandlandnet": 134207000,
        "gainsonotherdispositionsofinvestmentsinrealestatenet": 108927000,
        "operatingincomeloss": 556520000,
        "incomelossfromequitymethodinvestments": 73972000,
        "interestexpense": 80711000,
        "othernonoperatingincomeexpense": -5866000,
        "gainlossonforeigncurrencyandderivative": -100974000,
        "gainslossesonextinguishmentofdebt": -98266000,
        "nonoperatingincomeexpense": -211845000,
        "incomelossfromcontinuingoperationsbeforeincometaxesextraordinaryitemsnoncontrollinginterest": 344675000,
        "incometaxexpensebenefit": 12154000,
        "profitloss": 332521000,
        "netincomelossattributabletononcontrollinginterest": 29827000,
        "netincomeloss": 302694000,
        "preferredstockdividendsincomestatementimpact": 1652000,
        "preferredstockredemptionpremium": 2347000,
        "netincomelossavailabletocommonstockholdersbasic": 298695000,
        "weightedaveragenumberofsharesoutstandingbasic": 738194000,
        "weightedaveragenumberofdilutedsharesoutstanding": 764619000,
        "earningspersharebasic": 0.4,
        "earningspersharediluted": 0.4,
        "othercomprehensiveincomeforeigncurrencytransactionandtranslationgainlossarisingduringperiodnetoftax": -45576000,
        "othercomprehensiveincomeunrealizedgainlossonderivativesarisingduringperiodnetoftax": 2379000,
        "comprehensiveincomenetoftaxincludingportionattributabletononcontrollinginterest": 289324000,
        "othercomprehensiveincomelossnetoftaxportionattributabletononcontrollinginterest": -861000,
        "comprehensiveincomenetoftax": 260358000
    },
    {
        "date": "2020-06-29",
        "symbol": "PLD",
        "period": "Q2",
        "operatingleasesincomestatementleaserevenue": 944366000,
        "managementfeesrevenue1": 320658000,
        "otherrealestaterevenue1": 1100000,
        "revenues": 1266124000,
        "directcostsofleasedandrentedpropertyorequipment": 232109000,
        "servicemanagementcosts1": 81545000,
        "generalandadministrativeexpense": 64664000,
        "depreciationandamortization": 398195000,
        "othercostandexpenseoperating": 7979000,
        "operatingexpensesbeforegainsonrealestatetransactionsnet": 784492000,
        "operatingincomelossbeforegainslossonrealestatetransactionsnet": 481632000,
        "gainsondispositionsofdevelopmentpropertiesandlandnet": 86416000,
        "gainsonotherdispositionsofinvestmentsinrealestatenet": 43939000,
        "operatingincomeloss": 611987000,
        "incomelossfromequitymethodinvestments": 54142000,
        "interestexpense": 81298000,
        "othernonoperatingincomeexpense": 1027000,
        "gainlossonforeigncurrencyandderivative": -60836000,
        "gainslossesonextinguishmentofdebt": -23573000,
        "nonoperatingincomeexpense": -110538000,
        "incomelossfromcontinuingoperationsbeforeincometaxesextraordinaryitemsnoncontrollinginterest": 501449000,
        "incometaxexpensebenefit": 46511000,
        "profitloss": 454938000,
        "netincomelossattributabletononcontrollinginterest": 48765000,
        "netincomeloss": 406173000,
        "preferredstockdividendsincomestatementimpact": 1634000,
        "netincomelossavailabletocommonstockholdersbasic": 404539000,
        "weightedaveragenumberofsharesoutstandingbasic": 737992000,
        "weightedaveragenumberofdilutedsharesoutstanding": 765830000,
        "earningspersharebasic": 0.55,
        "earningspersharediluted": 0.54,
        "othercomprehensiveincomeforeigncurrencytransactionandtranslationgainlossarisingduringperiodnetoftax": -1053000,
        "othercomprehensiveincomeunrealizedgainlossonderivativesarisingduringperiodnetoftax": 1373000,
        "comprehensiveincomenetoftaxincludingportionattributabletononcontrollinginterest": 455258000,
        "othercomprehensiveincomelossnetoftaxportionattributabletononcontrollinginterest": 97000,
        "comprehensiveincomenetoftax": 406396000
    },
    {
        "date": "2020-03-30",
        "symbol": "PLD",
        "period": "Q1",
        "operatingleasesincomestatementleaserevenue": 878807000,
        "managementfeesrevenue1": 96591000,
        "otherrealestaterevenue1": 2843000,
        "revenues": 978241000,
        "directcostsofleasedandrentedpropertyorequipment": 227618000,
        "servicemanagementcosts1": 46574000,
        "generalandadministrativeexpense": 69689000,
        "depreciationandamortization": 345970000,
        "othercostandexpenseoperating": 14574000,
        "operatingexpensesbeforegainsonrealestatetransactionsnet": 704425000,
        "operatingincomelossbeforegainslossonrealestatetransactionsnet": 273816000,
        "gainsondispositionsofdevelopmentpropertiesandlandnet": 162750000,
        "gainsonotherdispositionsofinvestmentsinrealestatenet": 31491000,
        "operatingincomeloss": 468057000,
        "incomelossfromequitymethodinvestments": 88730000,
        "interestexpense": 75642000,
        "othernonoperatingincomeexpense": 370000,
        "gainlossonforeigncurrencyandderivative": 113329000,
        "gainslossesonextinguishmentofdebt": -42767000,
        "nonoperatingincomeexpense": 84020000,
        "incomelossfromcontinuingoperationsbeforeincometaxesextraordinaryitemsnoncontrollinginterest": 552077000,
        "incometaxexpensebenefit": 30913000,
        "profitloss": 521164000,
        "netincomelossattributabletononcontrollinginterest": 30111000,
        "netincomeloss": 491053000,
        "preferredstockdividendsincomestatementimpact": 1635000,
        "netincomelossavailabletocommonstockholdersbasic": 489418000,
        "weightedaveragenumberofsharesoutstandingbasic": 698272000,
        "weightedaveragenumberofdilutedsharesoutstanding": 723983000,
        "earningspersharebasic": 0.7,
        "earningspersharediluted": 0.7,
        "othercomprehensiveincomeforeigncurrencytransactionandtranslationgainlossarisingduringperiodnetoftax": -133533000,
        "othercomprehensiveincomeunrealizedgainlossonderivativesarisingduringperiodnetoftax": -23448000,
        "comprehensiveincomenetoftaxincludingportionattributabletononcontrollinginterest": 364183000,
        "othercomprehensiveincomelossnetoftaxportionattributabletononcontrollinginterest": -5027000,
        "comprehensiveincomenetoftax": 339099000
    },
    {
        "date": "2019-09-29",
        "symbol": "PLD",
        "period": "Q3",
        "operatingleasesincomestatementleaserevenue": 710465000,
        "managementfeesrevenue1": 230467000,
        "otherrealestaterevenue1": 1249000,
        "revenues": 942181000,
        "directcostsofleasedandrentedpropertyorequipment": 180864000,
        "servicemanagementcosts1": 63404000,
        "generalandadministrativeexpense": 65199000,
        "depreciationandamortization": 282254000,
        "othercostandexpenseoperating": 2294000,
        "operatingexpensesbeforegainsonrealestatetransactionsnet": 594015000,
        "operatingincomelossbeforegainslossonrealestatetransactionsnet": 348166000,
        "gainlossondispositionofassets1": 123314000,
        "operatingincomeloss": 471480000,
        "incomelossfromequitymethodinvestments": 46302000,
        "interestexpense": 60244000,
        "othernonoperatingincomeexpense": 654000,
        "gainlossonforeigncurrencyandderivative": 59492000,
        "gainslossesonextinguishmentofdebt": -13585000,
        "nonoperatingincomeexpense": 32619000,
        "incomelossfromcontinuingoperationsbeforeincometaxesextraordinaryitemsnoncontrollinginterest": 504099000,
        "incometaxexpensebenefit": 13086000,
        "profitloss": 491013000,
        "netincomelossattributabletononcontrollinginterest": 38867000,
        "netincomeloss": 452146000,
        "preferredstockdividendsincomestatementimpact": 1507000,
        "netincomelossavailabletocommonstockholdersbasic": 450639000,
        "weightedaveragenumberofsharesoutstandingbasic": 630929000,
        "weightedaveragenumberofdilutedsharesoutstanding": 655259000,
        "earningspersharebasic": 0.71,
        "earningspersharediluted": 0.71,
        "othercomprehensiveincomeforeigncurrencytransactionandtranslationgainlossarisingduringperiodnetoftax": 30053000,
        "othercomprehensiveincomeunrealizedgainlossonderivativesarisingduringperiodnetoftax": -616000,
        "comprehensiveincomenetoftaxincludingportionattributabletononcontrollinginterest": 520450000,
        "othercomprehensiveincomelossnetoftaxportionattributabletononcontrollinginterest": 574000,
        "comprehensiveincomenetoftax": 481009000
    },
    {
        "date": "2019-06-29",
        "symbol": "PLD",
        "period": "Q2",
        "operatingleasesincomestatementleaserevenue": 700689000,
        "managementfeesrevenue1": 89144000,
        "otherrealestaterevenue1": 539000,
        "revenues": 790372000,
        "directcostsofleasedandrentedpropertyorequipment": 181138000,
        "servicemanagementcosts1": 37206000,
        "generalandadministrativeexpense": 66276000,
        "depreciationandamortization": 284376000,
        "othercostandexpenseoperating": 3515000,
        "operatingexpensesbeforegainsonrealestatetransactionsnet": 572511000,
        "operatingincomelossbeforegainslossonrealestatetransactionsnet": 217861000,
        "gainlossondispositionofassets1": 224195000,
        "operatingincomeloss": 442056000,
        "incomelossfromequitymethodinvestments": 48556000,
        "interestexpense": 59122000,
        "othernonoperatingincomeexpense": 4312000,
        "gainlossonforeigncurrencyandderivative": 2041000,
        "gainslossesonextinguishmentofdebt": -385000,
        "nonoperatingincomeexpense": -4598000,
        "incomelossfromcontinuingoperationsbeforeincometaxesextraordinaryitemsnoncontrollinginterest": 437458000,
        "incometaxexpensebenefit": 26632000,
        "profitloss": 410826000,
        "netincomelossattributabletononcontrollinginterest": 25550000,
        "netincomeloss": 385276000,
        "preferredstockdividendsincomestatementimpact": 1492000,
        "netincomelossavailabletocommonstockholdersbasic": 383784000,
        "weightedaveragenumberofsharesoutstandingbasic": 630271000,
        "weightedaveragenumberofdilutedsharesoutstanding": 655447000,
        "earningspersharebasic": 0.61,
        "earningspersharediluted": 0.6,
        "othercomprehensiveincomeforeigncurrencytransactionandtranslationgainlossarisingduringperiodnetoftax": -47662000,
        "othercomprehensiveincomeunrealizedgainlossonderivativesarisingduringperiodnetoftax": -3725000,
        "comprehensiveincomenetoftaxincludingportionattributabletononcontrollinginterest": 359439000,
        "othercomprehensiveincomelossnetoftaxportionattributabletononcontrollinginterest": -1484000,
        "comprehensiveincomenetoftax": 335373000
    },
    {
        "date": "2018-09-29",
        "symbol": "PLD",
        "period": "Q3",
        "operatingleasesincomestatementleaserevenue": 476865000,
        "tenantreimbursements1": 132109000,
        "managementfeesrevenue1": 71142000,
        "otherrealestaterevenue1": 2316000,
        "revenues": 682432000,
        "directcostsofleasedandrentedpropertyorequipment": 147184000,
        "servicemanagementcosts1": 35390000,
        "generalandadministrativeexpense": 62244000,
        "depreciationandamortization": 252702000,
        "othercostandexpenseoperating": 3391000,
        "operatingexpenses": 500911000,
        "operatingincomeloss": 181521000,
        "incomelossfromequitymethodinvestments": 56634000,
        "interestexpense": 64186000,
        "othernonoperatingincomeexpense": 1891000,
        "disposalgroupnotdiscontinuedoperationgainlossondisposal": 194058000,
        "gainlossonforeigncurrencyandderivative": 21513000,
        "gainslossesonextinguishmentofdebt": -1955000,
        "nonoperatingincomeexpense": 207955000,
        "incomelossfromcontinuingoperationsbeforeincometaxesextraordinaryitemsnoncontrollinginterest": 389476000,
        "incometaxexpensebenefit": 13956000,
        "profitloss": 375520000,
        "netincomelossattributabletononcontrollinginterest": 17264000,
        "netincomeloss": 358256000,
        "preferredstockdividendsincomestatementimpact": 1491000,
        "netincomelossavailabletocommonstockholdersbasic": 351726000,
        "weightedaveragenumberofsharesoutstandingbasic": 583363000,
        "weightedaveragenumberofdilutedsharesoutstanding": 597647000,
        "earningspersharebasic": 0.6,
        "earningspersharediluted": 0.6,
        "commonstockdividendspersharecashpaid": 0.48,
        "othercomprehensiveincomeforeigncurrencytransactionandtranslationgainlossarisingduringperiodnetoftax": 13900000,
        "othercomprehensiveincomeunrealizedgainlossonderivativesarisingduringperiodnetoftax": 4454000,
        "comprehensiveincomenetoftaxincludingportionattributabletononcontrollinginterest": 369658000,
        "othercomprehensiveincomelossnetoftaxportionattributabletononcontrollinginterest": -570000,
        "comprehensiveincomenetoftax": 352964000
    },
    {
        "date": "2018-06-29",
        "symbol": "PLD",
        "period": "Q2",
        "operatingleasesincomestatementleaserevenue": 426549000,
        "tenantreimbursements1": 118130000,
        "managementfeesrevenue1": 75697000,
        "otherrealestaterevenue1": 900000,
        "revenues": 621276000,
        "directcostsofleasedandrentedpropertyorequipment": 133329000,
        "servicemanagementcosts1": 34850000,
        "generalandadministrativeexpense": 57615000,
        "depreciationandamortization": 203673000,
        "othercostandexpenseoperating": 4515000,
        "operatingexpenses": 433982000,
        "operatingincomeloss": 187294000,
        "incomelossfromequitymethodinvestments": 62549000,
        "interestexpense": 56314000,
        "othernonoperatingincomeexpense": 5641000,
        "disposalgroupnotdiscontinuedoperationgainlossondisposal": 94261000,
        "gainlossonforeigncurrencyandderivative": 85382000,
        "gainslossesonextinguishmentofdebt": 282000,
        "nonoperatingincomeexpense": 191801000,
        "incomelossfromcontinuingoperationsbeforeincometaxesextraordinaryitemsnoncontrollinginterest": 379095000,
        "incometaxexpensebenefit": 14104000,
        "profitloss": 364991000,
        "netincomelossattributabletononcontrollinginterest": 18882000,
        "netincomeloss": 346109000,
        "preferredstockdividendsincomestatementimpact": 1476000,
        "netincomelossavailabletocommonstockholdersbasic": 339309000,
        "weightedaveragenumberofsharesoutstandingbasic": 540084000,
        "weightedaveragenumberofdilutedsharesoutstanding": 554515000,
        "earningspersharebasic": 0.63,
        "earningspersharediluted": 0.62,
        "commonstockdividendspersharecashpaid": 0.48,
        "othercomprehensiveincomeforeigncurrencytransactionandtranslationgainlossarisingduringperiodnetoftax": 64600000,
        "othercomprehensiveincomeunrealizedgainlossonderivativesarisingduringperiodnetoftax": 2131000,
        "comprehensiveincomenetoftaxincludingportionattributabletononcontrollinginterest": 219309000,
        "othercomprehensiveincomelossnetoftaxportionattributabletononcontrollinginterest": -3424000,
        "comprehensiveincomenetoftax": 203851000
    },
    {
        "date": "2017-06-29",
        "symbol": "PLD",
        "period": "Q2",
        "operatingleasesincomestatementleaserevenue": 447960000,
        "tenantreimbursements": 128417000,
        "managementfeesrevenue": 180050000,
        "otherrealestaterevenue": 9152000,
        "realestaterevenuenet": 766183000,
        "directcostsofleasedandrentedpropertyorequipment": 147794000,
        "servicemanagementcosts": 51986000,
        "generalandadministrativeexpense": 60077000,
        "depreciationandamortization": 228145000,
        "othercostandexpenseoperating": 2909000,
        "operatingexpenses": 490911000,
        "operatingincomeloss": 275272000,
        "incomelossfromequitymethodinvestments": 68596000,
        "interestexpense": 75354000,
        "othernonoperatingincomeexpense": 1892000,
        "disposalgroupnotdiscontinuedoperationgainlossondisposal": 83006000,
        "gainlossonforeigncurrencyandderivative": -20055000,
        "gainslossesonextinguishmentofdebt": -30596000,
        "nonoperatingincomeexpense": 27489000,
        "incomelossfromcontinuingoperationsbeforeincometaxesextraordinaryitemsnoncontrollinginterest": 302761000,
        "incometaxexpensebenefit": 14781000,
        "profitloss": 287980000,
        "netincomelossattributabletononcontrollinginterest": 11986000,
        "netincomeloss": 275994000,
        "preferredstockdividendsincomestatementimpact": 1674000,
        "netincomelossavailabletocommonstockholdersbasic": 269973000,
        "weightedaveragenumberofsharesoutstandingbasic": 536060000,
        "weightedaveragenumberofdilutedsharesoutstanding": 552114000,
        "earningspersharebasic": 0.5,
        "earningspersharediluted": 0.5,
        "commonstockdividendspersharecashpaid": 0.44,
        "othercomprehensiveincomeforeigncurrencytransactionandtranslationgainlossarisingduringperiodnetoftax": -7200000,
        "othercomprehensiveincomeunrealizedgainlossonderivativesarisingduringperiodnetoftax": 6735000,
        "comprehensiveincomenetoftaxincludingportionattributabletononcontrollinginterest": 297877000,
        "othercomprehensiveincomelossnetoftaxportionattributabletononcontrollinginterest": 561000,
        "comprehensiveincomenetoftax": 285330000
    },
    {
        "date": "2016-09-29",
        "symbol": "PLD",
        "period": "Q3",
        "operatingleasesincomestatementleaserevenue": 435868000,
        "tenantreimbursements": 124409000,
        "managementfeesrevenue": 140030000,
        "otherrealestaterevenue": 3711000,
        "realestaterevenuenet": 704565000,
        "directcostsofleasedandrentedpropertyorequipment": 140514000,
        "servicemanagementcosts": 44624000,
        "generalandadministrativeexpense": 58157000,
        "depreciationandamortization": 224867000,
        "othercostandexpenseoperating": 3779000,
        "operatingexpenses": 471941000,
        "operatingincomeloss": 232624000,
        "incomelossfromequitymethodinvestments": 45857000,
        "interestexpense": 75310000,
        "othernonoperatingincomeexpense": 2932000,
        "disposalgroupnotdiscontinuedoperationgainlossondisposal": 117296000,
        "gainlossonforeigncurrencyandderivative": -1730000,
        "gainslossesonextinguishmentofdebt": 1492000,
        "nonoperatingincomeexpense": 90537000,
        "incomelossfromcontinuingoperationsbeforeincometaxesextraordinaryitemsnoncontrollinginterest": 323161000,
        "incometaxexpensebenefit": 15919000,
        "profitloss": 307242000,
        "netincomelossattributabletononcontrollinginterest": 18628000,
        "netincomeloss": 288614000,
        "preferredstockdividendsincomestatementimpact": 1671000,
        "netincomelossavailabletocommonstockholdersbasic": 282302000,
        "weightedaveragenumberofsharesoutstandingbasic": 532934000,
        "weightedaveragenumberofdilutedsharesoutstanding": 547200000,
        "earningspersharebasic": 0.53,
        "earningspersharediluted": 0.52,
        "commonstockdividendspersharecashpaid": 0.42,
        "othercomprehensiveincomeforeigncurrencytransactionandtranslationgainlossarisingduringperiodnetoftax": -48232000,
        "othercomprehensiveincomeunrealizedgainlossonderivativesarisingduringperiodnetoftax": 4696000,
        "comprehensiveincomenetoftaxincludingportionattributabletononcontrollinginterest": 263706000,
        "othercomprehensiveincomelossnetoftaxportionattributabletononcontrollinginterest": -1406000,
        "comprehensiveincomenetoftax": 246484000
    },
    {
        "date": "2016-06-29",
        "symbol": "PLD",
        "period": "Q2",
        "operatingleasesincomestatementleaserevenue": 426150000,
        "tenantreimbursements": 119981000,
        "managementfeesrevenue": 50748000,
        "otherrealestaterevenue": 4702000,
        "realestaterevenuenet": 602155000,
        "directcostsofleasedandrentedpropertyorequipment": 140725000,
        "servicemanagementcosts": 27866000,
        "generalandadministrativeexpense": 56934000,
        "depreciationandamortization": 230382000,
        "othercostandexpenseoperating": 3900000,
        "operatingexpenses": 459807000,
        "operatingincomeloss": 429664000,
        "incomelossfromequitymethodinvestments": 41454000,
        "interestexpense": 76455000,
        "othernonoperatingincomeexpense": 1527000,
        "disposalgroupnotdiscontinuedoperationgainlossondisposal": 200350000,
        "gainlossonforeigncurrencyandderivative": -10335000,
        "gainslossesonextinguishmentofdebt": 2044000,
        "nonoperatingincomeexpense": -128731000,
        "incomelossfromcontinuingoperationsbeforeincometaxesextraordinaryitemsnoncontrollinginterest": 300933000,
        "incometaxexpensebenefit": 5142000,
        "profitloss": 295791000,
        "netincomelossattributabletononcontrollinginterest": 10396000,
        "netincomeloss": 285395000,
        "preferredstockdividendsincomestatementimpact": 1696000,
        "netincomelossavailabletocommonstockholdersbasic": 279080000,
        "weightedaveragenumberofsharesoutstandingbasic": 531912000,
        "weightedaveragenumberofdilutedsharesoutstanding": 545388000,
        "earningspersharebasic": 0.52,
        "earningspersharediluted": 0.52,
        "commonstockdividendspersharecashpaid": 0.42,
        "othercomprehensiveincomeforeigncurrencytransactionandtranslationgainlossarisingduringperiodnetoftax": -23061000,
        "othercomprehensiveincomeunrealizedgainlossonderivativesarisingduringperiodnetoftax": -5926000,
        "comprehensiveincomenetoftaxincludingportionattributabletononcontrollinginterest": 266804000,
        "othercomprehensiveincomelossnetoftaxportionattributabletononcontrollinginterest": 6118000,
        "comprehensiveincomenetoftax": 250290000
    },
    {
        "date": "2015-06-29",
        "symbol": "PLD",
        "period": "Q2",
        "operatingleasesincomestatementleaserevenue": 357828000,
        "tenantreimbursements": 103616000,
        "managementfeesrevenue": 48017000,
        "otherrealestaterevenue": 1914000,
        "realestaterevenuenet": 510404000,
        "directcostsofleasedandrentedpropertyorequipment": 125599000,
        "servicemanagementcosts": 20115000,
        "generalandadministrativeexpense": 57027000,
        "depreciationandamortization": 190188000,
        "othercostandexpenseoperating": 30127000,
        "operatingexpenses": 423056000,
        "operatingincomeloss": 87348000,
        "incomelossfromequitymethodinvestments": 41784000,
        "interestexpense": 68902000,
        "othernonoperatingincomeexpense": 1847000,
        "disposalgroupnotdiscontinuedoperationgainlossondisposal": 108782000,
        "gainlossonforeigncurrencyandderivativecontractsandrelatedamortization": -25512000,
        "gainslossesonextinguishmentofdebt": -236000,
        "nonoperatingincomeexpense": 57763000,
        "incomelossfromcontinuingoperationsbeforeincometaxesextraordinaryitemsnoncontrollinginterest": 145111000,
        "currentincometaxexpensebenefit": 4706000,
        "deferredincometaxexpensebenefit": 145000,
        "incometaxexpensebenefit": 4851000,
        "profitloss": -189452000,
        "netincomelossattributabletononcontrollinginterest": -2956000,
        "netincomeloss": 143216000,
        "preferredstockdividendsincomestatementimpact": 1678000,
        "netincomelossavailabletocommonstockholdersbasic": 141538000,
        "weightedaveragenumberofsharesoutstandingbasic": 527071000,
        "weightedaveragenumberofdilutedsharesoutstanding": 530640000,
        "earningspersharebasic": 0.27,
        "earningspersharediluted": 0.27,
        "commonstockdividendspersharecashpaid": 0.36,
        "othercomprehensiveincomeforeigncurrencytransactionandtranslationgainlossarisingduringperiodnetoftax": -5400000,
        "othercomprehensiveincomeunrealizedgainlossonderivativesarisingduringperiodnetoftax": -462000,
        "comprehensiveincomenetoftaxincludingportionattributabletononcontrollinginterest": 214735000,
        "othercomprehensiveincomelossnetoftaxportionattributabletononcontrollinginterest": 4021000,
        "comprehensiveincomenetoftax": 213670000
    },
    {
        "date": "2014-06-29",
        "symbol": "PLD",
        "period": "Q2",
        "operatingleasesincomestatementleaserevenue": 294461000,
        "tenantreimbursements": 86812000,
        "managementfeesrevenue": 76334000,
        "otherrealestaterevenue": 2482000,
        "realestaterevenuenet": 460089000,
        "directcostsofleasedandrentedpropertyorequipment": 109576000,
        "servicemanagementcosts": 27837000,
        "generalandadministrativeexpense": 60375000,
        "depreciationandamortization": 161577000,
        "othercostandexpenseoperating": 5450000,
        "operatingexpenses": 364815000,
        "operatingincomeloss": 95274000,
        "incomelossfromequitymethodinvestments": 21151000,
        "interestexpense": 80184000,
        "othernonoperatingincomeexpense": 5116000,
        "disposalgroupnotdiscontinuedoperationgainlossondisposal": 169583000,
        "gainlossonforeigncurrencyandderivativecontractsandrelatedamortization": 10130000,
        "gainslossesonextinguishmentofdebt": -77558000,
        "nonoperatingincomeexpense": 48238000,
        "incomelossfromcontinuingoperationsbeforeincometaxesextraordinaryitemsnoncontrollinginterest": 143512000,
        "currentincometaxexpensebenefit": 43050000,
        "deferredincometaxexpensebenefit": -51968000,
        "incometaxexpensebenefit": -8918000,
        "incomelossfromcontinuingoperationsincludingportionattributabletononcontrollinginterest": 152430000,
        "profitloss": 152430000,
        "netincomelossattributabletononcontrollinginterest": -70992000,
        "netincomeloss": 81438000,
        "dividendspreferredstock": 1948000,
        "preferredstockredemptionpremium": 6517000,
        "netincomelossavailabletocommonstockholdersbasic": 72973000,
        "weightedaveragenumberofsharesoutstandingbasic": 500879000,
        "weightedaveragenumberofdilutedsharesoutstanding": 516619000,
        "incomelossfromcontinuingoperationsperbasicshare": 0.15,
        "earningspersharebasic": 0.15,
        "incomelossfromcontinuingoperationsperdilutedshare": 0.13,
        "earningspersharediluted": 0.13,
        "commonstockdividendspersharecashpaid": 0.33,
        "othercomprehensiveincomelossforeigncurrencytransactionandtranslationadjustmentnetoftax": 63464000,
        "othercomprehensiveincomelossderivativesqualifyingashedgesnetoftax": -2164000,
        "comprehensiveincomenetoftaxincludingportionattributabletononcontrollinginterest": 213730000,
        "comprehensiveincomenetoftaxattributabletononcontrollinginterest": -1745000,
        "comprehensiveincomenetoftax": 140993000
    },
    {
        "date": "2011-03-30",
        "symbol": "PLD",
        "period": "Q1",
        "minimumrents": 158085000,
        "managementfeesrevenue": 7683000,
        "realestaterevenuenet": 165768000,
        "costofrealestaterevenue": 31256000,
        "realestatetaxexpense": 20806000,
        "depreciationandamortization": 54986000,
        "generalandadministrativeexpense": 30661000,
        "mergertransactioncosts": 3697000,
        "fundcosts": 241000,
        "othergeneralexpense": 946000,
        "operatingexpenses": 142593000,
        "incomelossfromequitymethodinvestments": 7800000,
        "othernonoperatingincomeexpense": 1238000,
        "interestexpense": 34942000,
        "totalotherincomeandexpensesnet": -25904000,
        "incomelossfromcontinuingoperationsincludingportionattributabletononcontrollinginterest": -2729000,
        "discontinuedoperationincomelossfromdiscontinuedoperationduringphaseoutperiodnetoftax": 870000,
        "developmentprofitsnetoftaxesdiscontinuedoperations": 1637000,
        "gainlossonsaleofproperty": 14544000,
        "incomelossfromdiscontinuedoperationsnetoftax": 17051000,
        "profitloss": 99000,
        "minorityinterestinnetincomelossjointventurepartners": 2049000,
        "jointventurepartnersandlimitedpartnershipunitholdersshareofdevelopmentprofits": 29000,
        "jointventurepartnersandclassblimitedpartnershipunitholdersshareofdevelopmentprofits": 9000,
        "minorityinterestinnetincomelosslimitedpartnerships": 37000,
        "netincomelossattributabletononcontrollinginterest": 2194000,
        "netincomeloss": 12227000,
        "preferredstockdividends": 3952000,
        "allocationtoparticipatingsecurities": 355000,
        "netincomelossavailabletocommonstockholdersbasic": 7821000,
        "netincomelossavailabletocommonunitholders": 7920000,
        "netincomelossallocatedtogeneralpartners": 7821000,
        "netincomelossallocatedtolimitedpartners": 99000,
        "incomelossfromcontinuingoperationsperbasicshare": -0.05,
        "incomelossfromdiscontinuedoperationsnetoftaxperbasicshare": 0.1,
        "earningspersharebasic": 0.05,
        "incomelossfromcontinuingoperationsafterpreferredunitdistributions": -0.05,
        "discontinuedoperations": 0.1,
        "netincomelossavailabletocommonunitholdersbasic": 0.05,
        "incomelossfromcontinuingoperationsperdilutedshare": -0.05,
        "incomelossfromdiscontinuedoperationsnetoftaxperdilutedshare": 0.1,
        "earningspersharediluted": 0.05,
        "incomelossfromcontinuingoperationsafterpreferredunitdistributionsdiluted": -0.05,
        "discontinuedoperationsdiluted": 0.1,
        "netincomelossavailabletocommonunitholdersdiluted": 0.05,
        "weightedaveragenumberofsharesoutstandingbasic": 168099995,
        "weightedaveragenumberofdilutedsharesoutstanding": 168099995,
        "weightedaveragecommonunitsoutstandingbasic": 170173425,
        "weightedaveragecommonunitsoutstandingdiluted": 170173425
    },
    {
        "date": "2010-06-29",
        "symbol": "PLD",
        "period": "Q2",
        "minimumrents": 151773000,
        "managementfeesrevenue": 6845000,
        "realestaterevenuenet": 158618000,
        "costofrealestaterevenue": 28214000,
        "realestatetaxexpense": 20260000,
        "depreciationandamortization": 48278000,
        "generalandadministrativeexpense": 30093000,
        "restructuringcharges": 872000,
        "fundcosts": 153000,
        "othergeneralexpense": -1271000,
        "operatingexpenses": 126599000,
        "developmentprofitsnetoftaxes": 199000,
        "incomelossfromequitymethodinvestments": 5193000,
        "othernonoperatingincomeexpense": 448000,
        "interestexpense": 32626000,
        "gainslossesonextinguishmentofdebt": -579000,
        "totalotherincomeandexpensesnet": -27365000,
        "incomelossfromcontinuingoperationsincludingportionattributabletononcontrollinginterest": 4654000,
        "discontinuedoperationincomelossfromdiscontinuedoperationduringphaseoutperiodnetoftax": 411000,
        "gainlossonsaleofproperty": 4248000,
        "incomelossfromdiscontinuedoperationsnetoftax": 4659000,
        "profitloss": 9313000,
        "minorityinterestinnetincomelossjointventurepartners": 2068000,
        "jointventurepartnersandlimitedpartnershipunitholdersshareofdevelopmentprofits": -21000,
        "jointventurepartnersandclassblimitedpartnershipunitholdersshareofdevelopmentprofits": -20000,
        "minorityinterestinnetincomelosslimitedpartnerships": 28000,
        "netincomelossattributabletononcontrollinginterest": 2076000,
        "netincomeloss": 7237000,
        "preferredstockdividends": 3952000,
        "allocationtoparticipatingsecurities": 342000,
        "netincomelossavailabletocommonstockholdersbasic": 2897000,
        "netincomelossavailabletocommonunitholders": 2943000,
        "netincomelossallocatedtogeneralpartners": 2897000,
        "netincomelossallocatedtolimitedpartners": 46000,
        "incomelossfromcontinuingoperationsperbasicshare": -0.01,
        "incomelossfromdiscontinuedoperationsnetoftaxperbasicshare": 0.03,
        "earningspersharebasic": 0.02,
        "incomelossfromcontinuingoperationsafterpreferredunitdistributions": -0.01,
        "discontinuedoperations": 0.03,
        "netincomelossavailabletocommonunitholdersbasic": 0.02,
        "incomelossfromcontinuingoperationsperdilutedshare": -0.01,
        "incomelossfromdiscontinuedoperationsnetoftaxperdilutedshare": 0.03,
        "earningspersharediluted": 0.02,
        "incomelossfromcontinuingoperationsafterpreferredunitdistributionsdiluted": -0.01,
        "discontinuedoperationsdiluted": 0.03,
        "netincomelossavailabletocommonunitholdersdiluted": 0.02,
        "weightedaveragenumberofsharesoutstandingbasic": 164800819,
        "weightedaveragenumberofdilutedsharesoutstanding": 164800819,
        "weightedaveragecommonunitsoutstandingbasic": 166906564,
        "weightedaveragecommonunitsoutstandingdiluted": 166906564
    }
]