[
    {
        "date": "2024-03-30",
        "symbol": "EQIX",
        "period": "Q1",
        "revenuefromcontractwithcustomerexcludingassessedtax": 2127000000,
        "costofrevenue": 1091000000,
        "sellingandmarketingexpense": 226000000,
        "generalandadministrativeexpense": 444000000,
        "businesscombinationacquisitionrelatedcosts": 2000000,
        "costsandexpenses": 1763000000,
        "operatingincomeloss": 364000000,
        "investmentincomeinterest": 24000000,
        "interestexpense": 104000000,
        "othernonoperatingincomeexpense": -6000000,
        "gainslossesonextinguishmentofdebt": -1000000,
        "incomelossfromcontinuingoperationsbeforeincometaxesextraordinaryitemsnoncontrollinginterest": 277000000,
        "incometaxexpensebenefit": 46000000,
        "profitloss": 231000000,
        "earningspersharebasic": 2.44,
        "weightedaveragenumberofsharesoutstandingbasic": 94665000,
        "earningspersharediluted": 2.43,
        "weightedaveragenumberofdilutedsharesoutstanding": 95156000,
        "othercomprehensiveincomelossforeigncurrencytransactionandtranslationadjustmentnetoftax": -358000000,
        "othercomprehensiveincomelossnetinvestmenthedgegainlossnetoftax": 130000000,
        "othercomprehensiveincomelosscashflowhedgegainlossafterreclassificationandtax": 20000000,
        "othercomprehensiveincomelossnetoftax": -208000000,
        "comprehensiveincomenetoftaxincludingportionattributabletononcontrollinginterest": 23000000,
        "othercomprehensiveincomelosscashflowhedgegainlossafterreclassificationtax": 6000000
    },
    {
        "date": "2023-12-30",
        "symbol": "EQIX",
        "period": "Q4",
        "revenuefromcontractwithcustomerexcludingassessedtax": 2110489000,
        "costofrevenue": 1091776000,
        "sellingandmarketingexpense": 217603000,
        "generalandadministrativeexpense": 448849000,
        "businesscombinationacquisitionrelatedcosts": 5869000,
        "gainlossondispositionofassets1": 24000,
        "costsandexpenses": 1764073000,
        "operatingincomeloss": 346416000,
        "investmentincomeinterest": 28225000,
        "interestexpense": 103183000,
        "othernonoperatingincomeexpense": -1227000,
        "incomelossfromcontinuingoperationsbeforeincometaxesextraordinaryitemsnoncontrollinginterest": 270302000,
        "incometaxexpensebenefit": 42825000,
        "profitloss": 227477000,
        "netincomelossattributabletononcontrollinginterest": -91000,
        "netincomeloss": 227568000,
        "earningspersharebasic": 2.4099999999999997,
        "weightedaveragenumberofsharesoutstandingbasic": 93615000,
        "earningspersharediluted": 2.4,
        "weightedaveragenumberofdilutedsharesoutstanding": 94009000,
        "othercomprehensiveincomelossforeigncurrencytransactionandtranslationadjustmentnetoftax": 479754000,
        "othercomprehensiveincomelossnetinvestmenthedgegainlossnetoftax": -217345000,
        "othercomprehensiveincomelosscashflowhedgegainlossafterreclassificationandtax": -26382000,
        "othercomprehensiveincomelosspensionandotherpostretirementbenefitplansadjustmentnetoftax": 112000,
        "othercomprehensiveincomelossnetoftax": 235915000,
        "comprehensiveincomenetoftaxincludingportionattributabletononcontrollinginterest": 463392000,
        "comprehensiveincomenetoftax": 463461000,
        "othercomprehensiveincomelosscashflowhedgegainlossafterreclassificationtax": -9110000,
        "othercomprehensiveincomelosspensionandotherpostretirementbenefitplanstax": -92000
    },
    {
        "date": "2023-09-29",
        "symbol": "EQIX",
        "period": "Q3",
        "revenuefromcontractwithcustomerexcludingassessedtax": 2061030000,
        "costofrevenue": 1068991000,
        "sellingandmarketingexpense": 212506000,
        "generalandadministrativeexpense": 403890000,
        "businesscombinationacquisitionrelatedcosts": -775000,
        "gainlossondispositionofassets1": 3933000,
        "costsandexpenses": 1680679000,
        "operatingincomeloss": 380351000,
        "investmentincomeinterest": 23111000,
        "interestexpense": 101385000,
        "othernonoperatingincomeexpense": -5972000,
        "gainslossesonextinguishmentofdebt": -360000,
        "incomelossfromcontinuingoperationsbeforeincometaxesextraordinaryitemsnoncontrollinginterest": 295745000,
        "incometaxexpensebenefit": 19985000,
        "profitloss": 275760000,
        "netincomelossattributabletononcontrollinginterest": -34000,
        "netincomeloss": 275794000,
        "earningspersharebasic": 2.94,
        "weightedaveragenumberofsharesoutstandingbasic": 93683000,
        "earningspersharediluted": 2.93,
        "weightedaveragenumberofdilutedsharesoutstanding": 94168000,
        "othercomprehensiveincomelossforeigncurrencytransactionandtranslationadjustmentnetoftax": -412910000,
        "othercomprehensiveincomelossnetinvestmenthedgegainlossnetoftax": 149608000,
        "othercomprehensiveincomelosscashflowhedgegainlossafterreclassificationandtax": 25685000,
        "othercomprehensiveincomelosspensionandotherpostretirementbenefitplansadjustmentnetoftax": 119000,
        "othercomprehensiveincomelossnetoftax": -237736000,
        "comprehensiveincomenetoftaxincludingportionattributabletononcontrollinginterest": 38024000,
        "othercomprehensiveincomelossnetoftaxportionattributabletononcontrollinginterest": -182000,
        "comprehensiveincomenetoftax": 38240000,
        "othercomprehensiveincomelosscashflowhedgegainlossafterreclassificationtax": 9333000,
        "othercomprehensiveincomelosspensionandotherpostretirementbenefitplanstax": 29000
    },
    {
        "date": "2023-06-29",
        "symbol": "EQIX",
        "period": "Q2",
        "revenuefromcontractwithcustomerexcludingassessedtax": 2018408000,
        "costofrevenue": 1060800000,
        "sellingandmarketingexpense": 215016000,
        "generalandadministrativeexpense": 406429000,
        "businesscombinationacquisitionrelatedcosts": 5718000,
        "gainlossondispositionofassets1": 1941000,
        "costsandexpenses": 1686022000,
        "operatingincomeloss": 332386000,
        "investmentincomeinterest": 23503000,
        "interestexpense": 99973000,
        "othernonoperatingincomeexpense": -11518000,
        "gainslossesonextinguishmentofdebt": 0,
        "incomelossfromcontinuingoperationsbeforeincometaxesextraordinaryitemsnoncontrollinginterest": 244398000,
        "incometaxexpensebenefit": 37385000,
        "profitloss": 207013000,
        "netincomelossattributabletononcontrollinginterest": -17000,
        "netincomeloss": 207030000,
        "earningspersharebasic": 2.22,
        "weightedaveragenumberofsharesoutstandingbasic": 282000,
        "earningspersharediluted": 2.2100000000000004,
        "weightedaveragenumberofdilutedsharesoutstanding": 259000,
        "othercomprehensiveincomelossforeigncurrencytransactionandtranslationadjustmentnetoftax": 25923000,
        "othercomprehensiveincomelossnetinvestmenthedgegainlossnetoftax": -24186000,
        "othercomprehensiveincomelosscashflowhedgegainlossafterreclassificationandtax": -4792000,
        "othercomprehensiveincomelosspensionandotherpostretirementbenefitplansadjustmentnetoftax": 116000,
        "othercomprehensiveincomelossnetoftax": -3171000,
        "comprehensiveincomenetoftaxincludingportionattributabletononcontrollinginterest": 203842000,
        "comprehensiveincomenetoftax": 203762000,
        "othercomprehensiveincomelosscashflowhedgegainlossafterreclassificationtax": 1121000,
        "othercomprehensiveincomelosspensionandotherpostretirementbenefitplanstax": -29000
    },
    {
        "date": "2023-03-30",
        "symbol": "EQIX",
        "period": "Q1",
        "revenuefromcontractwithcustomerexcludingassessedtax": 1998209000,
        "costofrevenue": 1006091000,
        "sellingandmarketingexpense": 210671000,
        "generalandadministrativeexpense": 394874000,
        "businesscombinationacquisitionrelatedcosts": 1600000,
        "gainlossondispositionofassets1": -852000,
        "costsandexpenses": 1614088000,
        "operatingincomeloss": 384121000,
        "investmentincomeinterest": 19388000,
        "interestexpense": 97481000,
        "othernonoperatingincomeexpense": 7503000,
        "gainslossesonextinguishmentofdebt": 254000,
        "incomelossfromcontinuingoperationsbeforeincometaxesextraordinaryitemsnoncontrollinginterest": 313785000,
        "incometaxexpensebenefit": 55055000,
        "profitloss": 258730000,
        "netincomelossattributabletononcontrollinginterest": -56000,
        "netincomeloss": 258786000,
        "earningspersharebasic": 2.78,
        "weightedaveragenumberofsharesoutstandingbasic": 92971000,
        "earningspersharediluted": 2.77,
        "weightedaveragenumberofdilutedsharesoutstanding": 93340000,
        "othercomprehensiveincomelossforeigncurrencytransactionandtranslationadjustmentnetoftax": 157214000,
        "othercomprehensiveincomelossnetinvestmenthedgegainlossnetoftax": -39960000,
        "othercomprehensiveincomelosscashflowhedgegainlossafterreclassificationandtax": -12881000,
        "othercomprehensiveincomelosspensionandotherpostretirementbenefitplansadjustmentnetoftax": 115000,
        "othercomprehensiveincomelossnetoftax": 104258000,
        "comprehensiveincomenetoftaxincludingportionattributabletononcontrollinginterest": 362988000,
        "comprehensiveincomenetoftax": 363044000,
        "othercomprehensiveincomelosscashflowhedgegainlossafterreclassificationtax": -6076000,
        "othercomprehensiveincomelosspensionandotherpostretirementbenefitplanstax": -26000
    },
    {
        "date": "2022-12-30",
        "symbol": "EQIX",
        "period": "Q4",
        "revenuefromcontractwithcustomerexcludingassessedtax": 1870845000,
        "costofrevenue": 970700000,
        "sellingandmarketingexpense": 207233000,
        "generalandadministrativeexpense": 400183000,
        "businesscombinationacquisitionrelatedcosts": 10529000,
        "gainlossondispositionofassets1": 0,
        "costsandexpenses": 1588645000,
        "operatingincomeloss": 282200000,
        "investmentincomeinterest": 18462000,
        "interestexpense": 94200000,
        "gainslossesonextinguishmentofdebt": 143000,
        "incomelossfromcontinuingoperationsbeforeincometaxesextraordinaryitemsnoncontrollinginterest": 177710000,
        "incometaxexpensebenefit": 48807000,
        "profitloss": 128903000,
        "netincomelossattributabletononcontrollinginterest": 140000,
        "netincomeloss": 128763000,
        "earningspersharebasic": 1.3900000000000006,
        "weightedaveragenumberofsharesoutstandingbasic": -182134000,
        "earningspersharediluted": 1.38,
        "weightedaveragenumberofdilutedsharesoutstanding": -182731000,
        "othercomprehensiveincomelossforeigncurrencytransactionandtranslationadjustmentnetoftax": 796716000,
        "othercomprehensiveincomelossnetinvestmenthedgegainlossnetoftax": -379960000,
        "othercomprehensiveincomelosscashflowhedgegainlossafterreclassificationandtax": -50231000,
        "othercomprehensiveincomelosspensionandotherpostretirementbenefitplansadjustmentnetoftax": 42000,
        "othercomprehensiveincomelossnetoftax": 366483000,
        "comprehensiveincomenetoftaxincludingportionattributabletononcontrollinginterest": 495386000,
        "othercomprehensiveincomelossnetoftaxportionattributabletononcontrollinginterest": 12000,
        "comprehensiveincomenetoftax": 495234000,
        "othercomprehensiveincomelosscashflowhedgegainlossafterreclassificationtax": -16516000,
        "othercomprehensiveincomelosspensionandotherpostretirementbenefitplanstax": -11000
    },
    {
        "date": "2022-09-29",
        "symbol": "EQIX",
        "period": "Q3",
        "revenuefromcontractwithcustomerexcludingassessedtax": 1840659000,
        "costofrevenue": 934669000,
        "sellingandmarketingexpense": 193089000,
        "generalandadministrativeexpense": 375483000,
        "businesscombinationacquisitionrelatedcosts": 2007000,
        "gainlossondispositionofassets1": -2252000,
        "costsandexpenses": 1507500000,
        "operatingincomeloss": 333159000,
        "investmentincomeinterest": 11192000,
        "interestexpense": 91346000,
        "othernonoperatingincomeexpense": -6735000,
        "gainslossesonextinguishmentofdebt": 75000,
        "incomelossfromcontinuingoperationsbeforeincometaxesextraordinaryitemsnoncontrollinginterest": 246345000,
        "incometaxexpensebenefit": 34606000,
        "profitloss": 211739000,
        "netincomelossattributabletononcontrollinginterest": -68000,
        "netincomeloss": 211807000,
        "earningspersharebasic": 2.3,
        "weightedaveragenumberofsharesoutstandingbasic": 91896000,
        "earningspersharediluted": 2.3,
        "weightedaveragenumberofdilutedsharesoutstanding": 92135000,
        "othercomprehensiveincomelossforeigncurrencytransactionandtranslationadjustmentnetoftax": -703640000,
        "othercomprehensiveincomelossnetinvestmenthedgegainlossnetoftax": 360350000,
        "othercomprehensiveincomelosscashflowhedgegainlossafterreclassificationandtax": 6120000,
        "othercomprehensiveincomelosspensionandotherpostretirementbenefitplansadjustmentnetoftax": 19000,
        "othercomprehensiveincomelossnetoftax": -337189000,
        "comprehensiveincomenetoftaxincludingportionattributabletononcontrollinginterest": -125450000,
        "othercomprehensiveincomelossnetoftaxportionattributabletononcontrollinginterest": -28000,
        "comprehensiveincomenetoftax": -125354000,
        "othercomprehensiveincomelosscashflowhedgegainlossafterreclassificationtax": 2250000,
        "othercomprehensiveincomelosspensionandotherpostretirementbenefitplanstax": -5000
    },
    {
        "date": "2022-06-29",
        "symbol": "EQIX",
        "period": "Q2",
        "revenuefromcontractwithcustomerexcludingassessedtax": 1817154000,
        "costofrevenue": 930257000,
        "sellingandmarketingexpense": 193727000,
        "generalandadministrativeexpense": 370348000,
        "businesscombinationacquisitionrelatedcosts": 5063000,
        "gainlossondispositionofassets1": 94000,
        "costsandexpenses": 1499301000,
        "operatingincomeloss": 317853000,
        "investmentincomeinterest": 4508000,
        "interestexpense": 90826000,
        "othernonoperatingexpense": 6238000,
        "gainslossesonextinguishmentofdebt": -420000,
        "incomelossfromcontinuingoperationsbeforeincometaxesextraordinaryitemsnoncontrollinginterest": 224877000,
        "incometaxexpensebenefit": 8635000,
        "profitloss": 216242000,
        "netincomelossattributabletononcontrollinginterest": -80000,
        "netincomeloss": 216322000,
        "earningspersharebasic": 2.38,
        "weightedaveragenumberofsharesoutstandingbasic": 91036000,
        "earningspersharediluted": 2.37,
        "weightedaveragenumberofdilutedsharesoutstanding": 91262000,
        "othercomprehensiveincomelossforeigncurrencytransactionandtranslationadjustmentnetoftax": -740428000,
        "othercomprehensiveincomelossnetinvestmenthedgegainlossnetoftax": 353953000,
        "othercomprehensiveincomelosscashflowhedgegainlossafterreclassificationandtax": 20617000,
        "othercomprehensiveincomelosspensionandotherpostretirementbenefitplansadjustmentnetoftax": 19000,
        "othercomprehensiveincomelossnetoftax": -365877000,
        "comprehensiveincomenetoftaxincludingportionattributabletononcontrollinginterest": -149635000,
        "othercomprehensiveincomelossnetoftaxportionattributabletononcontrollinginterest": -35000,
        "comprehensiveincomenetoftax": -149520000,
        "othercomprehensiveincomelosscashflowhedgegainlossafterreclassificationtax": 7291000,
        "othercomprehensiveincomelosspensionandotherpostretirementbenefitplanstax": -5000
    },
    {
        "date": "2022-03-30",
        "symbol": "EQIX",
        "period": "Q1",
        "revenuefromcontractwithcustomerexcludingassessedtax": 1734447000,
        "costofrevenue": 915875000,
        "sellingandmarketingexpense": 192511000,
        "generalandadministrativeexpense": 352687000,
        "businesscombinationacquisitionrelatedcosts": 4240000,
        "gainlossondispositionofassets1": -1818000,
        "costsandexpenses": 1467131000,
        "operatingincomeloss": 267316000,
        "investmentincomeinterest": 2106000,
        "interestexpense": 79965000,
        "othernonoperatingexpense": 9549000,
        "gainslossesonextinguishmentofdebt": 529000,
        "incomelossfromcontinuingoperationsbeforeincometaxesextraordinaryitemsnoncontrollinginterest": 180437000,
        "incometaxexpensebenefit": 32744000,
        "profitloss": 147693000,
        "netincomelossattributabletononcontrollinginterest": 240000,
        "netincomeloss": 147453000,
        "earningspersharebasic": 1.62,
        "weightedaveragenumberofsharesoutstandingbasic": 90771000,
        "earningspersharediluted": 1.62,
        "weightedaveragenumberofdilutedsharesoutstanding": 91162000,
        "othercomprehensiveincomelossforeigncurrencytransactionandtranslationadjustmentnetoftax": -122534000,
        "othercomprehensiveincomelossnetinvestmenthedgegainlossnetoftax": 91358000,
        "othercomprehensiveincomelosscashflowhedgegainlossafterreclassificationandtax": 64037000,
        "othercomprehensiveincomelosspensionandotherpostretirementbenefitplansadjustmentnetoftax": 21000,
        "othercomprehensiveincomelossnetoftax": 32840000,
        "comprehensiveincomenetoftaxincludingportionattributabletononcontrollinginterest": 180533000,
        "othercomprehensiveincomelossnetoftaxportionattributabletononcontrollinginterest": 3000,
        "comprehensiveincomenetoftax": 180290000,
        "othercomprehensiveincomelosscashflowhedgegainlossafterreclassificationtax": 4727000,
        "othercomprehensiveincomelosspensionandotherpostretirementbenefitplanstax": -4000
    },
    {
        "date": "2021-09-29",
        "symbol": "EQIX",
        "period": "Q3",
        "revenuefromcontractwithcustomerexcludingassessedtax": 1675176000,
        "costofrevenue": 885650000,
        "sellingandmarketingexpense": 182997000,
        "generalandadministrativeexpense": 334625000,
        "businesscombinationacquisitionrelatedcosts": 5197000,
        "gainlossondispositionofassets1": 15414000,
        "costsandexpenses": 1393055000,
        "operatingincomeloss": 282121000,
        "investmentincomeinterest": 411000,
        "interestexpense": 78943000,
        "othernonoperatingincomeexpense": 1482000,
        "gainslossesonextinguishmentofdebt": 179000,
        "incomelossfromcontinuingoperationsbeforeincometaxesextraordinaryitemsnoncontrollinginterest": 205250000,
        "incometaxexpensebenefit": 53224000,
        "profitloss": 152026000,
        "netincomelossattributabletononcontrollinginterest": -190000,
        "netincomeloss": 152216000,
        "earningspersharebasic": 1.7000000000000002,
        "weightedaveragenumberofsharesoutstandingbasic": -89364000,
        "earningspersharediluted": 1.68,
        "weightedaveragenumberofdilutedsharesoutstanding": -89744000,
        "othercomprehensiveincomelossforeigncurrencytransactionandtranslationadjustmentnetoftax": -260011000,
        "othercomprehensiveincomelossnetinvestmenthedgegainlossnetoftax": 131080000,
        "othercomprehensiveincomelosscashflowhedgegainlossafterreclassificationandtax": 28270000,
        "othercomprehensiveincomelosspensionandotherpostretirementbenefitplansadjustmentnetoftax": -14000,
        "othercomprehensiveincomelossnetoftax": -100647000,
        "comprehensiveincomenetoftaxincludingportionattributabletononcontrollinginterest": 51379000,
        "othercomprehensiveincomelossnetoftaxportionattributabletononcontrollinginterest": 0,
        "comprehensiveincomenetoftax": 51569000,
        "othercomprehensiveincomelosscashflowhedgegainlossafterreclassificationtax": 6965000,
        "othercomprehensiveincomelosspensionandotherpostretirementbenefitplanstax": 4000
    },
    {
        "date": "2021-06-29",
        "symbol": "EQIX",
        "period": "Q2",
        "revenuefromcontractwithcustomerexcludingassessedtax": 1657919000,
        "costofrevenue": 865120000,
        "sellingandmarketingexpense": 185610000,
        "generalandadministrativeexpense": 322005000,
        "businesscombinationacquisitionrelatedcosts": 6985000,
        "gainlossondispositionofassets1": 455000,
        "costsandexpenses": 1379265000,
        "operatingincomeloss": 278654000,
        "investmentincomeinterest": 374000,
        "interestexpense": 87231000,
        "othernonoperatingincomeexpense": -39377000,
        "gainslossesonextinguishmentofdebt": -102460000,
        "incomelossfromcontinuingoperationsbeforeincometaxesextraordinaryitemsnoncontrollinginterest": 49960000,
        "incometaxexpensebenefit": -18527000,
        "profitloss": 68487000,
        "netincomelossattributabletononcontrollinginterest": 148000,
        "netincomeloss": 68339000,
        "earningspersharebasic": 0.76,
        "weightedaveragenumberofsharesoutstandingbasic": 89648000,
        "earningspersharediluted": 0.76,
        "weightedaveragenumberofdilutedsharesoutstanding": 90104000,
        "othercomprehensiveincomelossforeigncurrencytransactionandtranslationadjustmentnetoftax": 110466000,
        "othercomprehensiveincomelossnetinvestmenthedgegainlossnetoftax": -37036000,
        "othercomprehensiveincomelosscashflowhedgegainlossafterreclassificationandtax": -5700000,
        "othercomprehensiveincomelosspensionandotherpostretirementbenefitplansadjustmentnetoftax": -15000,
        "othercomprehensiveincomelossnetoftax": 67745000,
        "comprehensiveincomenetoftaxincludingportionattributabletononcontrollinginterest": 136232000,
        "othercomprehensiveincomelossnetoftaxportionattributabletononcontrollinginterest": 11000,
        "comprehensiveincomenetoftax": 136073000,
        "othercomprehensiveincomelosscashflowhedgegainlossafterreclassificationtax": 447000,
        "othercomprehensiveincomelosspensionandotherpostretirementbenefitplanstax": 3000
    },
    {
        "date": "2021-03-30",
        "symbol": "EQIX",
        "period": "Q1",
        "revenuefromcontractwithcustomerexcludingassessedtax": 1596064000,
        "costofrevenue": 811217000,
        "sellingandmarketingexpense": 182827000,
        "generalandadministrativeexpense": 301456000,
        "businesscombinationacquisitionrelatedcosts": 1182000,
        "gainlossondispositionofassets1": -1720000,
        "costsandexpenses": 1298402000,
        "operatingincomeloss": 297662000,
        "investmentincomeinterest": 729000,
        "interestexpense": 89681000,
        "othernonoperatingincomeexpense": -6950000,
        "gainslossesonextinguishmentofdebt": -13058000,
        "incomelossfromcontinuingoperationsbeforeincometaxesextraordinaryitemsnoncontrollinginterest": 188702000,
        "incometaxexpensebenefit": 32628000,
        "profitloss": 156074000,
        "netincomelossattributabletononcontrollinginterest": -288000,
        "netincomeloss": 156362000,
        "earningspersharebasic": 1.75,
        "weightedaveragenumberofsharesoutstandingbasic": 89330000,
        "earningspersharediluted": 1.74,
        "weightedaveragenumberofdilutedsharesoutstanding": 89842000,
        "othercomprehensiveincomelossforeigncurrencytransactionandtranslationadjustmentnetoftax": -295146000,
        "othercomprehensiveincomelossnetinvestmenthedgegainlossnetoftax": 170175000,
        "othercomprehensiveincomelosscashflowhedgegainlossafterreclassificationandtax": 29478000,
        "othercomprehensiveincomelosspensionandotherpostretirementbenefitplansadjustmentnetoftax": -12000,
        "othercomprehensiveincomelossnetoftax": -95481000,
        "comprehensiveincomenetoftaxincludingportionattributabletononcontrollinginterest": 60593000,
        "othercomprehensiveincomelossnetoftaxportionattributabletononcontrollinginterest": -1000,
        "comprehensiveincomenetoftax": 60882000,
        "othercomprehensiveincomelosscashflowhedgegainlossafterreclassificationtax": 7892000,
        "othercomprehensiveincomelosspensionandotherpostretirementbenefitplanstax": 5000
    },
    {
        "date": "2020-12-30",
        "symbol": "EQIX",
        "period": "Q4",
        "costofrevenue": 830735000,
        "sellingandmarketingexpense": 187055000,
        "generalandadministrativeexpense": 293144000,
        "businesscombinationacquisitionrelatedcosts": 24948000,
        "gainlossondispositionofassets1": 373000,
        "costsandexpenses": 1335509000,
        "operatingincomeloss": 228606000,
        "investmentincomeinterest": 1244000,
        "interestexpense": 90912000,
        "othernonoperatingincomeexpense": -2697000,
        "gainslossesonextinguishmentofdebt": -44001000,
        "incomelossfromcontinuingoperationsbeforeincometaxesextraordinaryitemsnoncontrollinginterest": 92240000,
        "incometaxexpensebenefit": 41304000,
        "profitloss": 50936000,
        "netincomelossattributabletononcontrollinginterest": -58000,
        "netincomeloss": 50994000,
        "earningspersharebasic": 0.5499999999999998,
        "weightedaveragenumberofsharesoutstandingbasic": -173960000,
        "earningspersharediluted": 0.5399999999999996,
        "weightedaveragenumberofdilutedsharesoutstanding": -175154000,
        "othercomprehensiveincomelossforeigncurrencytransactionandtranslationadjustmentnetoftax": 481625000,
        "othercomprehensiveincomelossnetinvestmenthedgegainlossnetoftax": -265340000,
        "othercomprehensiveincomelosscashflowhedgegainlossafterreclassificationandtax": -27824000,
        "othercomprehensiveincomelosspensionandotherpostretirementbenefitplansadjustmentnetoftax": -8000,
        "comprehensiveincomenetoftaxincludingportionattributabletononcontrollinginterest": 239405000,
        "othercomprehensiveincomelossnetoftaxportionattributabletononcontrollinginterest": 36000,
        "comprehensiveincomenetoftax": 239427000,
        "othercomprehensiveincomelosscashflowhedgegainlossafterreclassificationtax": 21634000,
        "othercomprehensiveincomelosspensionandotherpostretirementbenefitplanstax": 2000
    },
    {
        "date": "2020-09-29",
        "symbol": "EQIX",
        "period": "Q3",
        "revenuefromcontractwithcustomerexcludingassessedtax": 1519767000,
        "costofrevenue": 767979000,
        "sellingandmarketingexpense": 172727000,
        "generalandadministrativeexpense": 279350000,
        "businesscombinationacquisitionrelatedcosts": 5840000,
        "impairmentoflonglivedassetstobedisposedof": 7306000,
        "gainlossondispositionofassets1": 1785000,
        "costsandexpenses": 1231417000,
        "operatingincomeloss": 288350000,
        "investmentincomeinterest": 1452000,
        "interestexpense": 99736000,
        "othernonoperatingincomeexpense": 162000,
        "gainslossesonextinguishmentofdebt": -93494000,
        "incomelossfromcontinuingoperationsbeforeincometaxesextraordinaryitemsnoncontrollinginterest": 96734000,
        "incometaxexpensebenefit": 29903000,
        "profitloss": 66831000,
        "netincomelossattributabletononcontrollinginterest": 144000,
        "netincomeloss": 66687000,
        "earningspersharebasic": 0.75,
        "weightedaveragenumberofsharesoutstandingbasic": 88806000,
        "earningspersharediluted": 0.74,
        "weightedaveragenumberofdilutedsharesoutstanding": 89519000,
        "othercomprehensiveincomelossforeigncurrencytransactionandtranslationadjustmentnetoftax": 299441000,
        "othercomprehensiveincomelossnetinvestmenthedgegainlossnetoftax": -227101000,
        "othercomprehensiveincomelosscashflowhedgegainlossafterreclassificationandtax": -33842000,
        "othercomprehensiveincomelosspensionandotherpostretirementbenefitplansadjustmentnetoftax": -22000,
        "othercomprehensiveincomelossnetoftaxportionattributabletoparent": 38520000,
        "comprehensiveincomenetoftaxincludingportionattributabletononcontrollinginterest": 105351000,
        "othercomprehensiveincomelossnetoftaxportionattributabletononcontrollinginterest": 30000,
        "comprehensiveincomenetoftax": 105177000,
        "othercomprehensiveincomelosscashflowhedgegainlossafterreclassificationtax": -8708000,
        "othercomprehensiveincomelosspensionandotherpostretirementbenefitplanstax": 6000
    },
    {
        "date": "2020-06-29",
        "symbol": "EQIX",
        "period": "Q2",
        "profitloss": 133350000,
        "othercomprehensiveincomelossforeigncurrencytransactionandtranslationadjustmentnetoftax": 181286000,
        "othercomprehensiveincomelossnetinvestmenthedgegainlossnetoftax": -97058000,
        "othercomprehensiveincomelosscashflowhedgegainlossafterreclassificationandtax": -17868000,
        "othercomprehensiveincomelosspensionandotherpostretirementbenefitplansadjustmentnetoftax": -20000,
        "othercomprehensiveincomelossnetoftaxportionattributabletoparent": 66380000,
        "comprehensiveincomenetoftaxincludingportionattributabletononcontrollinginterest": 199730000,
        "netincomelossattributabletononcontrollinginterest": 46000,
        "othercomprehensiveincomelossnetoftaxportionattributabletononcontrollinginterest": 2000,
        "comprehensiveincomenetoftax": 199682000,
        "othercomprehensiveincomelosscashflowhedgegainlossafterreclassificationtax": -4772000,
        "othercomprehensiveincomelosspensionandotherpostretirementbenefitplanstax": 6000,
        "revenuefromcontractwithcustomerexcludingassessedtax": 1470121000,
        "costofrevenue": 739344000,
        "sellingandmarketingexpense": 178124000,
        "generalandadministrativeexpense": 256890000,
        "businesscombinationacquisitionrelatedcosts": 13617000,
        "gainlossondispositionofassets1": 342000,
        "costsandexpenses": 1187633000,
        "operatingincomeloss": 282488000,
        "investmentincomeinterest": 1685000,
        "interestexpense": 108480000,
        "othernonoperatingincomeexpense": 4278000,
        "gainslossesonextinguishmentofdebt": -1868000,
        "incomelossfromcontinuingoperationsbeforeincometaxesextraordinaryitemsnoncontrollinginterest": 178103000,
        "incometaxexpensebenefit": 44753000,
        "netincomeloss": 133304000,
        "earningspersharebasic": 1.53,
        "weightedaveragenumberofsharesoutstandingbasic": 87303000,
        "earningspersharediluted": 1.52,
        "weightedaveragenumberofdilutedsharesoutstanding": 87901000
    },
    {
        "date": "2020-03-30",
        "symbol": "EQIX",
        "period": "Q1",
        "profitloss": 118957000,
        "othercomprehensiveincomelossforeigncurrencytransactionandtranslationadjustmentnetoftax": -413792000,
        "othercomprehensiveincomelossnetinvestmenthedgegainlossnetoftax": 144946000,
        "othercomprehensiveincomelosscashflowhedgegainlossafterreclassificationandtax": -3256000,
        "othercomprehensiveincomelosspensionandotherpostretirementbenefitplansadjustmentnetoftax": -35000,
        "othercomprehensiveincomelossnetoftaxportionattributabletoparent": -272067000,
        "comprehensiveincomenetoftaxincludingportionattributabletononcontrollinginterest": -153110000,
        "netincomelossattributabletononcontrollinginterest": 165000,
        "othercomprehensiveincomelossnetoftaxportionattributabletononcontrollinginterest": -11000,
        "comprehensiveincomenetoftax": -153264000,
        "othercomprehensiveincomelosscashflowhedgegainlossafterreclassificationtax": 6367000,
        "othercomprehensiveincomelosspensionandotherpostretirementbenefitplanstax": 9000,
        "revenuefromcontractwithcustomerexcludingassessedtax": 1444542000,
        "costofrevenue": 736282000,
        "sellingandmarketingexpense": 180450000,
        "generalandadministrativeexpense": 261597000,
        "businesscombinationacquisitionrelatedcosts": 11530000,
        "gainlossondispositionofassets1": -1199000,
        "costsandexpenses": 1191058000,
        "operatingincomeloss": 253484000,
        "investmentincomeinterest": 4273000,
        "interestexpense": 107338000,
        "othernonoperatingincomeexpense": 5170000,
        "gainslossesonextinguishmentofdebt": -6441000,
        "incomelossfromcontinuingoperationsbeforeincometaxesextraordinaryitemsnoncontrollinginterest": 149148000,
        "incometaxexpensebenefit": 30191000,
        "netincomeloss": 118792000,
        "earningspersharebasic": 1.39,
        "weightedaveragenumberofsharesoutstandingbasic": 85551000,
        "earningspersharediluted": 1.38,
        "weightedaveragenumberofdilutedsharesoutstanding": 86144000
    },
    {
        "date": "2019-12-30",
        "symbol": "EQIX",
        "period": "Q4",
        "profitloss": 124835000,
        "othercomprehensiveincomelossforeigncurrencytransactionandtranslationadjustmentnetoftax": 283185000,
        "othercomprehensiveincomelosscashflowhedgegainlossafterreclassificationandtax": -22928000,
        "othercomprehensiveincomelosspensionandotherpostretirementbenefitplansadjustmentnetoftax": 22000,
        "othercomprehensiveincomelossnetoftax": 105639000,
        "comprehensiveincomenetoftaxincludingportionattributabletononcontrollinginterest": 230474000,
        "netincomelossattributabletononcontrollinginterest": -160000,
        "othercomprehensiveincomelossnetoftaxportionattributabletononcontrollinginterest": 16000,
        "comprehensiveincomenetoftax": 230618000,
        "othercomprehensiveincomelosscashflowhedgegainlossafterreclassificationtax": 10274000,
        "othercomprehensiveincomelosspensionandotherpostretirementbenefitplanstax": 12000,
        "revenues": 1417135000,
        "costofrevenue": 725636000,
        "sellingandmarketingexpense": 160556000,
        "generalandadministrativeexpense": 245504000,
        "businesscombinationacquisitionrelatedcosts": 16545000,
        "impairmentoflonglivedassetstobedisposedof": -233000,
        "costsandexpenses": 1104161000,
        "operatingincomeloss": 312974000,
        "investmentincomeinterest": 7532000,
        "interestexpense": 117617000,
        "othernonoperatingincomeexpense": 12336000,
        "incomelossfromcontinuingoperationsbeforeincometaxesextraordinaryitemsnoncontrollinginterest": 162467000,
        "incometaxexpensebenefit": 37632000,
        "netincomeloss": 124995000,
        "earningspersharebasic": 1.4599999999999995,
        "weightedaveragenumberofsharesoutstandingbasic": 387000,
        "earningspersharediluted": 1.4500000000000002,
        "weightedaveragenumberofdilutedsharesoutstanding": 456000
    },
    {
        "date": "2019-09-29",
        "symbol": "EQIX",
        "period": "Q3",
        "profitloss": 120811000,
        "othercomprehensiveincomelossforeigncurrencytransactionandtranslationadjustmentnetoftax": -284927000,
        "othercomprehensiveincomelosscashflowhedgegainlossafterreclassificationandtax": 14217000,
        "othercomprehensiveincomelosspensionandotherpostretirementbenefitplansadjustmentnetoftax": 8000,
        "othercomprehensiveincomelossnetoftax": -81821000,
        "comprehensiveincomenetoftaxincludingportionattributabletononcontrollinginterest": 38990000,
        "netincomelossattributabletononcontrollinginterest": -39000,
        "othercomprehensiveincomelossnetoftaxportionattributabletononcontrollinginterest": -28000,
        "comprehensiveincomenetoftax": 39057000,
        "othercomprehensiveincomelossforeigncurrencytranslationadjustmenttax": 0,
        "othercomprehensiveincomelosscashflowhedgegainlossafterreclassificationtax": -5245000,
        "othercomprehensiveincomelosspensionandotherpostretirementbenefitplanstax": -2000,
        "revenues": 1396810000,
        "costofrevenue": 704339000,
        "sellingandmarketingexpense": 161574000,
        "generalandadministrativeexpense": 241812000,
        "businesscombinationacquisitionrelatedcosts": 2991000,
        "impairmentoflonglivedassetstobedisposedof": 1189000,
        "costsandexpenses": 1111442000,
        "operatingincomeloss": 285368000,
        "investmentincomeinterest": 8201000,
        "interestexpense": 118674000,
        "othernonoperatingincomeexpense": 3428000,
        "incomelossfromcontinuingoperationsbeforeincometaxesextraordinaryitemsnoncontrollinginterest": 178638000,
        "incometaxexpensebenefit": 57827000,
        "netincomeloss": 120850000,
        "earningspersharebasic": 1.4200000000000004,
        "weightedaveragenumberofsharesoutstandingbasic": 639000,
        "earningspersharediluted": 1.4100000000000001,
        "weightedaveragenumberofdilutedsharesoutstanding": 752000
    },
    {
        "date": "2019-06-29",
        "symbol": "EQIX",
        "period": "Q2",
        "profitloss": 143521000,
        "othercomprehensiveincomelossforeigncurrencytransactionandtranslationadjustmentnetoftax": 25134000,
        "othercomprehensiveincomelosscashflowhedgegainlossafterreclassificationandtax": -3355000,
        "othercomprehensiveincomelosspensionandotherpostretirementbenefitplansadjustmentnetoftax": 7000,
        "othercomprehensiveincomelossnetoftax": -16085000,
        "comprehensiveincomenetoftaxincludingportionattributabletononcontrollinginterest": 127760000,
        "netincomelossattributabletononcontrollinginterest": 325000,
        "othercomprehensiveincomelossnetoftaxportionattributabletononcontrollinginterest": -14000,
        "comprehensiveincomenetoftax": 127449000,
        "othercomprehensiveincomelossforeigncurrencytranslationadjustmenttax": -585000,
        "derivativesusedinnetinvestmenthedgetaxexpensebenefit": 0,
        "othercomprehensiveincomelosscashflowhedgegainlossafterreclassificationtax": 650000,
        "othercomprehensiveincomelosspensionandotherpostretirementbenefitplanstax": -2000,
        "revenues": 1384977000,
        "costofrevenue": 698179000,
        "sellingandmarketingexpense": 159201000,
        "generalandadministrativeexpense": 232656000,
        "businesscombinationacquisitionrelatedcosts": 2774000,
        "impairmentoflonglivedassetstobedisposedof": 434000,
        "costsandexpenses": 1093196000,
        "operatingincomeloss": 291781000,
        "investmentincomeinterest": 7762000,
        "interestexpense": 120547000,
        "othernonoperatingincomeexpense": 12180000,
        "gainslossesonextinguishmentofdebt": 0,
        "incomelossfromcontinuingoperationsbeforeincometaxesextraordinaryitemsnoncontrollinginterest": 191176000,
        "incometaxexpensebenefit": 47324000,
        "netincomeloss": 143527000,
        "earningspersharebasic": 1.71,
        "weightedaveragenumberofsharesoutstandingbasic": 1300000,
        "earningspersharediluted": 1.69,
        "weightedaveragenumberofdilutedsharesoutstanding": 1381000
    },
    {
        "date": "2019-03-30",
        "symbol": "EQIX",
        "period": "Q1",
        "profitloss": 118078000,
        "othercomprehensiveincomelossforeigncurrencytransactionandtranslationadjustmentnetoftax": -81726000,
        "translationadjustmentfornetinvestmenthedgeincreasedecreasenetoftax": 76850000,
        "othercomprehensiveincomelosscashflowhedgegainlossafterreclassificationandtax": 8224000,
        "othercomprehensiveincomelosspensionandotherpostretirementbenefitplansadjustmentnetoftax": 11000,
        "othercomprehensiveincomelossnetoftax": 3337000,
        "comprehensiveincomenetoftaxincludingportionattributabletononcontrollinginterest": 121091000,
        "netincomelossattributabletononcontrollinginterest": -331000,
        "othercomprehensiveincomelossnetoftaxportionattributabletononcontrollinginterest": 7000,
        "comprehensiveincomenetoftax": 121415000,
        "othercomprehensiveincomelossforeigncurrencytranslationadjustmenttax": -10000,
        "derivativesusedinnetinvestmenthedgetaxexpensebenefit": 10000,
        "othercomprehensiveincomelosscashflowhedgegainlossafterreclassificationtax": -2741000,
        "othercomprehensiveincomelosspensionandotherpostretirementbenefitplanstax": 1000,
        "revenues": 1363218000,
        "costofrevenue": 682030000,
        "sellingandmarketingexpense": 169715000,
        "generalandadministrativeexpense": 215046000,
        "businesscombinationacquisitionrelatedcosts": 2471000,
        "impairmentoflonglivedassetstobedisposedof": 14400000,
        "costsandexpenses": 1083710000,
        "operatingincomeloss": 279508000,
        "investmentincomeinterest": 4202000,
        "interestexpense": 122846000,
        "othernonoperatingincomeexpense": -166000,
        "gainslossesonextinguishmentofdebt": -382000,
        "incomelossfromcontinuingoperationsbeforeincometaxesextraordinaryitemsnoncontrollinginterest": 160316000,
        "incometaxexpensebenefit": 42569000,
        "netincomeloss": 118078000,
        "earningspersharebasic": 1.44,
        "weightedaveragenumberofsharesoutstandingbasic": 81814000,
        "earningspersharediluted": 1.44,
        "weightedaveragenumberofdilutedsharesoutstanding": 82090000
    },
    {
        "date": "2018-12-30",
        "symbol": "EQIX",
        "period": "Q4",
        "netincomeloss": 130458000,
        "othercomprehensiveincomelossforeigncurrencytransactionandtranslationadjustmentnetoftax": -600743000,
        "translationadjustmentfornetinvestmenthedgeincreasedecreasenetoftax": 38934000,
        "othercomprehensiveincomelossderivativesqualifyingashedgesnetoftax": 6287000,
        "othercomprehensiveincomelosspensionandotherpostretirementbenefitplansadjustmentnetoftax": -20000,
        "othercomprehensiveincomelossnetoftax": -23554000,
        "comprehensiveincomenetoftax": 86468000,
        "othercomprehensiveincomelossforeigncurrencytranslationadjustmenttax": -624000,
        "othercomprehensiveincomelossderivativesqualifyingashedgestax": -2098000,
        "othercomprehensiveincomelosspensionandotherpostretirementbenefitplanstax": 1000,
        "revenues": 1304211000,
        "costofrevenue": 670935000,
        "sellingandmarketingexpense": 169150000,
        "generalandadministrativeexpense": 206146000,
        "businesscombinationacquisitionrelatedcosts": 481000,
        "costsandexpenses": 1046712000,
        "operatingincomeloss": 257499000,
        "investmentincomeinterest": 3002000,
        "interestexpense": 129978000,
        "othernonoperatingincomeexpense": 4498000,
        "gainslossesonextinguishmentofdebt": 26614000,
        "incometaxexpensebenefit": 23119000,
        "incomelossfromcontinuingoperations": 37678000,
        "earningspersharebasic": 1.2400000000000002,
        "weightedaveragenumberofsharesoutstandingbasic": 246000,
        "earningspersharediluted": 1.2299999999999995,
        "weightedaveragenumberofdilutedsharesoutstanding": 241000,
        "commonstockdividendspersharedeclared": 2.279999999999999
    },
    {
        "date": "2018-09-29",
        "symbol": "EQIX",
        "period": "Q3",
        "netincomeloss": 115904000,
        "othercomprehensiveincomelossforeigncurrencytransactionandtranslationadjustmentnetoftax": 27200000,
        "translationadjustmentfornetinvestmenthedgeincreasedecreasenetoftax": 27214000,
        "othercomprehensiveincomelossderivativesqualifyingashedgesnetoftax": 6184000,
        "othercomprehensiveincomelosspensionandotherpostretirementbenefitplansadjustmentnetoftax": -14000,
        "othercomprehensiveincomelossnetoftax": -44154000,
        "comprehensiveincomenetoftax": 80671000,
        "othercomprehensiveincomelossforeigncurrencytranslationadjustmenttax": -942000,
        "othercomprehensiveincomelossderivativesqualifyingashedgestax": -2061000,
        "othercomprehensiveincomelosspensionandotherpostretirementbenefitplanstax": 24000,
        "revenues": 1280565000,
        "costofrevenue": 660309000,
        "sellingandmarketingexpense": 163122000,
        "generalandadministrativeexpense": 206902000,
        "businesscombinationacquisitionrelatedcosts": -1120000,
        "costsandexpenses": 1023200000,
        "operatingincomeloss": 257365000,
        "investmentincomeinterest": 2912000,
        "interestexpense": 130566000,
        "othernonoperatingincomeexpense": 3744000,
        "gainslossesonextinguishmentofdebt": 1492000,
        "incomelossfromcontinuingoperations": 143335000,
        "incometaxexpensebenefit": 19043000,
        "earningspersharebasic": 1.4500000000000002,
        "weightedaveragenumberofsharesoutstandingbasic": 172000,
        "earningspersharediluted": 1.4500000000000002,
        "weightedaveragenumberofdilutedsharesoutstanding": 210000,
        "commonstockdividendspersharedeclared": 2.2800000000000007
    },
    {
        "date": "2018-06-29",
        "symbol": "EQIX",
        "period": "Q2",
        "netincomeloss": 56103000,
        "othercomprehensiveincomelossforeigncurrencytransactionandtranslationadjustmentnetoftax": 5949000,
        "translationadjustmentfornetinvestmenthedgeincreasedecreasenetoftax": 226115000,
        "othercomprehensiveincomelossderivativesqualifyingashedgesnetoftax": 35280000,
        "othercomprehensiveincomelosspensionandotherpostretirementbenefitplansadjustmentnetoftax": -13000,
        "othercomprehensiveincomelossnetoftax": -159825000,
        "comprehensiveincomenetoftax": -92207000,
        "othercomprehensiveincomelossforeigncurrencytranslationadjustmenttax": 4348000,
        "othercomprehensiveincomelossderivativesqualifyingashedgestax": -11758000,
        "othercomprehensiveincomelosspensionandotherpostretirementbenefitplanstax": -4000,
        "revenues": 2091833000,
        "costofrevenue": 651801000,
        "sellingandmarketingexpense": 161880000,
        "generalandadministrativeexpense": 210489000,
        "businesscombinationacquisitionrelatedcosts": 30413000,
        "costsandexpenses": 1054583000,
        "operatingincomeloss": 201003000,
        "investmentincomeinterest": 3958000,
        "interestexpense": 134673000,
        "othernonoperatingincomeexpense": 8866000,
        "gainslossesonextinguishmentofdebt": -19215000,
        "incomelossfromcontinuingoperations": 73974000,
        "incometaxexpensebenefit": 3836000,
        "earningspersharebasic": 0.71,
        "weightedaveragenumberofsharesoutstandingbasic": 120000,
        "earningspersharediluted": 0.7,
        "weightedaveragenumberofdilutedsharesoutstanding": 97000,
        "commonstockdividendspersharedeclared": 2.28
    },
    {
        "date": "2018-03-30",
        "symbol": "EQIX",
        "period": "Q1",
        "netincomeloss": 62894000,
        "othercomprehensiveincomelossforeigncurrencytransactionandtranslationadjustmentnetoftax": 145851000,
        "translationadjustmentfornetinvestmenthedgeincreasedecreasenetoftax": -72635000,
        "othercomprehensiveincomelossderivativesqualifyingashedgesnetoftax": -4080000,
        "othercomprehensiveincomelosspensionandotherpostretirementbenefitplansadjustmentnetoftax": -8000,
        "othercomprehensiveincomelossnetoftax": 69144000,
        "comprehensiveincomenetoftax": 132038000,
        "othercomprehensiveincomelossforeigncurrencytranslationadjustmenttax": 1637000,
        "othercomprehensiveincomelossderivativesqualifyingashedgestax": 1360000,
        "othercomprehensiveincomelosspensionandotherpostretirementbenefitplanstax": -6000,
        "revenues": 379630000,
        "costofrevenue": 622430000,
        "sellingandmarketingexpense": 159776000,
        "generalandadministrativeexpense": 203157000,
        "businesscombinationacquisitionrelatedcosts": 4639000,
        "costsandexpenses": 990002000,
        "operatingincomeloss": 225875000,
        "investmentincomeinterest": 4610000,
        "interestexpense": 126277000,
        "othernonoperatingincomeexpense": -3064000,
        "gainslossesonextinguishmentofdebt": -21491000,
        "incomelossfromcontinuingoperations": 79653000,
        "incometaxexpensebenefit": 16759000,
        "earningspersharebasic": 0.79,
        "weightedaveragenumberofsharesoutstandingbasic": 79241000,
        "earningspersharediluted": 0.79,
        "weightedaveragenumberofdilutedsharesoutstanding": 79649000,
        "commonstockdividendspersharedeclared": 2.28
    },
    {
        "date": "2017-09-29",
        "symbol": "EQIX",
        "period": "Q3",
        "netincomeloss": 29200000,
        "othercomprehensiveincomelossforeigncurrencytransactionandtranslationadjustmentnetoftax": -60700000,
        "translationadjustmentfornetinvestmenthedgeincreasedecreasenetoftax": -60723000,
        "othercomprehensiveincomelossavailableforsalesecuritiesadjustmentnetoftax": 245000,
        "othercomprehensiveincomelossderivativesqualifyingashedgesnetoftax": -13070000,
        "othercomprehensiveincomelosspensionandotherpostretirementbenefitplansadjustmentnetoftax": -13000,
        "othercomprehensiveincomelossnetoftax": 27374000,
        "comprehensiveincomenetoftax": 107274000,
        "othercomprehensiveincomelossavailableforsalesecuritiestax": -108000,
        "othercomprehensiveincomelossderivativesqualifyingashedgestax": 4379000,
        "othercomprehensiveincomelosspensionandotherpostretirementbenefitplanstax": -4000,
        "revenues": 338833000,
        "costofrevenue": 582360000,
        "sellingandmarketingexpense": 157619000,
        "generalandadministrativeexpense": 185336000,
        "businesscombinationacquisitionrelatedcosts": 2083000,
        "costsandexpenses": 927398000,
        "operatingincomeloss": 224863000,
        "investmentincomeinterest": 2291000,
        "interestexpense": 121828000,
        "othernonoperatingincomeexpense": -1076000,
        "gainslossesonextinguishmentofdebt": -22156000,
        "incomelossfromcontinuingoperationsbeforeincometaxesextraordinaryitemsnoncontrollinginterest": 82094000,
        "incometaxexpensebenefit": 2194000,
        "incomelossfromcontinuingoperations": 80135000,
        "incomelossfromcontinuingoperationsperbasicshare": 1.02,
        "earningspersharebasic": 1.03,
        "weightedaveragenumberofsharesoutstandingbasic": 78055000,
        "incomelossfromcontinuingoperationsperdilutedshare": 1.02,
        "earningspersharediluted": 1.02,
        "weightedaveragenumberofdilutedsharesoutstanding": 78719000,
        "commonstockdividendspersharedeclared": 2
    },
    {
        "date": "2017-06-29",
        "symbol": "EQIX",
        "period": "Q2",
        "netincomeloss": 45805000,
        "othercomprehensiveincomelossforeigncurrencytransactionandtranslationadjustmentnetoftax": -101800000,
        "othercomprehensiveincomelossavailableforsalesecuritiesadjustmentnetoftax": -65000,
        "othercomprehensiveincomelossderivativesqualifyingashedgesnetoftax": -27671000,
        "translationadjustmentfornetinvestmenthedgeincreasedecreasenetoftax": -101847000,
        "othercomprehensiveincomelosspensionandotherpostretirementbenefitplansadjustmentnetoftax": -15000,
        "othercomprehensiveincomelossnetoftax": 71415000,
        "comprehensiveincomenetoftax": 117220000,
        "othercomprehensiveincomelossavailableforsalesecuritiestax": 29000,
        "othercomprehensiveincomelossderivativesqualifyingashedgestax": 9240000,
        "othercomprehensiveincomelosspensionandotherpostretirementbenefitplanstax": -4000,
        "revenues": 322944000,
        "costofrevenue": 522203000,
        "sellingandmarketingexpense": 141566000,
        "generalandadministrativeexpense": 191355000,
        "businesscombinationacquisitionrelatedcosts": 26402000,
        "costsandexpenses": 881526000,
        "operatingincomeloss": 184895000,
        "investmentincomeinterest": 4437000,
        "interestexpense": 119042000,
        "othernonoperatingincomeexpense": 1284000,
        "gainslossesonextinguishmentofdebt": -16444000,
        "incomelossfromcontinuingoperationsbeforeincometaxesextraordinaryitemsnoncontrollinginterest": 55130000,
        "incometaxexpensebenefit": 9325000,
        "incomelossfromcontinuingoperations": 74831000,
        "incomelossfromcontinuingoperationsperbasicshare": 0.59,
        "earningspersharebasic": 0.96,
        "weightedaveragenumberofsharesoutstandingbasic": 77923000,
        "incomelossfromcontinuingoperationsperdilutedshare": 0.58,
        "earningspersharediluted": 0.95,
        "weightedaveragenumberofdilutedsharesoutstanding": 78508000,
        "commonstockdividendspersharedeclared": 2
    },
    {
        "date": "2017-03-30",
        "symbol": "EQIX",
        "period": "Q1",
        "netincomeloss": 42062000,
        "othercomprehensiveincomelossforeigncurrencytransactionandtranslationadjustmentnetoftax": 106938000,
        "othercomprehensiveincomelossavailableforsalesecuritiesadjustmentnetoftax": -265000,
        "othercomprehensiveincomelossderivativesqualifyingashedgesnetoftax": -11727000,
        "translationadjustmentfornetinvestmenthedgeincreasedecreasenetoftax": -28551000,
        "othercomprehensiveincomelosspensionandotherpostretirementbenefitplansadjustmentnetoftax": -11000,
        "othercomprehensiveincomelossnetoftax": 66406000,
        "comprehensiveincomenetoftax": 108468000,
        "othercomprehensiveincomelossavailableforsalesecuritiestax": -99000,
        "othercomprehensiveincomelossderivativesqualifyingashedgestax": 4051000,
        "othercomprehensiveincomelosspensionandotherpostretirementbenefitplanstax": -6000,
        "revenues": 314847000,
        "costofrevenue": 468961000,
        "sellingandmarketingexpense": 128927000,
        "generalandadministrativeexpense": 181399000,
        "businesscombinationacquisitionrelatedcosts": 3025000,
        "costsandexpenses": 782312000,
        "operatingincomeloss": 167213000,
        "investmentincomeinterest": 3092000,
        "interestexpense": 111684000,
        "othernonoperatingincomeexpense": 337000,
        "gainslossesonextinguishmentofdebt": -3503000,
        "incomelossfromcontinuingoperationsbeforeincometaxesextraordinaryitemsnoncontrollinginterest": 55455000,
        "incometaxexpensebenefit": 13393000,
        "incomelossfromcontinuingoperations": 42062000,
        "incomelossfromcontinuingoperationsperbasicshare": 0.58,
        "earningspersharebasic": 0.58,
        "weightedaveragenumberofsharesoutstandingbasic": 72773000,
        "incomelossfromcontinuingoperationsperdilutedshare": 0.57,
        "earningspersharediluted": 0.57,
        "weightedaveragenumberofdilutedsharesoutstanding": 73367000
    },
    {
        "date": "2016-09-29",
        "symbol": "EQIX",
        "period": "Q3",
        "netincomeloss": -15747000,
        "othercomprehensiveincomelossforeigncurrencytransactionandtranslationadjustmentnetoftax": 5542000,
        "othercomprehensiveincomelossavailableforsalesecuritiesadjustmentnetoftax": 1487000,
        "unrealizedgainlossoncashflowhedginginstruments": -4153000,
        "othercomprehensiveincomelossderivativesqualifyingashedgesnetoftax": -34721000,
        "othercomprehensiveincomelosspensionandotherpostretirementbenefitplansadjustmentnetoftax": -7000,
        "othercomprehensiveincomelossnetoftax": -69983000,
        "comprehensiveincomenetoftax": -18533000,
        "revenues": 301250000,
        "costofrevenue": 470302000,
        "sellingandmarketingexpense": 110936000,
        "generalandadministrativeexpense": 181239000,
        "businesscombinationacquisitionrelatedcosts": 12505000,
        "impairmentoflonglivedassetstobedisposedof": 7698000,
        "gainlossondispositionofassets1": 27945000,
        "costsandexpenses": 754735000,
        "operatingincomeloss": 169941000,
        "investmentincomeinterest": 762000,
        "interestexpense": 92200000,
        "othernonoperatingincomeexpense": 2938000,
        "gainslossesonextinguishmentofdebt": -9894000,
        "incomelossfromcontinuingoperationsbeforeincometaxesextraordinaryitemsnoncontrollinginterest": 71547000,
        "incometaxexpensebenefit": 22778000,
        "incomelossfromcontinuingoperations": 48769000,
        "incomelossfromdiscontinuedoperationsnetoftaxattributabletoreportingentity": 2681000,
        "incomelossfromcontinuingoperationsperbasicshare": 0.69,
        "discontinuedoperationincomelossfromdiscontinuedoperationnetoftaxperbasicshare": 0.04,
        "earningspersharebasic": 0.73,
        "weightedaveragenumberofsharesoutstandingbasic": 71190000,
        "incomelossfromcontinuingoperationsperdilutedshare": 0.68,
        "discontinuedoperationincomelossfromdiscontinuedoperationnetoftaxperdilutedshare": 0.04,
        "earningspersharediluted": 0.72,
        "weightedaveragenumberofdilutedsharesoutstanding": 71908000
    },
    {
        "date": "2016-06-29",
        "symbol": "EQIX",
        "period": "Q2",
        "othercomprehensiveincomelossforeigncurrencytransactionandtranslationadjustmentnetoftax": -77015000,
        "othercomprehensiveincomelossavailableforsalesecuritiesadjustmentnetoftax": 1199000,
        "unrealizedgainlossoncashflowhedginginstruments": 14726000,
        "othercomprehensiveincomelossderivativesqualifyingashedgesnetoftax": 55196000,
        "othercomprehensiveincomelosspensionandotherpostretirementbenefitplansadjustmentnetoftax": -8000,
        "othercomprehensiveincomelossnetoftax": -298361000,
        "revenues": 300609000,
        "costofrevenue": 456967000,
        "sellingandmarketingexpense": 107832000,
        "generalandadministrativeexpense": 168462000,
        "businesscombinationacquisitionrelatedcosts": 15594000,
        "gainlossondispositionofassets1": 0,
        "costsandexpenses": 748855000,
        "operatingincomeloss": 151655000,
        "investmentincomeinterest": 841000,
        "interestexpense": 100332000,
        "othernonoperatingincomeexpense": 1555000,
        "incomelossfromcontinuingoperationsbeforeincometaxesextraordinaryitemsnoncontrollinginterest": 53114000,
        "incometaxexpensebenefit": 13812000,
        "incomelossfromcontinuingoperationsperbasicshare": 0.5800000000000001,
        "discontinuedoperationincomelossfromdiscontinuedoperationnetoftaxperbasicshare": 0.08000000000000002,
        "earningspersharebasic": 0.66,
        "weightedaveragenumberofsharesoutstandingbasic": 799000,
        "incomelossfromcontinuingoperationsperdilutedshare": 0.5800000000000001,
        "discontinuedoperationincomelossfromdiscontinuedoperationnetoftaxperdilutedshare": 0.08000000000000002,
        "earningspersharediluted": 0.66,
        "weightedaveragenumberofdilutedsharesoutstanding": 1443000
    },
    {
        "date": "2016-03-30",
        "symbol": "EQIX",
        "period": "Q1",
        "profitloss": -31111000,
        "othercomprehensiveincomelossforeigncurrencytransactionandtranslationadjustmentnetoftax": 115899000,
        "othercomprehensiveincomelossavailableforsalesecuritiesadjustmentnetoftax": -304000,
        "unrealizedgainlossoncashflowhedginginstruments": -6784000,
        "othercomprehensiveincomelossderivativesqualifyingashedgesnetoftax": -16312000,
        "othercomprehensiveincomelosspensionandotherpostretirementbenefitplansadjustmentnetoftax": -6000,
        "othercomprehensiveincomelossnetoftax": 115899000,
        "comprehensiveincomenetoftaxincludingportionattributabletononcontrollinginterest": 61394000,
        "revenues": 267856000,
        "costofrevenue": 427680000,
        "sellingandmarketingexpense": 106590000,
        "generalandadministrativeexpense": 165904000,
        "businesscombinationacquisitionrelatedcosts": 36536000,
        "gainlossondispositionofassets1": 5242000,
        "costsandexpenses": 731468000,
        "operatingincomeloss": 112688000,
        "investmentincomeinterest": 925000,
        "interestexpense": 100863000,
        "othernonoperatingincomeexpense": -60710000,
        "incomelossfromcontinuingoperationsbeforeincometaxesextraordinaryitemsnoncontrollinginterest": -47960000,
        "incometaxexpensebenefit": -10633000,
        "incomelossfromcontinuingoperationsincludingportionattributabletononcontrollinginterest": -37327000,
        "incomelossfromdiscontinuedoperationsnetoftax": 6216000,
        "incomelossfromcontinuingoperationsperbasicshare": -0.55,
        "discontinuedoperationincomelossfromdiscontinuedoperationnetoftaxperbasicshare": 0.09,
        "earningspersharebasic": -0.46,
        "weightedaveragenumberofsharesoutstandingbasic": 68132000,
        "incomelossfromcontinuingoperationsperdilutedshare": -0.55,
        "discontinuedoperationincomelossfromdiscontinuedoperationnetoftaxperdilutedshare": 0.09,
        "earningspersharediluted": -0.46,
        "weightedaveragenumberofdilutedsharesoutstanding": 68132000
    },
    {
        "date": "2015-12-30",
        "symbol": "EQIX",
        "period": "Q4",
        "othercomprehensiveincomelossforeigncurrencytransactionandtranslationadjustmentnetoftax": -10242631000,
        "othercomprehensiveincomelossavailableforsalesecuritiesadjustmentnetoftax": -139000,
        "unrealizedgainlossoncashflowhedginginstruments": 4975000,
        "othercomprehensiveincomelosspensionandotherpostretirementbenefitplansadjustmentnetoftax": -887000,
        "othercomprehensiveincomelossnetoftax": -21048000,
        "comprehensiveincomenetoftaxincludingportionattributabletononcontrollinginterest": -10317000,
        "comprehensiveincomenetoftax": -10317000,
        "revenues": 233761000,
        "costofrevenue": 351968000,
        "sellingandmarketingexpense": 88439000,
        "generalandadministrativeexpense": 136829000,
        "businesscombinationacquisitionrelatedcosts": 17349000,
        "costsandexpenses": 594585000,
        "operatingincomeloss": 135877000,
        "investmentincomeinterest": 1206000,
        "interestexpense": 79499000,
        "othernonoperatingincomeexpense": -48617000,
        "incomelossfromcontinuingoperationsbeforeincometaxesextraordinaryitemsnoncontrollinginterest": 8678000,
        "incometaxexpensebenefit": -2053000,
        "netincomeloss": -176814000,
        "earningspersharebasic": 0.14000000000000012,
        "weightedaveragenumberofsharesoutstandingbasic": -112888000,
        "earningspersharediluted": 0.1299999999999999,
        "weightedaveragenumberofdilutedsharesoutstanding": -113951000
    },
    {
        "date": "2015-09-29",
        "symbol": "EQIX",
        "period": "Q3",
        "revenues": 126456000,
        "costofrevenue": 325468000,
        "sellingandmarketingexpense": 83709000,
        "generalandadministrativeexpense": 123237000,
        "businesscombinationacquisitionrelatedcosts": 13352000,
        "costsandexpenses": 545766000,
        "operatingincomeloss": 140883000,
        "investmentincomeinterest": 934000,
        "interestexpense": 76269000,
        "othernonoperatingincomeexpense": -12836000,
        "incomelossfromcontinuingoperationsbeforeincometaxesextraordinaryitemsnoncontrollinginterest": 52712000,
        "incometaxexpensebenefit": 11580000,
        "profitloss": 41132000,
        "netincomeloss": 41132000,
        "earningspersharebasic": 0.72,
        "weightedaveragenumberofsharesoutstandingbasic": 57082000,
        "earningspersharediluted": 0.71,
        "weightedaveragenumberofdilutedsharesoutstanding": 57708000,
        "othercomprehensiveincomelossforeigncurrencytransactionandtranslationadjustmentnetoftax": 4426000,
        "othercomprehensiveincomelossavailableforsalesecuritiesadjustmentnetoftax": -21000,
        "unrealizedgainlossoncashflowhedginginstruments": 3309000,
        "othercomprehensiveincomelossderivativesqualifyingashedgesnetoftax": 4426000,
        "othercomprehensiveincomelosspensionandotherpostretirementbenefitplansadjustmentnetoftax": -124000,
        "othercomprehensiveincomelossnetoftax": -64839000,
        "comprehensiveincomenetoftaxincludingportionattributabletononcontrollinginterest": -23707000,
        "comprehensiveincomenetoftax": -23707000
    },
    {
        "date": "2015-06-29",
        "symbol": "EQIX",
        "period": "Q2",
        "revenues": 173967000,
        "costofrevenue": 315757000,
        "sellingandmarketingexpense": 81248000,
        "generalandadministrativeexpense": 119578000,
        "businesscombinationacquisitionrelatedcosts": 9866000,
        "costsandexpenses": 526449000,
        "operatingincomeloss": 139133000,
        "investmentincomeinterest": 921000,
        "interestexpense": 74496000,
        "othernonoperatingincomeexpense": 1386000,
        "incomelossfromcontinuingoperationsbeforeincometaxesextraordinaryitemsnoncontrollinginterest": 66944000,
        "incometaxexpensebenefit": 7485000,
        "profitloss": 59459000,
        "netincomeloss": 59459000,
        "earningspersharebasic": 1.04,
        "weightedaveragenumberofsharesoutstandingbasic": 56935000,
        "earningspersharediluted": 1.03,
        "weightedaveragenumberofdilutedsharesoutstanding": 57499000,
        "othercomprehensiveincomelossforeigncurrencytransactionandtranslationadjustmentnetoftax": 10389000000,
        "othercomprehensiveincomelossavailableforsalesecuritiesadjustmentnetoftax": 17000,
        "unrealizedgainlossoncashflowhedginginstruments": -14290000,
        "othercomprehensiveincomelossderivativesqualifyingashedgesnetoftax": -10389000,
        "othercomprehensiveincomelosspensionandotherpostretirementbenefitplansadjustmentnetoftax": -83000,
        "othercomprehensiveincomelossnetoftax": 44864000,
        "comprehensiveincomenetoftaxincludingportionattributabletononcontrollinginterest": 104323000,
        "comprehensiveincomenetoftax": 104323000
    },
    {
        "date": "2015-03-30",
        "symbol": "EQIX",
        "period": "Q1",
        "revenues": 164623000,
        "costofrevenue": 298313000,
        "sellingandmarketingexpense": 78616000,
        "generalandadministrativeexpense": 113640000,
        "businesscombinationacquisitionrelatedcosts": 1156000,
        "costsandexpenses": 491725000,
        "operatingincomeloss": 151449000,
        "investmentincomeinterest": 520000,
        "interestexpense": 68791000,
        "othernonoperatingincomeexpense": -514000,
        "incomelossfromcontinuingoperationsbeforeincometaxesextraordinaryitemsnoncontrollinginterest": 82664000,
        "incometaxexpensebenefit": 6212000,
        "profitloss": 76452000,
        "netincomeloss": 76452000,
        "earningspersharebasic": 1.35,
        "weightedaveragenumberofsharesoutstandingbasic": 56661000,
        "earningspersharediluted": 1.34,
        "weightedaveragenumberofdilutedsharesoutstanding": 57227000,
        "othercomprehensiveincomelossforeigncurrencytransactionandtranslationadjustmentnetoftax": -146311000,
        "othercomprehensiveincomelossavailableforsalesecuritiesadjustmentnetoftax": 103000,
        "unrealizedgainlossoncashflowhedginginstruments": 10556000,
        "othercomprehensiveincomelosspensionandotherpostretirementbenefitplansadjustmentnetoftax": -59000,
        "othercomprehensiveincomelossnetoftax": -135593000,
        "comprehensiveincomenetoftaxincludingportionattributabletononcontrollinginterest": -59141000,
        "comprehensiveincomenetoftax": -59141000
    },
    {
        "date": "2014-09-29",
        "symbol": "EQIX",
        "period": "Q3",
        "revenues": 408819000,
        "costofrevenue": 304052000,
        "sellingandmarketingexpense": 72185000,
        "generalandadministrativeexpense": 109354000,
        "businesscombinationacquisitionrelatedcosts": -281000,
        "costsandexpenses": 485310000,
        "operatingincomeloss": 135131000,
        "investmentincomeinterest": 356000,
        "interestexpense": 63756000,
        "othernonoperatingincomeexpense": 1811000,
        "incomelossfromcontinuingoperationsbeforeincometaxesextraordinaryitemsnoncontrollinginterest": 73542000,
        "incometaxexpensebenefit": 30581000,
        "profitloss": 42961000,
        "netincomelossattributabletoredeemablenoncontrollinginterest": 120000,
        "netincomeloss": 42841000,
        "earningspersharebasic": 0.8100000000000002,
        "weightedaveragenumberofsharesoutstandingbasic": -49561000,
        "earningspersharediluted": 0.81,
        "weightedaveragenumberofdilutedsharesoutstanding": -50536000,
        "othercomprehensiveincomelossforeigncurrencytransactionandtranslationadjustmentnetoftax": -144994000,
        "othercomprehensiveincomelossavailableforsalesecuritiesadjustmentnetoftax": -862000,
        "unrealizedgainlossoncashflowhedginginstruments": 4194000,
        "othercomprehensiveincomelossnetoftax": -141662000,
        "comprehensiveincomenetoftaxincludingportionattributabletononcontrollinginterest": -98701000,
        "othercomprehensiveincomelossnetoftaxportionattributabletononcontrollinginterest": -1007000,
        "comprehensiveincomenetoftax": -97814000
    },
    {
        "date": "2014-06-29",
        "symbol": "EQIX",
        "period": "Q2",
        "revenues": 31003000,
        "costofrevenue": 292859000,
        "sellingandmarketingexpense": 75254000,
        "generalandadministrativeexpense": 111675000,
        "businesscombinationacquisitionrelatedcosts": 676000,
        "costsandexpenses": 480464000,
        "operatingincomeloss": 124697000,
        "investmentincomeinterest": 744000,
        "interestexpense": 66874000,
        "othernonoperatingincomeexpense": 681000,
        "gainslossesonextinguishmentofdebt": 4210000,
        "incomelossfromcontinuingoperationsbeforeincometaxesextraordinaryitemsnoncontrollinginterest": 8065000,
        "incometaxexpensebenefit": -2014000,
        "profitloss": 10079000,
        "netincomelossattributabletoredeemablenoncontrollinginterest": -1249000,
        "netincomeloss": 11328000,
        "earningspersharebasic": 0.22,
        "weightedaveragenumberofsharesoutstandingbasic": 51332000,
        "earningspersharediluted": 0.22,
        "weightedaveragenumberofdilutedsharesoutstanding": 51652000,
        "othercomprehensiveincomelossforeigncurrencytransactionandtranslationadjustmentnetoftax": 23081000,
        "othercomprehensiveincomelossavailableforsalesecuritiesadjustmentnetoftax": -74000,
        "unrealizedgainlossoncashflowhedginginstruments": 54000,
        "othercomprehensiveincomelossnetoftax": 23061000,
        "comprehensiveincomenetoftaxincludingportionattributabletononcontrollinginterest": 33140000,
        "othercomprehensiveincomelossnetoftaxportionattributabletononcontrollinginterest": 750000,
        "comprehensiveincomenetoftax": 33639000
    },
    {
        "date": "2014-03-30",
        "symbol": "EQIX",
        "period": "Q1",
        "revenues": 30350000,
        "costofrevenue": 287525000,
        "sellingandmarketingexpense": 67428000,
        "generalandadministrativeexpense": 103303000,
        "businesscombinationacquisitionrelatedcosts": 185000,
        "costsandexpenses": 458441000,
        "operatingincomeloss": 121612000,
        "investmentincomeinterest": 1434000,
        "interestexpense": 68820000,
        "othernonoperatingincomeexpense": 678000,
        "incomelossfromcontinuingoperationsbeforeincometaxesextraordinaryitemsnoncontrollinginterest": 54904000,
        "incometaxexpensebenefit": 13567000,
        "profitloss": 41337000,
        "netincomelossattributabletoredeemablenoncontrollinginterest": -50000,
        "netincomeloss": 41387000,
        "earningspersharebasic": 0.83,
        "weightedaveragenumberofsharesoutstandingbasic": 49598000,
        "earningspersharediluted": 0.81,
        "weightedaveragenumberofdilutedsharesoutstanding": 53386000,
        "othercomprehensiveincomelossforeigncurrencytransactionandtranslationadjustmentnetoftax": 14970000,
        "othercomprehensiveincomelossavailableforsalesecuritiesadjustmentnetoftax": 839000,
        "unrealizedgainlossoncashflowhedginginstruments": 200000,
        "othercomprehensiveincomelossnetoftax": 16009000,
        "comprehensiveincomenetoftaxincludingportionattributabletononcontrollinginterest": 57346000,
        "othercomprehensiveincomelossnetoftaxportionattributabletononcontrollinginterest": 2067000,
        "comprehensiveincomenetoftax": 55329000
    },
    {
        "date": "2013-09-29",
        "symbol": "EQIX",
        "period": "Q3",
        "revenues": -67306000,
        "costofrevenue": 267699000,
        "sellingandmarketingexpense": 61619000,
        "generalandadministrativeexpense": 98007000,
        "businesscombinationacquisitionrelatedcosts": 438000,
        "costsandexpenses": 427763000,
        "operatingincomeloss": 115202000,
        "interestexpense": 61957000,
        "othernonoperatingincomeexpense": 985000,
        "incometaxexpensebenefit": 12603000,
        "incomelossfromcontinuingoperations": 42556000,
        "profitloss": 42556000,
        "netincomelossattributabletoredeemablenoncontrollinginterest": 282000,
        "netincomeloss": 42274000,
        "incomelossfromcontinuingoperationsperbasicshare": 0.8500000000000001,
        "earningspersharebasic": 0.8500000000000001,
        "weightedaveragenumberofsharesoutstandingbasic": -49083000,
        "incomelossfromcontinuingoperationsperdilutedshare": 0.8599999999999999,
        "earningspersharediluted": 0.8599999999999999,
        "weightedaveragenumberofdilutedsharesoutstanding": -52809000,
        "othercomprehensiveincomelossforeigncurrencytransactionandtranslationadjustmentnetoftax": 78113000,
        "othercomprehensiveincomelossavailableforsalesecuritiesadjustmentnetoftax": 438000,
        "othercomprehensiveincomelossnetoftax": 78551000,
        "comprehensiveincomenetoftaxincludingportionattributabletononcontrollinginterest": 121107000,
        "othercomprehensiveincomelossnetoftaxportionattributabletononcontrollinginterest": 200000,
        "comprehensiveincomenetoftax": 120625000
    },
    {
        "date": "2013-06-29",
        "symbol": "EQIX",
        "period": "Q2",
        "revenues": 23199000,
        "costofrevenue": 267693000,
        "sellingandmarketingexpense": 59478000,
        "generalandadministrativeexpense": 88632000,
        "restructuringreserveaccrualadjustment": 4837000,
        "businesscombinationacquisitionrelatedcosts": 2526000,
        "costsandexpenses": 413492000,
        "operatingincomeloss": 112177000,
        "investmentincomenonoperating": 917000,
        "interestexpense": 61001000,
        "othernonoperatingincomeexpense": 2768000,
        "gainslossesonextinguishmentofdebt": -93602000,
        "incomelossfromcontinuingoperationsbeforeincometaxesextraordinaryitemsnoncontrollinginterest": -38741000,
        "incometaxexpensebenefit": -10612000,
        "incomelossfromcontinuingoperations": -28129000,
        "profitloss": -28129000,
        "netincomelossattributabletoredeemablenoncontrollinginterest": 529000,
        "netincomeloss": -28658000,
        "incomelossfromcontinuingoperationsperbasicshare": -0.58,
        "earningspersharebasic": -0.58,
        "weightedaveragenumberofsharesoutstandingbasic": 49379000,
        "incomelossfromcontinuingoperationsperdilutedshare": -0.58,
        "earningspersharediluted": -0.58,
        "weightedaveragenumberofdilutedsharesoutstanding": 49379000,
        "othercomprehensiveincomelossforeigncurrencytransactionandtranslationadjustmentnetoftax": -30666000,
        "othercomprehensiveincomelossavailableforsalesecuritiesadjustmentnetoftax": -458000,
        "othercomprehensiveincomelossnetoftax": -31124000,
        "comprehensiveincomenetoftaxincludingportionattributabletononcontrollinginterest": -59253000,
        "othercomprehensiveincomelossnetoftaxportionattributabletononcontrollinginterest": -5309000,
        "comprehensiveincomenetoftax": -54473000
    },
    {
        "date": "2013-03-30",
        "symbol": "EQIX",
        "period": "Q1",
        "revenues": 120294000,
        "costofrevenue": 259268000,
        "sellingandmarketingexpense": 58276000,
        "generalandadministrativeexpense": 89685000,
        "businesscombinationacquisitionrelatedcosts": 3662000,
        "costsandexpenses": 410891000,
        "operatingincomeloss": 108564000,
        "investmentincomeinterest": 747000,
        "interestexpense": 60331000,
        "othernonoperatingincomeexpense": -459000,
        "incomelossfromcontinuingoperationsbeforeincometaxesminorityinterestandincomelossfromequitymethodinvestments": 48521000,
        "incometaxexpensebenefit": 12198000,
        "incomelossfromcontinuingoperations": 36323000,
        "profitloss": 36323000,
        "netincomelossattributabletoredeemablenoncontrollinginterest": 441000,
        "netincomeloss": 35882000,
        "incomelossfromcontinuingoperationsperbasicshare": 0.73,
        "earningspersharebasic": 0.73,
        "weightedaveragenumberofsharesoutstandingbasic": 49029000,
        "incomelossfromcontinuingoperationsperdilutedshare": 0.71,
        "earningspersharediluted": 0.71,
        "weightedaveragenumberofdilutedsharesoutstanding": 53480000,
        "othercomprehensiveincomelossforeigncurrencytransactionandtranslationadjustmentnetoftax": -72554000,
        "othercomprehensiveincomelossavailableforsalesecuritiesadjustmentnetoftax": 98000,
        "othercomprehensiveincomelossnetoftax": -72456000,
        "comprehensiveincomenetoftaxincludingportionattributabletononcontrollinginterest": -36133000,
        "othercomprehensiveincomelossnetoftaxportionattributabletononcontrollinginterest": 769000,
        "comprehensiveincomenetoftax": -37343000
    },
    {
        "date": "2012-09-29",
        "symbol": "EQIX",
        "period": "Q3",
        "revenues": 111958000,
        "costofrevenue": 251487000,
        "sellingandmarketingexpense": 53211000,
        "generalandadministrativeexpense": 83621000,
        "businesscombinationacquisitionrelatedcosts": 4542000,
        "costsandexpenses": 392861000,
        "operatingincomeloss": 20565000,
        "investmentincomeinterest": 1054000,
        "interestexpense": 50207000,
        "othernonoperatingincomeexpense": 507000,
        "lossondebtextinguishmentandinterestrateswapsnet": 5204000,
        "incomelossfromcontinuingoperationsbeforeincometaxesminorityinterestandincomelossfromequitymethodinvestments": 42019000,
        "incometaxexpensebenefit": 13498000,
        "incomelossfromcontinuingoperations": 28521000,
        "incomelossfromdiscontinuedoperationsnetoftaxattributabletoreportingentity": 679000,
        "profitloss": 29200000,
        "netincomelossattributabletoredeemablenoncontrollinginterest": 362000,
        "netincomeloss": 28838000,
        "incomelossfromcontinuingoperationsperbasicshare": 0.58,
        "incomelossfromdiscontinuedoperationsnetoftaxperbasicshare": 0.02,
        "earningspersharebasic": 0.6,
        "weightedaveragenumberofsharesoutstandingbasic": 48361000,
        "incomelossfromcontinuingoperationsperdilutedshare": 0.57,
        "incomelossfromdiscontinuedoperationsnetoftaxperdilutedshare": 0.01,
        "earningspersharediluted": 0.58,
        "weightedaveragenumberofdilutedsharesoutstanding": 52655000,
        "othercomprehensiveincomelossforeigncurrencytransactionandtranslationadjustmentnetoftax": 41782000,
        "othercomprehensiveincomelossavailableforsalesecuritiesadjustmentnetoftax": 113000,
        "othercomprehensiveincomelossnetoftax": 41895000,
        "comprehensiveincomenetoftaxincludingportionattributabletononcontrollinginterest": 71095000,
        "othercomprehensiveincomelossnetoftaxportionattributabletononcontrollinginterest": -240000,
        "comprehensiveincomenetoftax": 70973000
    },
    {
        "date": "2012-06-29",
        "symbol": "EQIX",
        "period": "Q2",
        "revenues": 102697000,
        "costofrevenue": 233192000,
        "sellingandmarketingexpense": 47764000,
        "generalandadministrativeexpense": 80723000,
        "businesscombinationacquisitionrelatedcosts": 1919000,
        "costsandexpenses": 363598000,
        "operatingincomeloss": 22962000,
        "investmentincomeinterest": 963000,
        "interestexpense": 46787000,
        "othernonoperatingincomeexpense": -1844000,
        "incomelossfromcontinuingoperationsbeforeincometaxesminorityinterestandincomelossfromequitymethodinvestments": 54998000,
        "incometaxexpensebenefit": 17358000,
        "profitloss": 37640000,
        "netincomelossattributabletoredeemablenoncontrollinginterest": 1193000,
        "netincomeloss": 36447000,
        "earningspersharebasic": 0.76,
        "weightedaveragenumberofsharesoutstandingbasic": 48016000,
        "earningspersharediluted": 0.73,
        "weightedaveragenumberofdilutedsharesoutstanding": 52351000,
        "othercomprehensiveincomelossforeigncurrencytransactionandtranslationadjustmentnetoftax": -49207000,
        "othercomprehensiveincomelossavailableforsalesecuritiesadjustmentnetoftax": -177000,
        "othercomprehensiveincomelossnetoftax": -49384000,
        "comprehensiveincomenetoftaxincludingportionattributabletononcontrollinginterest": -11744000,
        "comprehensiveincomenetoftaxattributabletononcontrollinginterest": -3974000,
        "comprehensiveincomenetoftax": -8963000
    },
    {
        "date": "2012-03-30",
        "symbol": "EQIX",
        "period": "Q1",
        "revenues": 101336000,
        "costofrevenue": 225079000,
        "sellingandmarketingexpense": 46571000,
        "generalandadministrativeexpense": 78425000,
        "businesscombinationacquisitionrelatedcosts": 1027000,
        "costsandexpenses": 351102000,
        "operatingincomeloss": 27279000,
        "investmentincomeinterest": 691000,
        "interestexpense": 52818000,
        "othernonoperatingincomeexpense": -154000,
        "incomelossfromcontinuingoperationsbeforeincometaxesminorityinterestandincomelossfromequitymethodinvestments": 48817000,
        "incometaxexpensebenefit": 14006000,
        "profitloss": 34811000,
        "netincomelossattributabletoredeemablenoncontrollinginterest": 288000,
        "netincomeloss": 34523000,
        "earningspersharebasic": 0.74,
        "weightedaveragenumberofsharesoutstandingbasic": 46955000,
        "earningspersharediluted": 0.71,
        "weightedaveragenumberofdilutedsharesoutstanding": 51061000,
        "othercomprehensiveincomeforeigncurrencytransactionandtranslationadjustmentnetoftaxperiodincreasedecrease": 34312000,
        "othercomprehensiveincomeunrealizedholdinggainlossonsecuritiesarisingduringperiodnetoftax": 78000,
        "othercomprehensiveincomeothernetoftax": 34390000,
        "comprehensiveincomenotattributabletoparentnetoftax": 69201000,
        "othercomprehensiveincomelossnetoftaxportionattributabletoparent": -1059000,
        "comprehensiveincomenetoftax": 67854000
    },
    {
        "date": "2011-09-29",
        "symbol": "EQIX",
        "period": "Q3",
        "revenues": 92324000,
        "costofrevenue": 228153000,
        "sellingandmarketingexpense": 43070000,
        "generalandadministrativeexpense": 65976000,
        "restructuringcharges": 1587000,
        "businesscombinationacquisitionrelatedcosts": 678000000,
        "costsandexpenses": 339485000,
        "operatingincomeloss": 16305000,
        "investmentincomeinterest": 679000,
        "interestexpense": 51114000,
        "othernonoperatingincomeexpense": -1694000,
        "incomelossfromcontinuingoperationsbeforeincometaxesminorityinterestandincomelossfromequitymethodinvestments": 25987000,
        "incometaxexpensebenefit": 5348000,
        "profitloss": 807000,
        "netincomelossattributabletononcontrollinginterest": 320000,
        "netincomeloss": 20319000,
        "earningspersharebasic": 0.21,
        "weightedaveragenumberofsharesoutstandingbasic": 47202000,
        "earningspersharediluted": 0.2,
        "weightedaveragenumberofdilutedsharesoutstanding": 47943000
    },
    {
        "date": "2011-06-29",
        "symbol": "EQIX",
        "period": "Q2",
        "revenues": 88611000,
        "costofrevenue": 215572000,
        "sellingandmarketingexpense": 37063000,
        "generalandadministrativeexpense": 65681000,
        "restructuringcharges": 103000,
        "businesscombinationacquisitionrelatedcosts": 1556000,
        "costsandexpenses": 320034000,
        "operatingincomeloss": 14178000,
        "investmentincomeinterest": 632000,
        "interestexpense": 37677000,
        "othernonoperatingincomeexpense": 1021000,
        "incomelossfromcontinuingoperationsbeforeincometaxesminorityinterestandincomelossfromequitymethodinvestments": 38842000,
        "incometaxexpensebenefit": 8109000,
        "profitloss": 320000,
        "netincomelossattributabletononcontrollinginterest": 3000,
        "netincomeloss": 30730000,
        "earningspersharebasic": 0.65,
        "weightedaveragenumberofsharesoutstandingbasic": 46924000,
        "earningspersharediluted": 0.64,
        "weightedaveragenumberofdilutedsharesoutstanding": 50664000
    },
    {
        "date": "2011-03-30",
        "symbol": "EQIX",
        "period": "Q1",
        "revenues": 363029000,
        "costofrevenue": 194576000,
        "sellingandmarketingexpense": 33636000,
        "generalandadministrativeexpense": 62601000,
        "restructuringcharges": 496000,
        "businesscombinationacquisitionrelatedcosts": 415000,
        "costsandexpenses": 291724000,
        "operatingincomeloss": 71305000,
        "investmentincomeinterest": 215000,
        "interestexpense": 37361000,
        "othernonoperatingincomeexpense": 2111000,
        "incomelossfromcontinuingoperationsbeforeincometaxesminorityinterestandincomelossfromequitymethodinvestments": 36270000,
        "incometaxexpensebenefit": 11125000,
        "netincomeloss": 25145000,
        "earningspersharebasic": 0.54,
        "weightedaveragenumberofsharesoutstandingbasic": 46451000,
        "earningspersharediluted": 0.53,
        "weightedaveragenumberofdilutedsharesoutstanding": 47219000
    }
]