[
    {
        "date": "2024-09-26",
        "symbol": "LHX",
        "period": "Q3",
        "revenuefromcontractwithcustomerexcludingassessedtax": -8791000000,
        "costofgoodsandservicessold": 3873000000,
        "sellinggeneralandadministrativeexpense": 924000000,
        "operatingincomeloss": 495000000,
        "othernonoperatingincomeexpense": 101000000,
        "incomelossfromcontinuingoperationsbeforeincometaxesextraordinaryitemsnoncontrollinginterest": 430000000,
        "incometaxexpensebenefit": 26000000,
        "profitloss": -645000000,
        "netincomelossattributabletononcontrollinginterest": 4000000,
        "netincomeloss": 400000000,
        "earningspersharebasic": 2.1100000000000003,
        "earningspersharediluted": 2.1,
        "weightedaveragenumberofsharesoutstandingbasic": 189700000,
        "weightedaveragenumberofdilutedsharesoutstanding": 190700000,
        "othercomprehensiveincomeforeigncurrencytransactionandtranslationgainlossarisingduringperiodnetoftax": 43000000,
        "othercomprehensiveincomelossbeforereclassificationsnetoftax": 48000000,
        "reclassificationfromaccumulatedothercomprehensiveincomecurrentperiodnetoftax": 8000000,
        "comprehensiveincomenetoftaxincludingportionattributabletononcontrollinginterest": 444000000,
        "othercomprehensiveincomelossnetoftaxportionattributabletononcontrollinginterest": 4000000,
        "comprehensiveincomenetoftax": 440000000
    },
    {
        "date": "2024-06-27",
        "symbol": "LHX",
        "period": "Q2",
        "revenuefromcontractwithcustomerexcludingassessedtax": 5299000000,
        "costofgoodsandservicessold": 3939000000,
        "sellinggeneralandadministrativeexpense": 884000000,
        "operatingincomeloss": 476000000,
        "othernonoperatingincomeexpense": 86000000,
        "interestincomeexpensenet": -172000000,
        "incomelossfromcontinuingoperationsbeforeincometaxesextraordinaryitemsnoncontrollinginterest": 390000000,
        "incometaxexpensebenefit": 23000000,
        "profitloss": 367000000,
        "netincomelossattributabletononcontrollinginterest": 1000000,
        "netincomeloss": 366000000,
        "earningspersharebasic": 1.93,
        "earningspersharediluted": 1.92,
        "weightedaveragenumberofsharesoutstandingbasic": 189800000,
        "weightedaveragenumberofdilutedsharesoutstanding": 190800000,
        "othercomprehensiveincomeforeigncurrencytransactionandtranslationgainlossarisingduringperiodnetoftax": 5000000,
        "othercomprehensiveincomelosscashflowhedgegainlossbeforereclassificationaftertax": 0,
        "othercomprehensiveincomelossbeforereclassificationsnetoftax": 8000000,
        "reclassificationfromaccumulatedothercomprehensiveincomecurrentperiodnetoftax": 8000000,
        "othercomprehensiveincomelossnetoftax": 0,
        "comprehensiveincomenetoftaxincludingportionattributabletononcontrollinginterest": 367000000,
        "othercomprehensiveincomelossnetoftaxportionattributabletononcontrollinginterest": 1000000,
        "comprehensiveincomenetoftax": 366000000
    },
    {
        "date": "2024-03-28",
        "symbol": "LHX",
        "period": "Q1",
        "revenuefromcontractwithcustomerexcludingassessedtax": 5211000000,
        "costofgoodsandservicessold": 3863000000,
        "sellinggeneralandadministrativeexpense": 970000000,
        "operatingincomeloss": 378000000,
        "othernonoperatingincomeexpense": 88000000,
        "interestincomeexpensenet": -176000000,
        "incomelossfromcontinuingoperationsbeforeincometaxesextraordinaryitemsnoncontrollinginterest": 290000000,
        "incometaxexpensebenefit": 5000000,
        "profitloss": 285000000,
        "netincomelossattributabletononcontrollinginterest": 2000000,
        "netincomeloss": 283000000,
        "earningspersharebasic": 1.49,
        "earningspersharediluted": 1.48,
        "weightedaveragenumberofsharesoutstandingbasic": 189800000,
        "weightedaveragenumberofdilutedsharesoutstanding": 190800000,
        "othercomprehensiveincomeforeigncurrencytransactionandtranslationgainlossarisingduringperiodnetoftax": -26000000,
        "othercomprehensiveincomelosscashflowhedgegainlossbeforereclassificationaftertax": -3000000,
        "othercomprehensiveincomelossbeforereclassificationsnetoftax": -29000000,
        "reclassificationfromaccumulatedothercomprehensiveincomecurrentperiodnetoftax": 7000000,
        "othercomprehensiveincomelossnetoftax": -36000000,
        "comprehensiveincomenetoftaxincludingportionattributabletononcontrollinginterest": 249000000,
        "othercomprehensiveincomelossnetoftaxportionattributabletononcontrollinginterest": 2000000,
        "comprehensiveincomenetoftax": 247000000
    },
    {
        "date": "2023-12-28",
        "symbol": "LHX",
        "period": "Q4",
        "revenuefromcontractwithcustomerexcludingassessedtax": -385000000,
        "costofgoodsandservicessold": -660000000,
        "sellinggeneralandadministrativeexpense": 878000000,
        "interestincomeexpensenet": -171000000,
        "incomelossfromcontinuingoperationsbeforeincometaxesextraordinaryitemsnoncontrollinginterest": 76000000,
        "incometaxexpensebenefit": -50000000,
        "profitloss": 126000000,
        "netincomelossattributabletononcontrollinginterest": -32000000,
        "netincomeloss": 158000000,
        "earningspersharebasic": 0.8299999999999996,
        "earningspersharediluted": 0.8299999999999998,
        "othercomprehensiveincomeforeigncurrencytransactionandtranslationgainlossarisingduringperiodnetoftax": 46000000,
        "othercomprehensiveincomelosscashflowhedgegainlossbeforereclassificationaftertax": 4000000,
        "othercomprehensiveincomelossbeforereclassificationsnetoftax": 121000000,
        "reclassificationfromaccumulatedothercomprehensiveincomecurrentperiodnetoftax": -2000000,
        "othercomprehensiveincomelossnetoftax": 123000000,
        "comprehensiveincomenetoftaxincludingportionattributabletononcontrollinginterest": 249000000,
        "comprehensiveincomenetoftax": 281000000
    },
    {
        "date": "2023-09-28",
        "symbol": "LHX",
        "period": "Q3",
        "revenuefromcontractwithcustomerexcludingassessedtax": 13277000000,
        "costofgoodsandservicessold": 3590000000,
        "sellinggeneralandadministrativeexpense": 828000000,
        "interestincomeexpensenet": -159000000,
        "incomelossfromcontinuingoperationsbeforeincometaxesextraordinaryitemsnoncontrollinginterest": 400000000,
        "incometaxexpensebenefit": 18000000,
        "profitloss": 1068000000,
        "netincomelossattributabletononcontrollinginterest": -1000000,
        "netincomeloss": 383000000,
        "earningspersharebasic": 2.03,
        "earningspersharediluted": 2.0200000000000005,
        "weightedaveragenumberofsharesoutstandingbasic": 189600000,
        "weightedaveragenumberofdilutedsharesoutstanding": 190600000,
        "othercomprehensiveincomeforeigncurrencytransactionandtranslationgainlossarisingduringperiodnetoftax": -45000000,
        "othercomprehensiveincomelosscashflowhedgegainlossbeforereclassificationaftertax": -3000000,
        "othercomprehensiveincomelossbeforereclassificationsnetoftax": -48000000,
        "reclassificationfromaccumulatedothercomprehensiveincomecurrentperiodnetoftax": 10000000,
        "othercomprehensiveincomelossnetoftax": -47000000,
        "comprehensiveincomenetoftaxincludingportionattributabletononcontrollinginterest": 324000000,
        "comprehensiveincomenetoftax": 325000000
    },
    {
        "date": "2023-06-29",
        "symbol": "LHX",
        "period": "Q2",
        "revenuefromcontractwithcustomerexcludingassessedtax": 443000000,
        "costofgoodsandservicessold": 3476000000,
        "sellinggeneralandadministrativeexpense": 783000000,
        "gainlossonsaleofbusiness": 26000000,
        "assetimpairmentcharges": 60000000,
        "othernonoperatingincomeexpense": 83000000,
        "interestincomeexpensenet": -111000000,
        "incomelossfromcontinuingoperationsbeforeincometaxesextraordinaryitemsnoncontrollinginterest": 372000000,
        "incometaxexpensebenefit": 21000000,
        "profitloss": 2000000,
        "netincomelossattributabletononcontrollinginterest": 2000000,
        "netincomeloss": 349000000,
        "earningspersharebasic": 1.84,
        "earningspersharediluted": 1.83,
        "weightedaveragenumberofsharesoutstandingbasic": 189200000,
        "weightedaveragenumberofdilutedsharesoutstanding": 190100000,
        "othercomprehensiveincomeforeigncurrencytransactionandtranslationgainlossarisingduringperiodnetoftax": 28000000,
        "othercomprehensiveincomelosscashflowhedgegainlossbeforereclassificationaftertax": 4000000,
        "othercomprehensiveincomelossbeforereclassificationsnetoftax": 32000000,
        "reclassificationfromaccumulatedothercomprehensiveincomecurrentperiodnetoftax": 7000000,
        "othercomprehensiveincomelossnetoftax": 25000000,
        "comprehensiveincomenetoftaxincludingportionattributabletononcontrollinginterest": 376000000,
        "othercomprehensiveincomelossnetoftaxportionattributabletononcontrollinginterest": 2000000,
        "comprehensiveincomenetoftax": 374000000
    },
    {
        "date": "2023-03-30",
        "symbol": "LHX",
        "period": "Q1",
        "revenuefromcontractwithcustomerexcludingassessedtax": 359000000,
        "costofgoodsandservicessold": 3305000000,
        "sellinggeneralandadministrativeexpense": 773000000,
        "othernonoperatingincome": 82000000,
        "interestincomeexpensenet": -102000000,
        "incomelossfromcontinuingoperationsbeforeincometaxesextraordinaryitemsnoncontrollinginterest": 373000000,
        "incometaxexpensebenefit": 34000000,
        "profitloss": 2000000,
        "netincomelossattributabletononcontrollinginterest": 2000000,
        "netincomeloss": 337000000,
        "earningspersharebasic": 1.77,
        "earningspersharediluted": 1.76,
        "weightedaveragenumberofsharesoutstandingbasic": 190200000,
        "weightedaveragenumberofdilutedsharesoutstanding": 191200000,
        "othercomprehensiveincomeforeigncurrencytransactionandtranslationgainlossarisingduringperiodnetoftax": 7000000,
        "othercomprehensiveincomelosscashflowhedgegainlossbeforereclassificationaftertax": 5000000,
        "othercomprehensiveincomelossbeforereclassificationsnetoftax": 12000000,
        "reclassificationfromaccumulatedothercomprehensiveincomecurrentperiodnetoftax": 12000000,
        "othercomprehensiveincomelossnetoftax": -11000000,
        "comprehensiveincomenetoftaxincludingportionattributabletononcontrollinginterest": 339000000,
        "comprehensiveincomenetoftaxattributabletononcontrollinginterest": 2000000,
        "comprehensiveincomenetoftax": 337000000
    },
    {
        "date": "2022-12-29",
        "symbol": "LHX",
        "period": "Q4",
        "revenuefromcontractwithcustomerexcludingassessedtax": -387000000,
        "costofgoodsandservicessold": -496000000,
        "sellinggeneralandadministrativeexpense": 799000000,
        "othernonoperatingincome": 112000000,
        "interestincomeexpensenet": -74000000,
        "incomelossfromcontinuingoperationsbeforeincometaxesextraordinaryitemsnoncontrollinginterest": 533000000,
        "incometaxexpensebenefit": 116000000,
        "incomelossfromcontinuingoperationsincludingportionattributabletononcontrollinginterest": 417000000,
        "profitloss": 417000000,
        "netincomeloss": 416000000,
        "earningspersharebasic": 2.1899999999999995,
        "othercomprehensiveincomelosscashflowhedgegainlossbeforereclassificationaftertax": 6000000,
        "othercomprehensiveincomelossbeforereclassificationsnetoftax": 57000000,
        "reclassificationfromaccumulatedothercomprehensiveincomecurrentperiodnetoftax": -21000000,
        "othercomprehensiveincomelossnetoftax": 78000000,
        "comprehensiveincomenetoftaxincludingportionattributabletononcontrollinginterest": 495000000,
        "comprehensiveincomenetoftax": 494000000
    },
    {
        "date": "2022-09-29",
        "symbol": "LHX",
        "period": "Q3",
        "revenuefromcontractwithcustomerexcludingassessedtax": 4246000000,
        "costofgoodsandservicessold": 3052000000,
        "sellinggeneralandadministrativeexpense": 742000000,
        "assetimpairmentcharges": 802000000,
        "othernonoperatingincome": 99000000,
        "interestincomeexpensenet": -70000000,
        "incomelossfromcontinuingoperationsbeforeincometaxesextraordinaryitemsnoncontrollinginterest": -321000000,
        "incometaxexpensebenefit": -20000000,
        "incomelossfromcontinuingoperationsincludingportionattributabletononcontrollinginterest": -301000000,
        "profitloss": -301000000,
        "netincomelossattributabletononcontrollinginterest": -1000000,
        "netincomeloss": -300000000,
        "netincomelossfromcontinuingoperationsavailabletocommonshareholdersbasic": -300000000,
        "netincomelossavailabletocommonstockholdersbasic": -300000000,
        "netincomelossfromcontinuingoperationsavailabletocommonshareholdersdiluted": -300000000,
        "netincomelossavailabletocommonstockholdersdiluted": -300000000,
        "earningspersharebasic": -1.56,
        "incomelossfromcontinuingoperationsperdilutedshare": -1.56,
        "weightedaveragenumberofsharesoutstandingbasic": 191300000,
        "weightedaveragenumberofdilutedsharesoutstanding": 191300000,
        "othercomprehensiveincomeforeigncurrencytransactionandtranslationgainlossarisingduringperiodnetoftax": -120000000,
        "othercomprehensiveincomelosscashflowhedgegainlossbeforereclassificationaftertax": -12000000,
        "othercomprehensiveincomelossbeforereclassificationsnetoftax": -132000000,
        "reclassificationfromaccumulatedothercomprehensiveincomecurrentperiodnetoftax": 2000000,
        "othercomprehensiveincomelossnetoftax": -134000000,
        "comprehensiveincomenetoftaxincludingportionattributabletononcontrollinginterest": -435000000,
        "comprehensiveincomenetoftaxattributabletononcontrollinginterest": -1000000,
        "comprehensiveincomenetoftax": -434000000
    },
    {
        "date": "2022-06-30",
        "symbol": "LHX",
        "period": "Q2",
        "revenuefromcontractwithcustomerexcludingassessedtax": 4135000000,
        "costofgoodsandservicessold": 2907000000,
        "sellinggeneralandadministrativeexpense": 744000000,
        "othernonoperatingincome": 108000000,
        "interestincomeexpensenet": -67000000,
        "incomelossfromcontinuingoperationsbeforeincometaxesextraordinaryitemsnoncontrollinginterest": 525000000,
        "incometaxexpensebenefit": 55000000,
        "incomelossfromcontinuingoperationsincludingportionattributabletononcontrollinginterest": 470000000,
        "profitloss": 470000000,
        "netincomelossattributabletononcontrollinginterest": -1000000,
        "netincomeloss": 471000000,
        "incomelossfromcontinuingoperations": 471000000,
        "earningspersharebasic": 2.45,
        "incomelossfromcontinuingoperationsperdilutedshare": 2.42,
        "earningspersharediluted": 2.42,
        "weightedaveragenumberofsharesoutstandingbasic": 192100000,
        "weightedaveragenumberofdilutedsharesoutstanding": 194000000,
        "othercomprehensiveincomelossforeigncurrencytransactionandtranslationadjustmentnetoftax": -73000000,
        "othercomprehensiveincomelosscashflowhedgegainlossbeforereclassificationaftertax": -7000000,
        "othercomprehensiveincomelossbeforereclassificationsnetoftax": -80000000,
        "reclassificationfromaccumulatedothercomprehensiveincomecurrentperiodnetoftax": 2000000,
        "othercomprehensiveincomelossnetoftax": -82000000,
        "comprehensiveincomenetoftaxincludingportionattributabletononcontrollinginterest": 388000000,
        "comprehensiveincomenetoftaxattributabletononcontrollinginterest": -1000000,
        "comprehensiveincomenetoftax": 389000000
    },
    {
        "date": "2022-03-31",
        "symbol": "LHX",
        "period": "Q1",
        "revenuefromcontractwithcustomerexcludingassessedtax": 4103000000,
        "costofgoodsandservicessold": 2892000000,
        "sellinggeneralandadministrativeexpense": 713000000,
        "othernonoperatingincome": 106000000,
        "interestincomeexpensenet": -68000000,
        "incomelossfromcontinuingoperationsbeforeincometaxesextraordinaryitemsnoncontrollinginterest": 536000000,
        "incometaxexpensebenefit": 61000000,
        "incomelossfromcontinuingoperationsincludingportionattributabletononcontrollinginterest": 475000000,
        "profitloss": 475000000,
        "netincomeloss": 475000000,
        "incomelossfromcontinuingoperations": 475000000,
        "incomelossfromcontinuingoperationsperbasicshare": 2.46,
        "earningspersharebasic": 2.46,
        "incomelossfromcontinuingoperationsperdilutedshare": 2.44,
        "earningspersharediluted": 2.44,
        "weightedaveragenumberofsharesoutstandingbasic": 193200000,
        "weightedaveragenumberofdilutedsharesoutstanding": 195100000,
        "othercomprehensiveincomelossforeigncurrencytransactionandtranslationadjustmentnetoftax": -3000000,
        "othercomprehensiveincomelosscashflowhedgegainlossbeforereclassificationaftertax": 5000000,
        "othercomprehensiveincomelossbeforereclassificationsnetoftax": 2000000,
        "reclassificationfromaccumulatedothercomprehensiveincomecurrentperiodnetoftax": 6000000,
        "othercomprehensiveincomelossnetoftax": -4000000,
        "comprehensiveincomenetoftaxincludingportionattributabletononcontrollinginterest": 471000000,
        "comprehensiveincomenetoftax": 471000000
    },
    {
        "date": "2021-12-30",
        "symbol": "LHX",
        "period": "Q4",
        "revenuefromcontractwithcustomerexcludingassessedtax": -308000000,
        "costofgoodsandservicessold": -378000000,
        "sellinggeneralandadministrativeexpense": 795000000,
        "othernonoperatingincome": 125000000,
        "incometaxexpensebenefit": 104000000,
        "incomelossfromcontinuingoperationsincludingportionattributabletononcontrollinginterest": 484000000,
        "profitloss": 484000000,
        "netincomeloss": 484000000,
        "incomelossfromcontinuingoperations": 484000000,
        "incomelossfromcontinuingoperationsperbasicshare": 2.47,
        "earningspersharebasic": 2.4699999999999998,
        "incomelossfromcontinuingoperationsperdilutedshare": 2.45,
        "earningspersharediluted": 2.45,
        "othercomprehensiveincomelossforeigncurrencytransactionandtranslationadjustmentnetoftax": -26000000,
        "othercomprehensiveincomelossbeforereclassificationsnetoftax": 155000000,
        "reclassificationfromaccumulatedothercomprehensiveincomecurrentperiodnetoftax": -2000000,
        "othercomprehensiveincomelossnetoftax": 157000000,
        "comprehensiveincomenetoftaxincludingportionattributabletononcontrollinginterest": 641000000,
        "comprehensiveincomenetoftax": 641000000
    },
    {
        "date": "2021-09-30",
        "symbol": "LHX",
        "period": "Q3",
        "revenuefromcontractwithcustomerexcludingassessedtax": 4229000000,
        "costofgoodsandservicessold": 2921000000,
        "sellinggeneralandadministrativeexpense": 793000000,
        "assetimpairmentcharges": 0,
        "othernonoperatingincome": 111000000,
        "incometaxexpensebenefit": 107000000,
        "incomelossfromcontinuingoperationsincludingportionattributabletononcontrollinginterest": 479000000,
        "profitloss": 479000000,
        "netincomeloss": 481000000,
        "incomelossfromcontinuingoperations": 481000000,
        "incomelossfromcontinuingoperationsperbasicshare": 2.4099999999999997,
        "earningspersharebasic": 2.41,
        "incomelossfromcontinuingoperationsperdilutedshare": 2.38,
        "earningspersharediluted": 2.3899999999999997,
        "weightedaveragenumberofsharesoutstandingbasic": 203300000,
        "weightedaveragenumberofdilutedsharesoutstanding": 205200000,
        "othercomprehensiveincomelossforeigncurrencytransactionandtranslationadjustmentnetoftax": -34000000,
        "othercomprehensiveincomelossbeforereclassificationsnetoftax": 535000000,
        "reclassificationfromaccumulatedothercomprehensiveincomecurrentperiodnetoftax": 3000000,
        "othercomprehensiveincomelossnetoftax": 532000000,
        "comprehensiveincomenetoftaxincludingportionattributabletononcontrollinginterest": 1011000000,
        "comprehensiveincomenetoftax": 1013000000
    },
    {
        "date": "2021-07-01",
        "symbol": "LHX",
        "period": "Q2",
        "revenuefromcontractwithcustomerexcludingassessedtax": 4668000000,
        "costofgoodsandservicessold": 3251000000,
        "sellinggeneralandadministrativeexpense": 891000000,
        "assetimpairmentcharges": 145000000,
        "othernonoperatingincome": 86000000,
        "incomelossfromcontinuingoperationsbeforeincometaxesminorityinterestandincomelossfromequitymethodinvestments": 582000000,
        "incometaxexpensebenefit": 169000000,
        "incomelossfromcontinuingoperationsincludingportionattributabletononcontrollinginterest": 413000000,
        "incomelossfromdiscontinuedoperationsnetoftax": 0,
        "profitloss": 413000000,
        "netincomelossattributabletononcontrollinginterest": 0,
        "netincomeloss": 413000000,
        "incomelossfromcontinuingoperations": 413000000,
        "incomelossfromdiscontinuedoperationsnetoftaxattributabletoreportingentity": 0,
        "incomelossfromcontinuingoperationsperbasicshare": 2.02,
        "earningspersharebasic": 2.0300000000000002,
        "incomelossfromcontinuingoperationsperdilutedshare": 2.01,
        "earningspersharediluted": 2,
        "weightedaveragenumberofsharesoutstandingbasic": 205200000,
        "weightedaveragenumberofdilutedsharesoutstanding": 207100000,
        "othercomprehensiveincomelossforeigncurrencytransactionandtranslationadjustmentnetoftax": 15000000,
        "othercomprehensiveincomelosscashflowhedgegainlossbeforereclassificationaftertax": 2000000,
        "othercomprehensiveincomelossbeforereclassificationsnetoftax": 15000000,
        "reclassificationfromaccumulatedothercomprehensiveincomecurrentperiodnetoftax": -4000000,
        "othercomprehensiveincomelossnetoftax": 19000000,
        "comprehensiveincomenetoftaxincludingportionattributabletononcontrollinginterest": 432000000,
        "comprehensiveincomenetoftaxattributabletononcontrollinginterest": 0,
        "comprehensiveincomenetoftax": 432000000
    },
    {
        "date": "2021-04-01",
        "symbol": "LHX",
        "period": "Q1",
        "revenuefromcontractwithcustomerexcludingassessedtax": 4567000000,
        "costofgoodsandservicessold": 3213000000,
        "sellinggeneralandadministrativeexpense": 801000000,
        "gainlossonsaleofbusiness": -15000000,
        "assetimpairmentcharges": 62000000,
        "othernonoperatingincome": 117000000,
        "investmentincomeinterest": 3000000,
        "interestexpense": 69000000,
        "incomelossfromcontinuingoperationsbeforeincometaxesminorityinterestandincomelossfromequitymethodinvestments": 527000000,
        "incometaxexpensebenefit": 60000000,
        "incomelossfromcontinuingoperationsincludingportionattributabletononcontrollinginterest": 467000000,
        "incomelossfromdiscontinuedoperationsnetoftax": -1000000,
        "profitloss": 466000000,
        "netincomelossattributabletononcontrollinginterest": -2000000,
        "netincomeloss": 468000000,
        "incomelossfromcontinuingoperations": 469000000,
        "incomelossfromdiscontinuedoperationsnetoftaxattributabletoreportingentity": -1000000,
        "incomelossfromcontinuingoperationsperbasicshare": 2.27,
        "incomelossfromdiscontinuedoperationsnetoftaxperbasicshare": -0.01,
        "earningspersharebasic": 2.26,
        "incomelossfromcontinuingoperationsperdilutedshare": 2.25,
        "earningspersharediluted": 2.25,
        "weightedaveragenumberofsharesoutstandingbasic": 206700000,
        "weightedaveragenumberofdilutedsharesoutstanding": 208500000,
        "othercomprehensiveincomelossforeigncurrencytransactionandtranslationadjustmentnetoftax": -18000000,
        "othercomprehensiveincomelosscashflowhedgegainlossbeforereclassificationaftertax": 5000000,
        "othercomprehensiveincomelossbeforereclassificationsnetoftax": -13000000,
        "reclassificationfromaccumulatedothercomprehensiveincomecurrentperiodnetoftax": 2000000,
        "othercomprehensiveincomelossnetoftax": -15000000,
        "comprehensiveincomenetoftaxincludingportionattributabletononcontrollinginterest": 451000000,
        "comprehensiveincomenetoftaxattributabletononcontrollinginterest": -2000000,
        "comprehensiveincomenetoftax": 453000000
    },
    {
        "date": "2020-12-31",
        "symbol": "LHX",
        "period": "Q4",
        "revenuefromcontractwithcustomerexcludingassessedtax": 47000000,
        "costofgoodsandservicessold": -161000000,
        "sellinggeneralandadministrativeexpense": 831000000,
        "othernonoperatingincome": 105000000,
        "investmentincomeinterest": 4000000,
        "interestexpense": 68000000,
        "incomelossfromcontinuingoperationsbeforeincometaxesminorityinterestandincomelossfromequitymethodinvestments": 247000000,
        "incometaxexpensebenefit": 63000000,
        "incomelossfromcontinuingoperationsincludingportionattributabletononcontrollinginterest": 184000000,
        "profitloss": 184000000,
        "netincomelossattributabletononcontrollinginterest": -9000000,
        "netincomeloss": 193000000,
        "incomelossfromcontinuingoperations": 193000000,
        "incomelossfromcontinuingoperationsperbasicshare": 0.9300000000000006,
        "earningspersharebasic": 0.9300000000000006,
        "incomelossfromcontinuingoperationsperdilutedshare": 0.9200000000000008,
        "earningspersharediluted": 0.930000000000001,
        "othercomprehensiveincomelossforeigncurrencytransactionandtranslationadjustmentnetoftax": 44000000,
        "othercomprehensiveincomelosscashflowhedgegainlossbeforereclassificationaftertax": 24000000,
        "othercomprehensiveincomelossnetoftax": -249000000,
        "comprehensiveincomenetoftaxincludingportionattributabletononcontrollinginterest": -65000000,
        "comprehensiveincomenetoftaxattributabletononcontrollinginterest": -9000000,
        "comprehensiveincomenetoftax": -56000000
    },
    {
        "date": "2020-10-01",
        "symbol": "LHX",
        "period": "Q3",
        "revenuefromcontractwithcustomerexcludingassessedtax": 4463000000,
        "costofgoodsandservicessold": 3152000000,
        "sellinggeneralandadministrativeexpense": 765000000,
        "assetimpairmentcharges": 0,
        "othernonoperatingincome": 96000000,
        "investmentincomeinterest": 4000000,
        "interestexpense": 66000000,
        "incomelossfromcontinuingoperationsbeforeincometaxesminorityinterestandincomelossfromequitymethodinvestments": 518000000,
        "incometaxexpensebenefit": 87000000,
        "incomelossfromcontinuingoperationsincludingportionattributabletononcontrollinginterest": 431000000,
        "profitloss": 430000000,
        "netincomelossattributabletononcontrollinginterest": 4000000,
        "netincomeloss": 426000000,
        "incomelossfromcontinuingoperations": 427000000,
        "incomelossfromcontinuingoperationsperbasicshare": 1.9999999999999996,
        "earningspersharebasic": 2,
        "incomelossfromcontinuingoperationsperdilutedshare": 1.9799999999999998,
        "earningspersharediluted": 1.9799999999999998,
        "weightedaveragenumberofsharesoutstandingbasic": 215500000,
        "weightedaveragenumberofdilutedsharesoutstanding": 217300000,
        "othercomprehensiveincomelossforeigncurrencytransactionandtranslationadjustmentnetoftax": 32000000,
        "othercomprehensiveincomelosscashflowhedgegainlossbeforereclassificationaftertax": 5000000,
        "othercomprehensiveincomelossnetoftax": 38000000,
        "comprehensiveincomenetoftaxincludingportionattributabletononcontrollinginterest": 468000000,
        "comprehensiveincomenetoftaxattributabletononcontrollinginterest": 4000000,
        "comprehensiveincomenetoftax": 464000000
    },
    {
        "date": "2020-07-02",
        "symbol": "LHX",
        "period": "Q2",
        "revenuefromcontractwithcustomerexcludingassessedtax": 4445000000,
        "costofgoodsandservicessold": 3175000000,
        "sellinggeneralandadministrativeexpense": 904000000,
        "assetimpairmentcharges": 70000000,
        "othernonoperatingincome": 105000000,
        "investmentincomeinterest": 3000000,
        "interestexpense": 68000000,
        "incomelossfromcontinuingoperationsbeforeincometaxesminorityinterestandincomelossfromequitymethodinvestments": 336000000,
        "incometaxexpensebenefit": 58000000,
        "incomelossfromcontinuingoperationsincludingportionattributabletononcontrollinginterest": 278000000,
        "incomelossfromdiscontinuedoperationsnetoftax": 0,
        "profitloss": 278000000,
        "netincomelossattributabletononcontrollinginterest": -5000000,
        "netincomeloss": 283000000,
        "incomelossfromcontinuingoperations": 283000000,
        "incomelossfromdiscontinuedoperationsnetoftaxattributabletoreportingentity": 0,
        "incomelossfromcontinuingoperationsperbasicshare": 1.31,
        "earningspersharebasic": 1.2999999999999998,
        "incomelossfromcontinuingoperationsperdilutedshare": 1.3,
        "earningspersharediluted": 1.2899999999999998,
        "weightedaveragenumberofsharesoutstandingbasic": 216700000,
        "weightedaveragenumberofdilutedsharesoutstanding": 218700000,
        "othercomprehensiveincomelossforeigncurrencytransactionandtranslationadjustmentnetoftax": 7000000,
        "othercomprehensiveincomelosscashflowhedgegainlossbeforereclassificationaftertax": 13000000,
        "othercomprehensiveincomelossnetoftax": 21000000,
        "comprehensiveincomenetoftaxincludingportionattributabletononcontrollinginterest": 299000000,
        "comprehensiveincomenetoftaxattributabletononcontrollinginterest": -5000000,
        "comprehensiveincomenetoftax": 304000000
    },
    {
        "date": "2020-04-02",
        "symbol": "LHX",
        "period": "Q1",
        "profitloss": 194000000,
        "othercomprehensiveincomelossforeigncurrencytransactionandtranslationadjustmentnetoftax": -67000000,
        "othercomprehensiveincomelosscashflowhedgegainlossbeforereclassificationaftertax": -73000000,
        "othercomprehensiveincomelosspensionandotherpostretirementbenefitplansadjustmentnetoftax": 1000000,
        "othercomprehensiveincomelossnetoftax": -141000000,
        "comprehensiveincomenetoftaxincludingportionattributabletononcontrollinginterest": 53000000,
        "comprehensiveincomenetoftaxattributabletononcontrollinginterest": -23000000,
        "comprehensiveincomenetoftax": 76000000,
        "revenuefromcontractwithcustomerexcludingassessedtax": 4626000000,
        "costofgoodsandservicessold": 3298000000,
        "sellinggeneralandadministrativeexpense": 815000000,
        "assetimpairmentcharges": 324000000,
        "othernonoperatingincome": 95000000,
        "investmentincomeinterest": 5000000,
        "interestexpense": 68000000,
        "incomelossfromcontinuingoperationsbeforeincometaxesminorityinterestandincomelossfromequitymethodinvestments": 221000000,
        "incometaxexpensebenefit": 26000000,
        "incomelossfromcontinuingoperationsincludingportionattributabletononcontrollinginterest": 195000000,
        "incomelossfromdiscontinuedoperationsnetoftax": -1000000,
        "netincomelossattributabletononcontrollinginterest": -23000000,
        "netincomeloss": 217000000,
        "incomelossfromcontinuingoperations": 218000000,
        "incomelossfromdiscontinuedoperationsnetoftaxattributabletoreportingentity": -1000000,
        "incomelossfromcontinuingoperationsperbasicshare": 1,
        "earningspersharebasic": 1,
        "incomelossfromcontinuingoperationsperdilutedshare": 0.99,
        "earningspersharediluted": 0.99,
        "weightedaveragenumberofsharesoutstandingbasic": 217300000,
        "weightedaveragenumberofdilutedsharesoutstanding": 219300000
    },
    {
        "date": "2019-09-26",
        "symbol": "LHX",
        "period": "Q3",
        "profitloss": 435000000,
        "othercomprehensiveincomelossforeigncurrencytransactionandtranslationadjustmentnetoftax": -25000000,
        "othercomprehensiveincomelosscashflowhedgegainlossbeforereclassificationandtax": -38000000,
        "othercomprehensiveincomelossnetoftax": -63000000,
        "comprehensiveincomenetoftaxincludingportionattributabletononcontrollinginterest": 372000000,
        "comprehensiveincomenetoftaxattributabletononcontrollinginterest": 6000000,
        "comprehensiveincomenetoftax": 366000000,
        "revenuefromcontractwithcustomerexcludingassessedtax": 4431000000,
        "costofgoodsandservicessold": 3242000000,
        "operatingexpenses": 999000000,
        "gainlossonsaleofbusiness": 229000000,
        "nonoperatingincomeexpense": 79000000,
        "investmentincomeinterest": 9000000,
        "interestexpense": 67000000,
        "incomelossfromcontinuingoperationsbeforeincometaxesminorityinterestandincomelossfromequitymethodinvestments": 440000000,
        "incometaxexpensebenefit": 5000000,
        "incomelossfromcontinuingoperationsincludingportionattributabletononcontrollinginterest": 435000000,
        "netincomelossattributabletononcontrollinginterest": 6000000,
        "netincomeloss": 429000000,
        "incomelossfromcontinuingoperations": 429000000,
        "incomelossfromcontinuingoperationsperbasicshare": 1.93,
        "earningspersharebasic": 1.93,
        "incomelossfromcontinuingoperationsperdilutedshare": 1.9,
        "earningspersharediluted": 1.9,
        "weightedaveragenumberofsharesoutstandingbasic": 222600000,
        "weightedaveragenumberofdilutedsharesoutstanding": 225400000
    },
    {
        "date": "2019-06-27",
        "symbol": "LHX",
        "period": "FY",
        "profitloss": 949000000,
        "othercomprehensiveincomeforeigncurrencytransactionandtranslationadjustmentnetoftaxportionattributabletoparent": -7000000,
        "othercomprehensiveincomederivativesqualifyingashedgesnetoftaxportionattributabletoparent": -18000000,
        "othercomprehensiveincomedefinedbenefitplansadjustmentnetoftaxportionattributabletoparent": 480000000,
        "othercomprehensiveincomelossnetoftaxportionattributabletoparent": -505000000,
        "comprehensiveincomenetoftax": 444000000,
        "revenuefromcontractwithcustomerexcludingassessedtax": 5638000000,
        "costofgoodsandservicessold": 3615000000,
        "operatingexpenses": 1242000000,
        "nonoperatingincomeexpense": 188000000,
        "investmentincomeinterest": 2000000,
        "interestexpense": 169000000,
        "incomelossfromcontinuingoperationsbeforeincometaxesminorityinterestandincomelossfromequitymethodinvestments": 1113000000,
        "incometaxexpensebenefit": 160000000,
        "incomelossfromcontinuingoperationsincludingportionattributabletononcontrollinginterest": 953000000,
        "incomelossfromdiscontinuedoperationsnetoftax": -4000000,
        "incomelossfromcontinuingoperationsperbasicshare": 8.06,
        "incomelossfromdiscontinuedoperationsnetoftaxperbasicshare": -0.03,
        "earningspersharebasic": 8.03,
        "incomelossfromcontinuingoperationsperdilutedshare": 7.89,
        "incomelossfromdiscontinuedoperationsnetoftaxperdilutedshare": -0.03,
        "earningspersharediluted": 7.86
    },
    {
        "date": "2018-12-27",
        "symbol": "LHX",
        "period": "Q4",
        "netincomeloss": 225000000,
        "othercomprehensiveincomederivativesqualifyingashedgesnetoftaxportionattributabletoparent": 0,
        "othercomprehensiveincomedefinedbenefitplansadjustmentnetoftaxportionattributabletoparent": 1000000,
        "comprehensiveincomenetoftax": 216000000,
        "revenuefromcontractwithcustomerexcludingassessedtax": -541000000,
        "costofgoodsandservicessold": 1095000000,
        "operatingexpenses": 304000000,
        "nonoperatingincomeexpense": 47000000,
        "investmentincomeinterest": 0,
        "interestexpense": 43000000,
        "incomelossfromcontinuingoperationsbeforeincometaxesminorityinterestandincomelossfromequitymethodinvestments": 271000000,
        "incometaxexpensebenefit": 46000000,
        "incomelossfromcontinuingoperationsincludingportionattributabletononcontrollinginterest": 225000000,
        "incomelossfromdiscontinuedoperationsnetoftax": 0,
        "incomelossfromcontinuingoperationsperbasicshare": 1.9200000000000002,
        "incomelossfromdiscontinuedoperationsnetoftaxperbasicshare": -0.019999999999999997,
        "earningspersharebasic": 1.9,
        "incomelossfromcontinuingoperationsperdilutedshare": 1.8800000000000001,
        "incomelossfromdiscontinuedoperationsnetoftaxperdilutedshare": -0.01,
        "earningspersharediluted": 1.87,
        "commonstockdividendspersharecashpaid": 0.685,
        "weightedaveragenumberofsharesoutstandingbasic": 117800000,
        "weightedaveragenumberofdilutedsharesoutstanding": 120300000
    },
    {
        "date": "2018-09-27",
        "symbol": "LHX",
        "period": "Q3",
        "netincomeloss": 213000000,
        "othercomprehensiveincomederivativesqualifyingashedgesnetoftaxportionattributabletoparent": 1000000,
        "othercomprehensiveincomedefinedbenefitplansadjustmentnetoftaxportionattributabletoparent": 1000000,
        "comprehensiveincomenetoftax": 213000000,
        "revenuefromcontractwithcustomerexcludingassessedtax": 1542000000,
        "costofgoodsandservicessold": 1010000000,
        "operatingexpenses": 279000000,
        "nonoperatingincomeexpense": 47000000,
        "investmentincomeinterest": 1000000,
        "interestexpense": 44000000,
        "incomelossfromcontinuingoperationsbeforeincometaxesminorityinterestandincomelossfromequitymethodinvestments": 257000000,
        "incometaxexpensebenefit": 41000000,
        "incomelossfromcontinuingoperationsincludingportionattributabletononcontrollinginterest": 216000000,
        "incomelossfromdiscontinuedoperationsnetoftax": -3000000,
        "incomelossfromcontinuingoperationsperbasicshare": 1.82,
        "incomelossfromdiscontinuedoperationsnetoftaxperbasicshare": -0.01,
        "earningspersharebasic": 1.81,
        "incomelossfromcontinuingoperationsperdilutedshare": 1.78,
        "incomelossfromdiscontinuedoperationsnetoftaxperdilutedshare": -0.01,
        "earningspersharediluted": 1.77,
        "commonstockdividendspersharecashpaid": 0.685,
        "weightedaveragenumberofsharesoutstandingbasic": 117900000,
        "weightedaveragenumberofdilutedsharesoutstanding": 120600000
    },
    {
        "date": "2018-06-28",
        "symbol": "LHX",
        "period": "FY",
        "revenues": 5869000000,
        "costofgoodsandservicessold": 825000000,
        "operatingexpenses": 1129000000,
        "operatingincomeloss": 2000000,
        "nonoperatingincomeexpense": -28000000,
        "investmentincomeinterest": 2000000,
        "interestexpense": 170000000,
        "incomelossfromcontinuingoperationsbeforeincometaxesminorityinterestandincomelossfromequitymethodinvestments": 926000000,
        "incometaxexpensebenefit": 205000000,
        "incomelossfromcontinuingoperationsincludingportionattributabletononcontrollinginterest": 721000000,
        "incomelossfromdiscontinuedoperationsnetoftax": 1000000,
        "profitloss": 718000000,
        "incomelossfromcontinuingoperationsperbasicshare": 6.06,
        "incomelossfromdiscontinuedoperationsnetoftaxperbasicshare": -0.02,
        "earningspersharebasic": 6.04,
        "incomelossfromcontinuingoperationsperdilutedshare": 5.94,
        "incomelossfromdiscontinuedoperationsnetoftaxperdilutedshare": -0.02,
        "earningspersharediluted": 5.92,
        "netincomeloss": 718000000,
        "othercomprehensiveincomelossforeigncurrencytransactionandtranslationadjustmentnetoftax": 15000000,
        "othercomprehensiveincomelossderivativesqualifyingashedgesnetoftax": 1000000,
        "othercomprehensiveincomelosspensionandotherpostretirementbenefitplansadjustmentnetoftax": -93000000,
        "othercomprehensiveincomelossnetoftax": 109000000,
        "comprehensiveincomenetoftaxincludingportionattributabletononcontrollinginterest": 827000000
    },
    {
        "date": "2017-12-28",
        "symbol": "LHX",
        "period": "Q4",
        "netincomeloss": 139000000,
        "othercomprehensiveincomelossforeigncurrencytransactionandtranslationadjustmentnetoftax": -4000000,
        "othercomprehensiveincomelossderivativesqualifyingashedgesnetoftax": 0,
        "othercomprehensiveincomelossnetoftax": -4000000,
        "comprehensiveincomenetoftaxincludingportionattributabletononcontrollinginterest": 135000000,
        "salesrevenuenet": -482000000,
        "costofgoodsandservicessold": 999000000,
        "operatingexpenses": 264000000,
        "operatingincomeloss": 157000000,
        "interestexpense": 42000000,
        "incomelossfromcontinuingoperationsbeforeincometaxesminorityinterestandincomelossfromequitymethodinvestments": 229000000,
        "incometaxexpensebenefit": 90000000,
        "incomelossfromcontinuingoperationsincludingportionattributabletononcontrollinginterest": 139000000,
        "incomelossfromdiscontinuedoperationsnetoftax": 1000000,
        "incomelossfromcontinuingoperationsperbasicshare": 1.17,
        "incomelossfromdiscontinuedoperationsnetoftaxperbasicshare": 0,
        "earningspersharebasic": 1.17,
        "incomelossfromcontinuingoperationsperdilutedshare": 1.1400000000000001,
        "incomelossfromdiscontinuedoperationsnetoftaxperdilutedshare": 0.009999999999999995,
        "earningspersharediluted": 1.1500000000000001,
        "commonstockdividendspersharecashpaid": 0.57,
        "weightedaveragenumberofsharesoutstandingbasic": 118800000,
        "weightedaveragenumberofdilutedsharesoutstanding": 121100000
    },
    {
        "date": "2017-09-28",
        "symbol": "LHX",
        "period": "Q3",
        "netincomeloss": 161000000,
        "othercomprehensiveincomelossforeigncurrencytransactionandtranslationadjustmentnetoftax": 25000000,
        "othercomprehensiveincomelossderivativesqualifyingashedgesnetoftax": 1000000,
        "othercomprehensiveincomelossnetoftax": 26000000,
        "comprehensiveincomenetoftaxincludingportionattributabletononcontrollinginterest": 187000000,
        "salesrevenuenet": 1413000000,
        "costofgoodsandservicessold": 898000000,
        "operatingexpenses": 243000000,
        "operatingincomeloss": 11000000,
        "interestexpense": 41000000,
        "incomelossfromcontinuingoperationsbeforeincometaxesminorityinterestandincomelossfromequitymethodinvestments": 231000000,
        "incometaxexpensebenefit": 64000000,
        "incomelossfromcontinuingoperationsincludingportionattributabletononcontrollinginterest": 167000000,
        "incomelossfromdiscontinuedoperationsnetoftax": -6000000,
        "incomelossfromcontinuingoperationsperbasicshare": 1.4,
        "incomelossfromdiscontinuedoperationsnetoftaxperbasicshare": -0.05,
        "earningspersharebasic": 1.35,
        "incomelossfromcontinuingoperationsperdilutedshare": 1.38,
        "incomelossfromdiscontinuedoperationsnetoftaxperdilutedshare": -0.06,
        "earningspersharediluted": 1.32,
        "commonstockdividendspersharecashpaid": 0.57,
        "weightedaveragenumberofsharesoutstandingbasic": 119100000,
        "weightedaveragenumberofdilutedsharesoutstanding": 121200000
    },
    {
        "date": "2017-06-29",
        "symbol": "LHX",
        "period": "FY",
        "salesrevenuegoodsnet": 4667000000,
        "salesrevenueservicesnet": 1233000000,
        "salesrevenuenet": 1902000000,
        "costofgoodssold": 3029000000,
        "costofservices": 782000000,
        "costofgoodsandservicessold": 3811000000,
        "operatingexpenses": 1016000000,
        "nonoperatingincomeexpense": 2000000,
        "investmentincomeinterest": 2000000,
        "interestexpense": 172000000,
        "incomelossfromcontinuingoperationsbeforeincometaxesminorityinterestandincomelossfromequitymethodinvestments": 905000000,
        "incometaxexpensebenefit": -23000000,
        "incomelossfromcontinuingoperationsincludingportionattributabletononcontrollinginterest": 638000000,
        "incomelossfromdiscontinuedoperationsnetoftax": -158000000,
        "profitloss": 553000000,
        "incomelossfromcontinuingoperationsperbasicshare": 5.19,
        "incomelossfromdiscontinuedoperationsnetoftaxperbasicshare": -0.69,
        "earningspersharebasic": 4.5,
        "incomelossfromcontinuingoperationsperdilutedshare": 5.12,
        "incomelossfromdiscontinuedoperationsnetoftaxperdilutedshare": 0.44,
        "earningspersharediluted": 0.18,
        "othercomprehensiveincomelossforeigncurrencytransactionandtranslationadjustmentnetoftax": -34000000,
        "othercomprehensiveincomelossderivativesqualifyingashedgesnetoftax": 1000000,
        "othercomprehensiveincomelosspensionandotherpostretirementbenefitplansadjustmentnetoftax": -200000000,
        "othercomprehensiveincomelossnetoftax": 167000000,
        "comprehensiveincomenetoftaxincludingportionattributabletononcontrollinginterest": 720000000
    },
    {
        "date": "2016-12-29",
        "symbol": "LHX",
        "period": "Q4",
        "netincomeloss": 177000000,
        "othercomprehensiveincomelossforeigncurrencytransactionandtranslationadjustmentnetoftax": -26000000,
        "othercomprehensiveincomelossderivativesqualifyingashedgesnetoftax": -1000000,
        "othercomprehensiveincomelosspensionandotherpostretirementbenefitplansadjustmentnetoftax": -1000000,
        "othercomprehensiveincomelossnetoftax": -26000000,
        "comprehensiveincomenetoftaxincludingportionattributabletononcontrollinginterest": 151000000,
        "salesrevenuenet": 468000000,
        "costofgoodsandservicessold": 1138000000,
        "operatingexpenses": 276000000,
        "nonoperatingincomeexpense": 1000000,
        "investmentincomeinterest": 1000000,
        "interestexpense": 44000000,
        "incomelossfromcontinuingoperationsbeforeincometaxesminorityinterestandincomelossfromequitymethodinvestments": 244000000,
        "incometaxexpensebenefit": -3000000,
        "incomelossfromcontinuingoperationsincludingportionattributabletononcontrollinginterest": 168000000,
        "incomelossfromdiscontinuedoperationsnetoftax": 9000000,
        "incomelossfromcontinuingoperationsperbasicshare": 1.35,
        "incomelossfromdiscontinuedoperationsnetoftaxperbasicshare": 0.07,
        "earningspersharebasic": 1.42,
        "incomelossfromcontinuingoperationsperdilutedshare": 1.33,
        "incomelossfromdiscontinuedoperationsnetoftaxperdilutedshare": 0.07,
        "earningspersharediluted": 0.04,
        "commonstockdividendspersharecashpaid": 0.53,
        "weightedaveragenumberofsharesoutstandingbasic": 123700000,
        "weightedaveragenumberofdilutedsharesoutstanding": 125000000
    },
    {
        "date": "2016-09-29",
        "symbol": "LHX",
        "period": "Q3",
        "netincomeloss": 160000000,
        "othercomprehensiveincomelossforeigncurrencytransactionandtranslationadjustmentnetoftax": -3000000,
        "othercomprehensiveincomelosspensionandotherpostretirementbenefitplansadjustmentnetoftax": -1000000,
        "othercomprehensiveincomelossnetoftax": -2000000,
        "comprehensiveincomenetoftaxincludingportionattributabletononcontrollinginterest": 158000000,
        "salesrevenuenet": 453000000,
        "costofgoodsandservicessold": 1175000000,
        "operatingexpenses": 311000000,
        "investmentincomeinterest": 1000000,
        "interestexpense": 44000000,
        "incomelossfromcontinuingoperationsbeforeincometaxesminorityinterestandincomelossfromequitymethodinvestments": 225000000,
        "incometaxexpensebenefit": 65000000,
        "earningspersharebasic": 1.29,
        "earningspersharediluted": 1.27,
        "commonstockdividendspersharecashpaid": 0.53,
        "weightedaveragenumberofsharesoutstandingbasic": 123900000,
        "weightedaveragenumberofdilutedsharesoutstanding": 125500000
    },
    {
        "date": "2016-06-30",
        "symbol": "LHX",
        "period": "FY",
        "profitloss": 324000000,
        "othercomprehensiveincomelossforeigncurrencytransactionandtranslationadjustmentnetoftax": -69000000,
        "othercomprehensiveincomelossderivativesqualifyingashedgesnetoftax": 1000000,
        "othercomprehensiveincomelosspensionandotherpostretirementbenefitplansadjustmentnetoftax": 411000000,
        "othercomprehensiveincomelossnetoftax": -479000000,
        "comprehensiveincomenetoftaxincludingportionattributabletononcontrollinginterest": -155000000,
        "comprehensiveincomenetoftax": -155000000,
        "salesrevenuegoodsnet": 4827000000,
        "salesrevenueservicesnet": 2640000000,
        "salesrevenuenet": 1899000000,
        "costofgoodssold": 3141000000,
        "costofservices": 1991000000,
        "costofgoodsandservicessold": 7000000,
        "operatingexpenses": 6000000,
        "assetimpairmentcharges": 367000000,
        "nonoperatingincomeexpense": 10000000,
        "investmentincomeinterest": 2000000,
        "interestexpense": 183000000,
        "incomelossfromcontinuingoperationsbeforeincometaxesminorityinterestandincomelossfromequitymethodinvestments": 611000000,
        "incometaxexpensebenefit": 266000000,
        "incomelossfromcontinuingoperationsincludingportionattributabletononcontrollinginterest": 345000000,
        "incomelossfromdiscontinuedoperationsnetoftax": -21000000,
        "netincomeloss": 324000000,
        "incomelossfromcontinuingoperations": 345000000,
        "incomelossfromdiscontinuedoperationsnetoftaxattributabletoreportingentity": -21000000,
        "incomelossfromcontinuingoperationsperbasicshare": 2.77,
        "incomelossfromdiscontinuedoperationsnetoftaxperbasicshare": -0.16,
        "earningspersharebasic": 2.61,
        "incomelossfromcontinuingoperationsperdilutedshare": 2.75,
        "incomelossfromdiscontinuedoperationsnetoftaxperdilutedshare": -0.16,
        "earningspersharediluted": 0.16
    },
    {
        "date": "2015-12-31",
        "symbol": "LHX",
        "period": "Q4",
        "salesrevenuenet": 670000000,
        "costofgoodsandservicessold": -293000000,
        "operatingexpenses": -18000000,
        "nonoperatingincomeexpense": 0,
        "investmentincomeinterest": 0,
        "interestexpense": 91000000,
        "incomelossfromcontinuingoperationsbeforeincometaxesminorityinterestandincomelossfromequitymethodinvestments": 75000000,
        "incometaxexpensebenefit": 98000000,
        "netincomeloss": 88000000,
        "earningspersharebasic": -1.24,
        "earningspersharediluted": 0.12000000000000001,
        "commonstockdividendspersharecashpaid": 0.5,
        "weightedaveragenumberofsharesoutstandingbasic": 100000,
        "weightedaveragenumberofdilutedsharesoutstanding": 0,
        "othercomprehensiveincomelossforeigncurrencytransactionandtranslationadjustmentnetoftax": -15000000,
        "othercomprehensiveincomelossnetoftax": -142000000,
        "comprehensiveincomenetoftaxincludingportionattributabletononcontrollinginterest": -170000000
    },
    {
        "date": "2015-10-01",
        "symbol": "LHX",
        "period": "Q3",
        "salesrevenuenet": 437000000,
        "costofgoodsandservicessold": 307000000,
        "operatingexpenses": 87000000,
        "intercompanyincomeexpensenet": 10000000,
        "nonoperatingincomeexpense": 1000000,
        "investmentincomeinterest": 1000000,
        "interestexpense": 2000000,
        "incomelossfromcontinuingoperationsbeforeincometaxesminorityinterestandincomelossfromequitymethodinvestments": 52000000,
        "incometaxexpensebenefit": 16000000,
        "equityinearningslossofsubsidiariesnetofincometaxes": -92000000,
        "netincomeloss": -92000000,
        "earningspersharebasic": 1.2,
        "earningspersharediluted": 0.08,
        "commonstockdividendspersharecashpaid": 0.5,
        "weightedaveragenumberofsharesoutstandingbasic": 123500000,
        "weightedaveragenumberofdilutedsharesoutstanding": 124700000,
        "othercomprehensiveincomelossforeigncurrencytransactionandtranslationadjustmentnetoftax": -32000000,
        "othercomprehensiveincomelossnetoftax": 92000000,
        "comprehensiveincomenetoftaxincludingportionattributabletononcontrollinginterest": 116000000,
        "comprehensiveincomenetoftax": 11000000
    },
    {
        "date": "2015-07-02",
        "symbol": "LHX",
        "period": "FY",
        "salesrevenuegoodsnet": 3311000000,
        "salesrevenueservicesnet": 1772000000,
        "salesrevenuenet": 1330000000,
        "costofgoodssold": 1969000000,
        "costofservices": 1393000000,
        "costofgoodsandservicessold": 969000000,
        "operatingexpenses": 278000000,
        "intercompanyincomeexpensenet": 11000000,
        "nonoperatingincomeexpense": 9000000,
        "investmentincomeinterest": 1000000,
        "interestexpense": 2000000,
        "incomelossfromcontinuingoperationsbeforeincometaxesminorityinterestandincomelossfromequitymethodinvestments": 102000000,
        "incometaxexpensebenefit": 51000000,
        "equityinearningslossofsubsidiariesnetofincometaxes": -31000000,
        "incomelossfromcontinuingoperationsincludingportionattributabletononcontrollinginterest": -31000000,
        "profitloss": -31000000,
        "netincomeloss": -31000000,
        "incomelossfromcontinuingoperations": 334000000,
        "incomelossfromcontinuingoperationsperbasicshare": 3.15,
        "earningspersharebasic": 3.15,
        "incomelossfromcontinuingoperationsperdilutedshare": 3.11,
        "earningspersharediluted": 3.11,
        "othercomprehensiveincomelossforeigncurrencytransactionandtranslationadjustmentnetoftax": -69000000,
        "othercomprehensiveincomelossderivativesqualifyingashedgesnetoftax": -19000000,
        "othercomprehensiveincomelossontreasurylockduringperiodnetoftax": -2000000,
        "othercomprehensiveincomelosspensionandotherpostretirementbenefitplansadjustmentnetoftax": -85000000,
        "othercomprehensiveincomelossnetoftax": 31000000,
        "comprehensiveincomenetoftaxincludingportionattributabletononcontrollinginterest": 333000000,
        "comprehensiveincomenetoftax": 58000000
    },
    {
        "date": "2015-04-02",
        "symbol": "LHX",
        "period": "Q1",
        "salesrevenuenet": -18100000,
        "costofgoodsandservicessold": 753400000,
        "operatingexpenses": 220800000,
        "nonoperatingincomeexpense": 300000,
        "investmentincomeinterest": 300000,
        "interestexpense": 34000000,
        "incomelossfromcontinuingoperationsbeforeincometaxesminorityinterestandincomelossfromequitymethodinvestments": 179000000,
        "incometaxexpensebenefit": 53400000,
        "incomelossfromcontinuingoperationsincludingportionattributabletononcontrollinginterest": 125600000,
        "profitloss": 125600000,
        "netincomelossattributabletononcontrollinginterest": -100000,
        "netincomeloss": 125700000,
        "incomelossfromcontinuingoperations": 125700000,
        "incomelossfromcontinuingoperationsperbasicshare": 1.21,
        "earningspersharebasic": 1.21,
        "incomelossfromcontinuingoperationsperdilutedshare": 1.2,
        "earningspersharediluted": 0.07,
        "commonstockdividendspersharecashpaid": 0.47,
        "weightedaveragenumberofsharesoutstandingbasic": 103700000,
        "weightedaveragenumberofdilutedsharesoutstanding": 104800000,
        "othercomprehensiveincomelossforeigncurrencytransactionandtranslationadjustmentnetoftax": -36800000,
        "othercomprehensiveincomelossderivativesqualifyingashedgesnetoftax": -24200000,
        "othercomprehensiveincomelossontreasurylockduringperiodnetoftax": -100000,
        "othercomprehensiveincomelosspensionandotherpostretirementbenefitplansadjustmentnetoftax": 300000,
        "othercomprehensiveincomelossnetoftax": -61200000,
        "comprehensiveincomenetoftaxincludingportionattributabletononcontrollinginterest": 64400000,
        "comprehensiveincomenetoftaxattributabletononcontrollinginterest": -100000,
        "comprehensiveincomenetoftax": 64500000
    },
    {
        "date": "2015-01-01",
        "symbol": "LHX",
        "period": "Q4",
        "salesrevenuenet": -19800000,
        "costofgoodsandservicessold": 807800000,
        "operatingexpenses": 187500000,
        "nonoperatingincomeexpense": 200000,
        "investmentincomeinterest": 700000,
        "interestexpense": 22700000,
        "incomelossfromcontinuingoperationsbeforeincometaxesminorityinterestandincomelossfromequitymethodinvestments": 189200000,
        "incometaxexpensebenefit": 49700000,
        "incomelossfromcontinuingoperationsincludingportionattributabletononcontrollinginterest": 139500000,
        "profitloss": 139500000,
        "netincomeloss": 139500000,
        "incomelossfromcontinuingoperations": 139500000,
        "incomelossfromcontinuingoperationsperbasicshare": 1.34,
        "earningspersharebasic": 1.34,
        "incomelossfromcontinuingoperationsperdilutedshare": 1.32,
        "earningspersharediluted": 0.11,
        "commonstockdividendspersharecashpaid": 0.47,
        "weightedaveragenumberofsharesoutstandingbasic": 103900000,
        "weightedaveragenumberofdilutedsharesoutstanding": 104900000,
        "othercomprehensiveincomelossforeigncurrencytransactionandtranslationadjustmentnetoftax": -45300000,
        "othercomprehensiveincomelossderivativesqualifyingashedgesnetoftax": -400000,
        "othercomprehensiveincomelossontreasurylockduringperiodnetoftax": -100000,
        "othercomprehensiveincomelosspensionandotherpostretirementbenefitplansadjustmentnetoftax": -3300000,
        "othercomprehensiveincomelossnetoftax": -42300000,
        "comprehensiveincomenetoftaxincludingportionattributabletononcontrollinginterest": 97200000,
        "comprehensiveincomenetoftax": 97200000
    },
    {
        "date": "2014-09-25",
        "symbol": "LHX",
        "period": "Q3",
        "salesrevenuenet": -18100000,
        "costofgoodsandservicessold": 762600000,
        "operatingexpenses": 195200000,
        "investmentincomeinterest": 700000,
        "interestexpense": 22800000,
        "incomelossfromcontinuingoperationsbeforeincometaxesminorityinterestandincomelossfromequitymethodinvestments": 175500000,
        "incometaxexpensebenefit": 50400000,
        "incomelossfromcontinuingoperationsincludingportionattributabletononcontrollinginterest": 125100000,
        "profitloss": 125100000,
        "netincomeloss": 125100000,
        "incomelossfromcontinuingoperations": 125100000,
        "incomelossfromcontinuingoperationsperbasicshare": 1.19,
        "earningspersharebasic": 1.19,
        "incomelossfromcontinuingoperationsperdilutedshare": 1.18,
        "earningspersharediluted": 1.18,
        "commonstockdividendspersharecashpaid": 0.47,
        "weightedaveragenumberofsharesoutstandingbasic": 104600000,
        "weightedaveragenumberofdilutedsharesoutstanding": 105800000,
        "othercomprehensiveincomelossforeigncurrencytransactionandtranslationadjustmentnetoftax": -28600000,
        "othercomprehensiveincomelossderivativesqualifyingashedgesnetoftax": -800000,
        "othercomprehensiveincomelossontreasurylockduringperiodnetoftax": -200000,
        "othercomprehensiveincomelosspensionandotherpostretirementbenefitplansadjustmentnetoftax": -8500000,
        "othercomprehensiveincomelossnetoftax": -20700000,
        "comprehensiveincomenetoftaxincludingportionattributabletononcontrollinginterest": 104400000,
        "comprehensiveincomenetoftax": 104400000
    },
    {
        "date": "2014-06-26",
        "symbol": "LHX",
        "period": "FY",
        "salesrevenuegoodsnet": 3189200000,
        "salesrevenueservicesnet": 1822800000,
        "salesrevenuenet": -80100000,
        "costofgoodssold": 1857100000,
        "costofservices": 1453400000,
        "costofgoodsandservicessold": 3310500000,
        "operatingexpenses": 819600000,
        "nonoperatingincomeexpense": 4300000,
        "investmentincomeinterest": 2800000,
        "interestexpense": 93600000,
        "incomelossfromcontinuingoperationsbeforeincometaxesminorityinterestandincomelossfromequitymethodinvestments": 795400000,
        "incometaxexpensebenefit": 256200000,
        "incomelossfromcontinuingoperationsincludingportionattributabletononcontrollinginterest": 539200000,
        "incomelossfromdiscontinuedoperationsnetoftax": -5000000,
        "profitloss": -600000,
        "netincomelossattributabletononcontrollinginterest": -600000,
        "netincomeloss": 534800000,
        "incomelossfromcontinuingoperations": 539800000,
        "incomelossfromdiscontinuedoperationsnetoftaxattributabletoreportingentity": -5000000,
        "incomelossfromcontinuingoperationsperbasicshare": 5.05,
        "incomelossfromdiscontinuedoperationsnetoftaxperbasicshare": -0.05,
        "earningspersharebasic": 5,
        "incomelossfromcontinuingoperationsperdilutedshare": 5,
        "incomelossfromdiscontinuedoperationsnetoftaxperdilutedshare": -0.05,
        "earningspersharediluted": 4.95,
        "othercomprehensiveincomelossforeigncurrencytransactionandtranslationadjustmentnetoftax": 33800000,
        "othercomprehensiveincomelossderivativesqualifyingashedgesnetoftax": -600000,
        "othercomprehensiveincomelossontreasurylockduringperiodnetoftax": -500000,
        "othercomprehensiveincomelosspensionandotherpostretirementbenefitplansadjustmentnetoftax": -10000000,
        "othercomprehensiveincomelossnetoftax": 43700000,
        "comprehensiveincomenetoftaxincludingportionattributabletononcontrollinginterest": 577900000,
        "comprehensiveincomenetoftaxattributabletononcontrollinginterest": -600000,
        "comprehensiveincomenetoftax": 578500000
    },
    {
        "date": "2014-03-27",
        "symbol": "LHX",
        "period": "Q1",
        "salesrevenuenet": -14300000,
        "costofgoodsandservicessold": 841000000,
        "operatingexpenses": 203200000,
        "nonoperatingincomeexpense": 200000,
        "investmentincomeinterest": 700000,
        "interestexpense": 23200000,
        "incomelossfromcontinuingoperationsbeforeincometaxesminorityinterestandincomelossfromequitymethodinvestments": 201000000,
        "incometaxexpensebenefit": 63900000,
        "incomelossfromcontinuingoperationsincludingportionattributabletononcontrollinginterest": 137100000,
        "incomelossfromdiscontinuedoperationsnetoftax": 4100000,
        "profitloss": 141200000,
        "netincomelossattributabletononcontrollinginterest": -200000,
        "netincomeloss": 141400000,
        "incomelossfromcontinuingoperations": 137300000,
        "incomelossfromdiscontinuedoperationsnetoftaxattributabletoreportingentity": 4100000,
        "incomelossfromcontinuingoperationsperbasicshare": 1.28,
        "incomelossfromdiscontinuedoperationsnetoftaxperbasicshare": 0.04,
        "earningspersharebasic": 1.32,
        "incomelossfromcontinuingoperationsperdilutedshare": 1.27,
        "incomelossfromdiscontinuedoperationsnetoftaxperdilutedshare": 0.04,
        "earningspersharediluted": 1.31,
        "commonstockdividendspersharecashpaid": 0.42,
        "weightedaveragenumberofsharesoutstandingbasic": 106200000,
        "weightedaveragenumberofdilutedsharesoutstanding": 107400000,
        "othercomprehensiveincomelossforeigncurrencytransactionandtranslationadjustmentnetoftax": -3700000,
        "othercomprehensiveincomelossderivativesqualifyingashedgesnetoftax": -100000,
        "othercomprehensiveincomelossontreasurylockduringperiodnetoftax": -100000,
        "othercomprehensiveincomelosspensionandotherpostretirementbenefitplansadjustmentnetoftax": -10500000,
        "othercomprehensiveincomelossnetoftax": 6800000,
        "comprehensiveincomenetoftaxincludingportionattributabletononcontrollinginterest": 148000000,
        "comprehensiveincomenetoftaxattributabletononcontrollinginterest": -200000,
        "comprehensiveincomenetoftax": 148200000
    },
    {
        "date": "2013-12-26",
        "symbol": "LHX",
        "period": "Q4",
        "salesrevenuenet": -30300000,
        "costofgoodsandservicessold": 795400000,
        "operatingexpenses": 204700000,
        "nonoperatingincomeexpense": 3200000,
        "investmentincomeinterest": 700000,
        "interestexpense": 23700000,
        "incomelossfromcontinuingoperationsbeforeincometaxesminorityinterestandincomelossfromequitymethodinvestments": 203300000,
        "incometaxexpensebenefit": 66200000,
        "incomelossfromcontinuingoperationsincludingportionattributabletononcontrollinginterest": 137100000,
        "incomelossfromdiscontinuedoperationsnetoftax": -1000000,
        "profitloss": 136100000,
        "netincomelossattributabletononcontrollinginterest": -100000,
        "netincomeloss": 136200000,
        "incomelossfromcontinuingoperations": 137200000,
        "incomelossfromdiscontinuedoperationsnetoftaxattributabletoreportingentity": -1000000,
        "incomelossfromcontinuingoperationsperbasicshare": 1.28,
        "incomelossfromdiscontinuedoperationsnetoftaxperbasicshare": -0.01,
        "earningspersharebasic": 1.27,
        "incomelossfromcontinuingoperationsperdilutedshare": 1.27,
        "incomelossfromdiscontinuedoperationsnetoftaxperdilutedshare": -0.01,
        "earningspersharediluted": 1.26,
        "commonstockdividendspersharecashpaid": 0.42,
        "weightedaveragenumberofsharesoutstandingbasic": 106300000,
        "weightedaveragenumberofdilutedsharesoutstanding": 107300000,
        "othercomprehensiveincomelossforeigncurrencytransactionandtranslationadjustmentnetoftax": -5500000,
        "othercomprehensiveincomelossderivativesqualifyingashedgesnetoftax": -100000,
        "othercomprehensiveincomelossontreasurylockduringperiodnetoftax": -200000,
        "othercomprehensiveincomelosspensionandotherpostretirementbenefitplansadjustmentnetoftax": -700000,
        "othercomprehensiveincomelossnetoftax": -4700000,
        "comprehensiveincomenetoftaxincludingportionattributabletononcontrollinginterest": 131400000,
        "comprehensiveincomenetoftaxattributabletononcontrollinginterest": -100000,
        "comprehensiveincomenetoftax": 131500000
    },
    {
        "date": "2013-09-26",
        "symbol": "LHX",
        "period": "Q3",
        "salesrevenuenet": -18300000,
        "costofgoodsandservicessold": 774500000,
        "operatingexpenses": 207800000,
        "nonoperatingincomeexpense": 1300000,
        "investmentincomeinterest": 600000,
        "interestexpense": 23700000,
        "incomelossfromcontinuingoperationsbeforeincometaxesminorityinterestandincomelossfromequitymethodinvestments": 187800000,
        "incometaxexpensebenefit": 60400000,
        "incomelossfromcontinuingoperationsincludingportionattributabletononcontrollinginterest": 127400000,
        "incomelossfromdiscontinuedoperationsnetoftax": -1700000,
        "profitloss": 125700000,
        "netincomelossattributabletononcontrollinginterest": -100000,
        "netincomeloss": 125800000,
        "incomelossfromcontinuingoperations": 127500000,
        "incomelossfromdiscontinuedoperationsnetoftaxattributabletoreportingentity": -1700000,
        "incomelossfromcontinuingoperationsperbasicshare": 1.19,
        "incomelossfromdiscontinuedoperationsnetoftaxperbasicshare": -0.02,
        "earningspersharebasic": 1.17,
        "incomelossfromcontinuingoperationsperdilutedshare": 1.18,
        "incomelossfromdiscontinuedoperationsnetoftaxperdilutedshare": -0.02,
        "earningspersharediluted": 1.16,
        "commonstockdividendspersharecashpaid": 0.42,
        "weightedaveragenumberofsharesoutstandingbasic": 106400000,
        "weightedaveragenumberofdilutedsharesoutstanding": 107300000,
        "othercomprehensiveincomelossforeigncurrencytransactionandtranslationadjustmentnetoftax": 24000000,
        "othercomprehensiveincomelossderivativesqualifyingashedgesnetoftax": -300000,
        "othercomprehensiveincomelossontreasurylockduringperiodnetoftax": -100000,
        "othercomprehensiveincomelosspensionandotherpostretirementbenefitplansadjustmentnetoftax": -600000,
        "othercomprehensiveincomelossnetoftax": 24400000,
        "comprehensiveincomenetoftaxincludingportionattributabletononcontrollinginterest": 150100000,
        "comprehensiveincomenetoftaxattributabletononcontrollinginterest": -100000,
        "comprehensiveincomenetoftax": 150200000
    },
    {
        "date": "2013-06-27",
        "symbol": "LHX",
        "period": "FY",
        "salesrevenuegoodsnet": 3203700000,
        "salesrevenueservicesnet": 1908000000,
        "salesrevenuenet": -104000000,
        "costofgoodssold": 1919400000,
        "costofservices": 1465600000,
        "costofgoodsandservicessold": 3385000000,
        "operatingexpenses": 914500000,
        "nonoperatingincomeexpense": -40700000,
        "investmentincomeinterest": 2200000,
        "interestexpense": 109100000,
        "incomelossfromcontinuingoperationsbeforeincometaxesminorityinterestandincomelossfromequitymethodinvestments": 664600000,
        "incometaxexpensebenefit": 202700000,
        "incomelossfromcontinuingoperationsincludingportionattributabletononcontrollinginterest": 461900000,
        "incomelossfromdiscontinuedoperationsnetoftax": -353400000,
        "profitloss": -4500000,
        "netincomelossattributabletononcontrollinginterest": -4500000,
        "netincomeloss": 113000000,
        "incomelossfromcontinuingoperations": 466400000,
        "incomelossfromdiscontinuedoperationsnetoftaxattributabletoreportingentity": -353400000,
        "incomelossfromcontinuingoperationsperbasicshare": 4.19,
        "incomelossfromdiscontinuedoperationsnetoftaxperbasicshare": -3.18,
        "earningspersharebasic": 1.01,
        "incomelossfromcontinuingoperationsperdilutedshare": 4.16,
        "incomelossfromdiscontinuedoperationsnetoftaxperdilutedshare": -3.15,
        "earningspersharediluted": 1.01,
        "othercomprehensiveincomelossforeigncurrencytransactionandtranslationadjustmentnetoftax": -32600000,
        "othercomprehensiveincomelossderivativesqualifyingashedgesnetoftax": 100000,
        "othercomprehensiveincomelossavailableforsalesecuritiesadjustmentnetoftax": -2700000,
        "othercomprehensiveincomelossontreasurylockduringperiodnetoftax": -600000,
        "othercomprehensiveincomelosspensionandotherpostretirementbenefitplansadjustmentnetoftax": 1400000,
        "othercomprehensiveincomelossnetoftax": -36000000,
        "comprehensiveincomenetoftaxincludingportionattributabletononcontrollinginterest": 72500000,
        "comprehensiveincomenetoftaxattributabletononcontrollinginterest": -4500000,
        "comprehensiveincomenetoftax": 77000000,
        "othercomprehensiveincomelossderivativesqualifyingashedgestax": -100000,
        "othercomprehensiveincomelossavailableforsalesecuritiestax": 1700000,
        "othercomprehensiveincomelossontreasurylockduringperiodtax": -400000,
        "othercomprehensiveincomelosspensionandotherpostretirementbenefitplanstax": 900000
    },
    {
        "date": "2012-12-27",
        "symbol": "LHX",
        "period": "Q4",
        "incomelossfromcontinuingoperationsperbasicshare": 1.26,
        "incomelossfromdiscontinuedoperationsnetoftaxperbasicshare": -0.83,
        "earningspersharebasic": 0.43,
        "incomelossfromcontinuingoperationsperdilutedshare": 1.25,
        "incomelossfromdiscontinuedoperationsnetoftaxperdilutedshare": -0.82,
        "earningspersharediluted": 0.43,
        "salesrevenuenet": -34200000,
        "costofgoodsandservicessold": 845400000,
        "operatingexpenses": 213100000,
        "nonoperatingincomeexpense": -1100000,
        "investmentincomeinterest": 500000,
        "interestexpense": 27600000,
        "incomelossfromcontinuingoperationsbeforeincometaxesminorityinterestandincomelossfromequitymethodinvestments": 200200000,
        "incometaxexpensebenefit": 61700000,
        "incomelossfromcontinuingoperationsincludingportionattributabletononcontrollinginterest": 138500000,
        "incomelossfromdiscontinuedoperationsnetoftax": -93700000,
        "profitloss": 44800000,
        "netincomelossattributabletononcontrollinginterest": -3700000,
        "netincomeloss": 48500000,
        "incomelossfromcontinuingoperations": 142200000,
        "incomelossfromdiscontinuedoperationsnetoftaxattributabletoreportingentity": -93700000,
        "commonstockdividendspersharecashpaid": 0.37,
        "weightedaveragenumberofsharesoutstandingbasic": 112300000,
        "weightedaveragenumberofdilutedsharesoutstanding": 112900000,
        "othercomprehensiveincomeforeigncurrencytransactionandtranslationadjustmentnetoftaxperiodincreasedecrease": -4400000,
        "othercomprehensiveincomederivativesqualifyingashedgesnetoftaxperiodincreasedecrease": 200000,
        "othercomprehensiveincomeavailableforsalesecuritiesadjustmentnetoftaxperiodincreasedecrease": -1700000,
        "othercomprehensiveincomeamortizationoflossontreasurylockduringperiodnetoftax": 100000,
        "othercomprehensiveincomedefinedbenefitplansadjustmentnetoftaxperiodincreasedecrease": 1100000,
        "comprehensiveincomenetoftaxincludingportionattributabletononcontrollinginterest": 40100000,
        "comprehensiveincomenetoftaxattributabletononcontrollinginterest": -3700000,
        "comprehensiveincomenetoftax": 43800000
    },
    {
        "date": "2012-09-27",
        "symbol": "LHX",
        "period": "Q3",
        "incomelossfromcontinuingoperationsperbasicshare": 1.15,
        "incomelossfromdiscontinuedoperationsnetoftaxperbasicshare": -1.92,
        "earningspersharebasic": -0.77,
        "incomelossfromcontinuingoperationsperdilutedshare": 1.14,
        "incomelossfromdiscontinuedoperationsnetoftaxperdilutedshare": -1.9,
        "earningspersharediluted": -0.76,
        "salesrevenuenet": -24400000,
        "costofgoodsandservicessold": 848300000,
        "operatingexpenses": 198200000,
        "investmentincomeinterest": 500000,
        "interestexpense": 27900000,
        "incomelossfromcontinuingoperationsbeforeincometaxesminorityinterestandincomelossfromequitymethodinvestments": 187600000,
        "incometaxexpensebenefit": 59300000,
        "incomelossfromcontinuingoperationsincludingportionattributabletononcontrollinginterest": 128300000,
        "incomelossfromdiscontinuedoperationsnetoftax": -214300000,
        "profitloss": -86000000,
        "netincomelossattributabletononcontrollinginterest": -200000,
        "netincomeloss": -85800000,
        "incomelossfromcontinuingoperations": 128500000,
        "incomelossfromdiscontinuedoperationsnetoftaxattributabletoreportingentity": -214300000,
        "commonstockdividendspersharecashpaid": 0.37,
        "weightedaveragenumberofsharesoutstandingbasic": 111900000,
        "weightedaveragenumberofdilutedsharesoutstanding": 112600000,
        "othercomprehensiveincomeforeigncurrencytransactionandtranslationadjustmentnetoftaxperiodincreasedecrease": 38100000,
        "othercomprehensiveincomederivativesqualifyingashedgesnetoftaxperiodincreasedecrease": -400000,
        "othercomprehensiveincomeavailableforsalesecuritiesadjustmentnetoftaxperiodincreasedecrease": -1000000,
        "othercomprehensiveincomeamortizationoflossontreasurylockduringperiodnetoftax": 200000,
        "othercomprehensiveincomedefinedbenefitplansadjustmentnetoftaxperiodincreasedecrease": 500000,
        "comprehensiveincomenetoftaxincludingportionattributabletononcontrollinginterest": -48600000,
        "comprehensiveincomenetoftaxattributabletononcontrollinginterest": -200000,
        "comprehensiveincomenetoftax": -48400000
    },
    {
        "date": "2012-06-28",
        "symbol": "LHX",
        "period": "FY",
        "othercomprehensiveincomederivativesqualifyingashedgestaxeffectperiodincreasedecrease": -500000,
        "othercomprehensiveincomeavailableforsalesecuritiestax": -1000000,
        "othercomprehensiveincomelossontreasurylockduringperiodtax": -300000,
        "othercomprehensiveincomedefinedbenefitplanstax": -700000,
        "commonstockdividendspersharecashpaid": 1.22,
        "profitloss": -2800000,
        "othercomprehensiveincomeforeigncurrencytransactionandtranslationadjustmentnetoftaxperiodincreasedecrease": -45400000,
        "othercomprehensiveincomederivativesqualifyingashedgesnetoftaxperiodincreasedecrease": 800000,
        "othercomprehensiveincomeavailableforsalesecuritiesadjustmentnetoftaxperiodincreasedecrease": 1600000,
        "othercomprehensiveincomelossontreasurylockduringperiodnetoftax": -500000,
        "othercomprehensiveincomedefinedbenefitplansadjustmentnetoftaxperiodincreasedecrease": 1200000,
        "comprehensiveincomenetoftaxincludingportionattributabletononcontrollinginterest": -13500000,
        "stockissuedduringperiodvaluestockoptionsexercisedandadjustmentstoadditionalpaidincapitaltaxeffectfromsharebasedcompensation": 24700000,
        "adjustmentstoadditionalpaidincapitalsharebasedcompensationrequisiteserviceperiodrecognitionvalue": 34700000,
        "stockrepurchasedandretiredduringperiodvalue": 363400000,
        "dividendscommonstockcash": 139600000,
        "stockholdersequityincludingportionattributabletononcontrollinginterest": 7200000,
        "incomelossfromcontinuingoperationsperbasicshare": 4.83,
        "incomelossfromdiscontinuedoperationsnetoftaxperbasicshare": -4.57,
        "earningspersharebasic": 0.26,
        "incomelossfromcontinuingoperationsperdilutedshare": 4.8,
        "incomelossfromdiscontinuedoperationsnetoftaxperdilutedshare": -4.54,
        "earningspersharediluted": 0.26,
        "salesrevenuegoodsnet": 3364700000,
        "salesrevenueservicesnet": 2086600000,
        "salesrevenuenet": -97800000,
        "costofgoodssold": 1945200000,
        "costofservices": 1624100000,
        "costofgoodsandservicessold": 3569300000,
        "operatingexpenses": 940900000,
        "nonoperatingincomeexpense": 11500000,
        "investmentincomeinterest": 2500000,
        "interestexpense": 113200000,
        "incomelossfromcontinuingoperationsbeforeincometaxesminorityinterestandincomelossfromequitymethodinvestments": 841900000,
        "incometaxexpensebenefit": 286000000,
        "incomelossfromcontinuingoperationsincludingportionattributabletononcontrollinginterest": 555900000,
        "incomelossfromdiscontinuedoperationsnetoftax": -528100000,
        "netincomelossattributabletononcontrollinginterest": -2800000,
        "netincomeloss": 30600000,
        "incomelossfromcontinuingoperations": 558700000,
        "incomelossfromdiscontinuedoperationsnetoftaxattributabletoreportingentity": -528100000
    },
    {
        "date": "2012-03-29",
        "symbol": "LHX",
        "period": "Q1",
        "incomelossfromcontinuingoperationsperbasicshare": -2.27,
        "incomelossfromdiscontinuedoperationsnetoftaxperbasicshare": -0.88,
        "earningspersharebasic": -3.15,
        "incomelossfromcontinuingoperationsperdilutedshare": -2.27,
        "incomelossfromdiscontinuedoperationsnetoftaxperdilutedshare": -0.88,
        "earningspersharediluted": -3.15,
        "salesrevenuenet": 470500000,
        "costofgoodsandservicessold": 937900000,
        "operatingexpenses": 297600000,
        "impairmentoflonglivedassetsheldforuse": 424000000,
        "nonoperatingincomeexpense": 8100000,
        "investmentincomeinterest": 1200000,
        "interestexpense": 28700000,
        "incomelossfromcontinuingoperationsbeforeincometaxesminorityinterestandincomelossfromequitymethodinvestments": -202900000,
        "incometaxexpensebenefit": 53400000,
        "incomelossfromcontinuingoperationsincludingportionattributabletononcontrollinginterest": -256300000,
        "incomelossfromdiscontinuedoperationsnetoftax": -97800000,
        "profitloss": -354100000,
        "netincomelossattributabletononcontrollinginterest": -900000,
        "netincomeloss": -353200000,
        "incomelossfromcontinuingoperations": -255400000,
        "incomelossfromdiscontinuedoperationsnetoftaxattributabletoreportingentity": -97800000,
        "commonstockdividendspersharecashpaid": 0.33,
        "weightedaveragenumberofsharesoutstandingbasic": 112300000,
        "weightedaveragenumberofdilutedsharesoutstanding": 112300000
    },
    {
        "date": "2011-12-29",
        "symbol": "LHX",
        "period": "Q4",
        "earningspersharebasic": 1.17,
        "earningspersharediluted": 1.16,
        "salesrevenuenet": 422400000,
        "costofgoodsandservicessold": 933900000,
        "operatingexpenses": 286400000,
        "nonoperatingincomeexpense": 2900000,
        "investmentincomeinterest": 200000,
        "interestexpense": 28200000,
        "incomelossfromcontinuingoperationsbeforeincometaxesminorityinterestandincomelossfromequitymethodinvestments": 201000000,
        "incometaxexpensebenefit": 68700000,
        "profitloss": 132300000,
        "netincomelossattributabletononcontrollinginterest": -800000,
        "netincomeloss": 133100000,
        "commonstockdividendspersharecashpaid": 0.28,
        "weightedaveragenumberofsharesoutstandingbasic": 112400000,
        "weightedaveragenumberofdilutedsharesoutstanding": 112800000
    },
    {
        "date": "2011-09-29",
        "symbol": "LHX",
        "period": "Q3",
        "earningspersharebasic": 1.01,
        "earningspersharediluted": 1.01,
        "salesrevenuenet": 443700000,
        "costofgoodsandservicessold": 966700000,
        "operatingexpenses": 290900000,
        "nonoperatingincomeexpense": 700000,
        "investmentincomeinterest": 900000,
        "interestexpense": 28000000,
        "incomelossfromcontinuingoperationsbeforeincometaxesminorityinterestandincomelossfromequitymethodinvestments": 176300000,
        "incometaxexpensebenefit": 55200000,
        "profitloss": 121100000,
        "netincomelossattributabletononcontrollinginterest": -500000,
        "netincomeloss": 121600000,
        "commonstockdividendspersharecashpaid": 0.28,
        "weightedaveragenumberofsharesoutstandingbasic": 118800000,
        "weightedaveragenumberofdilutedsharesoutstanding": 119400000
    },
    {
        "date": "2011-06-30",
        "symbol": "LHX",
        "period": "FY",
        "salesrevenuegoodsnet": 4136800000,
        "salesrevenueservicesnet": 1787800000,
        "salesrevenuenet": -126900000,
        "costofgoodssold": 2339000000,
        "costofservices": 1471500000,
        "costofgoodsandservicessold": 3810500000,
        "operatingexpenses": 1143900000,
        "nonoperatingincomeexpense": -1900000,
        "investmentincomeinterest": 2800000,
        "interestexpense": 90400000,
        "incomelossfromcontinuingoperationsbeforeincometaxesminorityinterestandincomelossfromequitymethodinvestments": 880700000,
        "incometaxexpensebenefit": 293600000,
        "incomelossfromcontinuingoperationsincludingportionattributabletononcontrollinginterest": 587100000,
        "profitloss": -900000,
        "netincomelossattributabletononcontrollinginterest": -900000,
        "netincomeloss": 588000000,
        "incomelossfromcontinuingoperations": 588000000,
        "incomelossfromcontinuingoperationsperbasicshare": 4.63,
        "earningspersharebasic": 4.63,
        "incomelossfromcontinuingoperationsperdilutedshare": 4.6,
        "earningspersharediluted": 4.6,
        "othercomprehensiveincomeforeigncurrencytransactionandtranslationadjustmentnetoftaxperiodincreasedecrease": 36500000,
        "othercomprehensiveincomederivativesqualifyingashedgesnetoftaxperiodincreasedecrease": -600000,
        "othercomprehensiveincomeavailableforsalesecuritiesadjustmentnetoftaxperiodincreasedecrease": 500000,
        "othercomprehensiveincomelossontreasurylockduringperiodnetoftax": -600000,
        "othercomprehensiveincomedefinedbenefitplansadjustmentnetoftaxperiodincreasedecrease": 2100000,
        "comprehensiveincomenetoftaxincludingportionattributabletononcontrollinginterest": 626200000,
        "stockissuedduringperiodvaluestockoptionsexercisedandadjustmentstoadditionalpaidincapitaltaxeffectfromsharebasedcompensation": 21400000,
        "adjustmentstoadditionalpaidincapitalsharebasedcompensationrequisiteserviceperiodrecognitionvalue": 46100000,
        "stockrepurchasedandretiredduringperiodvalue": 57400000,
        "dividendscommonstockcash": 127000000,
        "otheractivityrelatedtononcontrollinginterest": 10400000,
        "stockholdersequityincludingportionattributabletononcontrollinginterest": 123100000,
        "othercomprehensiveincomederivativesqualifyingashedgestaxeffectperiodincreasedecrease": 400000,
        "othercomprehensiveincomeavailableforsalesecuritiestax": -300000,
        "othercomprehensiveincomeamortizationoflossontreasurylockduringperiodtax": -400000,
        "othercomprehensiveincomedefinedbenefitplanstax": -1300000,
        "commonstockdividendspersharecashpaid": 1
    },
    {
        "date": "2011-03-31",
        "symbol": "LHX",
        "period": "Q1",
        "salesrevenuenet": 550000000,
        "costofgoodsandservicessold": 896300000,
        "operatingexpenses": 285600000,
        "nonoperatingincomeexpense": -300000,
        "investmentincomeinterest": 1300000,
        "interestexpense": 26000000,
        "incomelossfromcontinuingoperationsbeforeincometaxesminorityinterestandincomelossfromequitymethodinvestments": 206400000,
        "incometaxexpensebenefit": 67200000,
        "profitloss": 139200000,
        "netincomelossattributabletononcontrollinginterest": -300000,
        "netincomeloss": 139500000,
        "earningspersharebasic": 1.1,
        "earningspersharediluted": 1.09,
        "commonstockdividendspersharecashpaid": 0.25,
        "weightedaveragenumberofsharesoutstandingbasic": 125000000,
        "weightedaveragenumberofdilutedsharesoutstanding": 126000000
    },
    {
        "date": "2010-12-30",
        "symbol": "LHX",
        "period": "Q4",
        "salesrevenuenet": 544700000,
        "costofgoodsandservicessold": 940500000,
        "operatingexpenses": 255200000,
        "nonoperatingincomeexpense": -900000,
        "investmentincomeinterest": 400000,
        "interestexpense": 20400000,
        "incomelossfromcontinuingoperationsbeforeincometaxesminorityinterestandincomelossfromequitymethodinvestments": 221900000,
        "incometaxexpensebenefit": 70800000,
        "netincomeloss": 151100000,
        "earningspersharebasic": 1.19,
        "earningspersharediluted": 1.18,
        "commonstockdividendspersharecashpaid": 0.25,
        "weightedaveragenumberofsharesoutstandingbasic": 125900000,
        "weightedaveragenumberofdilutedsharesoutstanding": 126800000
    },
    {
        "date": "2010-09-30",
        "symbol": "LHX",
        "period": "Q3",
        "salesrevenuenet": 121600000,
        "costofgoodsandservicessold": 881100000,
        "operatingexpenses": 255200000,
        "nonoperatingincomeexpense": -400000,
        "investmentincomeinterest": 600000,
        "interestexpense": 17800000,
        "incomelossfromcontinuingoperationsbeforeincometaxesminorityinterestandincomelossfromequitymethodinvestments": 251500000,
        "incometaxexpensebenefit": 87600000,
        "netincomeloss": 163900000,
        "earningspersharebasic": 1.28,
        "earningspersharediluted": 1.27,
        "commonstockdividendspersharecashpaid": 0.25,
        "weightedaveragenumberofsharesoutstandingbasic": 126800000,
        "weightedaveragenumberofdilutedsharesoutstanding": 127700000
    },
    {
        "date": "2010-07-01",
        "symbol": "LHX",
        "period": "FY",
        "salesrevenuegoodsnet": 3935200000,
        "salesrevenueservicesnet": 1270900000,
        "salesrevenuenet": 5206100000,
        "costofgoodssold": -2268700000,
        "costofservices": -1065700000,
        "costofgoodsandservicessold": 3900000,
        "operatingexpenses": 31400000,
        "nonoperatingincomeexpense": -1900000,
        "investmentincomeinterest": 1500000,
        "interestexpense": 72100000,
        "incomelossfromcontinuingoperationsbeforeincometaxesminorityinterestandincomelossfromequitymethodinvestments": 840300000,
        "incometaxexpensebenefit": 278700000,
        "incomelossfromcontinuingoperations": 35300000,
        "profitloss": 561600000,
        "netincomeloss": 561600000,
        "incomelossfromcontinuingoperationsperbasicshare": 4.31,
        "earningspersharebasic": 4.31,
        "incomelossfromcontinuingoperationsperdilutedshare": 4.28,
        "earningspersharediluted": 4.28,
        "stockholdersequityincludingportionattributabletononcontrollinginterest": 1621400000,
        "othercomprehensiveincomeforeigncurrencytransactionandtranslationadjustmentnetoftaxperiodincreasedecrease": 31800000,
        "othercomprehensiveincomederivativesqualifyingashedgesnetoftaxperiodincreasedecrease": -700000,
        "othercomprehensiveincomeavailableforsalesecuritiesadjustmentnetoftaxperiodincreasedecrease": 800000,
        "othercomprehensiveincomeamortizationoflossontreasurylockduringperiodnetoftax": 500000,
        "othercomprehensiveincomedefinedbenefitplansadjustmentnetoftaxperiodincreasedecrease": -1400000,
        "comprehensiveincomenetoftaxincludingportionattributabletononcontrollinginterest": 592600000,
        "stockissuedduringperiodvaluestockoptionsexercisedandadjustmentstoadditionalpaidincapitaltaxeffectfromsharebasedcompensation": 14700000,
        "adjustmentstoadditionalpaidincapitalsharebasedcompensationrequisiteserviceperiodrecognitionvalue": 35300000,
        "stockrepurchasedandretiredduringperiodvalue": -148000000,
        "otheractivityrelatedtononcontrollinginterest": 500000,
        "dividendscommonstockcash": -115000000,
        "othercomprehensiveincomederivativesqualifyingashedgestaxeffectperiodincreasedecrease": 400000,
        "othercomprehensiveincomeavailableforsalesecuritiestax": -500000,
        "othercomprehensiveincomeamortizationoflossontreasurylockduringperiodtax": -300000,
        "othercomprehensiveincomedefinedbenefitplanstax": 900000,
        "commonstockdividendspersharecashpaid": 0.88
    },
    {
        "date": "2010-04-01",
        "symbol": "LHX",
        "period": "Q1",
        "salesrevenuenet": 1329500000,
        "costofgoodsandservicessold": 820000000,
        "operatingexpenses": 245000000,
        "othernonoperatingincomeexpense": -500000,
        "investmentincomeinterest": 400000,
        "interestexpense": 18100000,
        "incomelossfromcontinuingoperationsbeforeincometaxesminorityinterestandincomelossfromequitymethodinvestments": 246300000,
        "incometaxexpensebenefit": 80100000,
        "incomelossfromcontinuingoperations": 166200000,
        "profitloss": 166200000,
        "netincomeloss": 166200000,
        "incomelossfromcontinuingoperationsperbasicshare": 1.27,
        "earningspersharebasic": 1.27,
        "incomelossfromcontinuingoperationsperdilutedshare": 1.27,
        "earningspersharediluted": 1.27,
        "commonstockdividendspersharecashpaid": 0.22,
        "weightedaveragenumberofsharesoutstandingbasic": 130400000,
        "weightedaveragenumberofdilutedsharesoutstanding": 130700000
    },
    {
        "date": "2009-12-31",
        "symbol": "LHX",
        "period": "Q4",
        "salesrevenuenet": 1217700000,
        "costofgoodsandservicessold": 778600000,
        "operatingexpenses": 215700000,
        "othernonoperatingincomeexpense": -300000,
        "investmentincomeinterest": 300000,
        "interestexpense": 18200000,
        "incomelossfromcontinuingoperationsbeforeincometaxesminorityinterestandincomelossfromequitymethodinvestments": 205200000,
        "incometaxexpensebenefit": 65700000,
        "incomelossfromcontinuingoperations": 139500000,
        "profitloss": 139500000,
        "netincomeloss": 139500000,
        "incomelossfromcontinuingoperationsperbasicshare": 1.07,
        "earningspersharebasic": 1.07,
        "incomelossfromcontinuingoperationsperdilutedshare": 1.06,
        "earningspersharediluted": 1.06,
        "commonstockdividendspersharecashpaid": 0.22,
        "weightedaveragenumberofsharesoutstandingbasic": 130900000,
        "weightedaveragenumberofdilutedsharesoutstanding": 131300000
    },
    {
        "date": "2009-10-01",
        "symbol": "LHX",
        "period": "Q3",
        "salesrevenuenet": 1203000000,
        "costofgoodsandservicessold": 812100000,
        "operatingexpenses": 212100000,
        "othernonoperatingincomeexpense": -200000,
        "investmentincomeinterest": 400000,
        "interestexpense": 18200000,
        "incomelossfromcontinuingoperationsbeforeincometaxesminorityinterestandincomelossfromequitymethodinvestments": 160800000,
        "incometaxexpensebenefit": 56300000,
        "incomelossfromcontinuingoperations": 104500000,
        "profitloss": 104500000,
        "netincomeloss": 104500000,
        "incomelossfromcontinuingoperationsperbasicshare": 0.79,
        "earningspersharebasic": 0.79,
        "incomelossfromcontinuingoperationsperdilutedshare": 0.79,
        "earningspersharediluted": 0.79,
        "commonstockdividendspersharecashpaid": 0.22,
        "weightedaveragenumberofsharesoutstandingbasic": 131800000,
        "weightedaveragenumberofdilutedsharesoutstanding": 131900000
    }
]