[
    {
        "date": "2024-09-29",
        "symbol": "SSNC",
        "period": "Q3",
        "revenuefromcontractwithcustomerexcludingassessedtax": 1972200000,
        "costofgoodsandservicessold": 954800000,
        "grossprofit": 704200000,
        "sellingandmarketingexpense": 144100000,
        "researchanddevelopmentexpense": 131300000,
        "generalandadministrativeexpense": 103700000,
        "operatingexpenses": 379100000,
        "operatingincomeloss": 325100000,
        "interestexpense": 109600000,
        "othernonoperatingincomeexpense": 9300000,
        "incomelossfromequitymethodinvestments": 1100000,
        "gainslossesonextinguishmentofdebt": 56500000,
        "incomelossfromcontinuingoperationsbeforeincometaxesextraordinaryitemsnoncontrollinginterest": 224600000,
        "incometaxexpensebenefit": 60000000,
        "profitloss": 164600000,
        "netincomelossattributabletononcontrollinginterest": 200000,
        "netincomeloss": 164400000,
        "earningspersharebasic": 0.67,
        "earningspersharediluted": 0.65,
        "weightedaveragenumberofsharesoutstandingbasic": 246400000,
        "weightedaveragenumberofdilutedsharesoutstanding": 253300000,
        "othercomprehensiveincomeforeigncurrencytransactionandtranslationadjustmentnetoftaxportionattributabletoparent": 159000000,
        "othercomprehensiveincomelossnetoftaxportionattributabletoparent": 159000000,
        "comprehensiveincomenetoftaxincludingportionattributabletononcontrollinginterest": 323600000,
        "comprehensiveincomenetoftaxattributabletononcontrollinginterest": 200000,
        "comprehensiveincomenetoftax": 323400000
    },
    {
        "date": "2024-06-29",
        "symbol": "SSNC",
        "period": "Q2",
        "revenuefromcontractwithcustomerexcludingassessedtax": 1192400000,
        "costofgoodsandservicessold": 654000000,
        "grossprofit": 698300000,
        "sellingandmarketingexpense": 142600000,
        "researchanddevelopmentexpense": 128700000,
        "generalandadministrativeexpense": 99400000,
        "operatingexpenses": 370700000,
        "operatingincomeloss": 327600000,
        "interestexpense": 113300000,
        "othernonoperatingincomeexpense": 600000,
        "incomelossfromequitymethodinvestments": 17300000,
        "gainslossesonextinguishmentofdebt": -27700000,
        "incomelossfromcontinuingoperationsbeforeincometaxesextraordinaryitemsnoncontrollinginterest": 204500000,
        "incometaxexpensebenefit": 13800000,
        "profitloss": 190700000,
        "netincomelossattributabletononcontrollinginterest": 400000,
        "netincomeloss": 190300000,
        "earningspersharebasic": 0.77,
        "earningspersharediluted": 0.75,
        "weightedaveragenumberofsharesoutstandingbasic": 246200000,
        "weightedaveragenumberofdilutedsharesoutstanding": 252300000,
        "othercomprehensiveincomeforeigncurrencytransactionandtranslationadjustmentnetoftaxportionattributabletoparent": 2700000,
        "othercomprehensiveincomedefinedbenefitplansadjustmentnetoftaxportionattributabletoparent": -100000,
        "othercomprehensiveincomelossnetoftaxportionattributabletoparent": 2800000,
        "comprehensiveincomenetoftaxincludingportionattributabletononcontrollinginterest": 193500000,
        "comprehensiveincomenetoftaxattributabletononcontrollinginterest": 400000,
        "comprehensiveincomenetoftax": 193100000
    },
    {
        "date": "2024-03-30",
        "symbol": "SSNC",
        "period": "Q1",
        "revenuefromcontractwithcustomerexcludingassessedtax": 1187700000,
        "costofgoodsandservicessold": 633800000,
        "grossprofit": 707200000,
        "sellingandmarketingexpense": 140900000,
        "researchanddevelopmentexpense": 120900000,
        "generalandadministrativeexpense": 112500000,
        "operatingexpenses": 374300000,
        "operatingincomeloss": 332900000,
        "interestexpense": 116000000,
        "othernonoperatingincomeexpense": 6600000,
        "incomelossfromequitymethodinvestments": 2300000,
        "gainslossesonextinguishmentofdebt": -1100000,
        "incomelossfromcontinuingoperationsbeforeincometaxesextraordinaryitemsnoncontrollinginterest": 224700000,
        "incometaxexpensebenefit": 66700000,
        "profitloss": 158000000,
        "netincomelossattributabletononcontrollinginterest": 400000,
        "netincomeloss": 157600000,
        "earningspersharebasic": 0.64,
        "earningspersharediluted": 0.62,
        "weightedaveragenumberofsharesoutstandingbasic": 247000000,
        "weightedaveragenumberofdilutedsharesoutstanding": 253300000,
        "othercomprehensiveincomeforeigncurrencytransactionandtranslationadjustmentnetoftaxportionattributabletoparent": -47600000,
        "othercomprehensiveincomelossnetoftaxportionattributabletoparent": -47600000,
        "comprehensiveincomenetoftaxincludingportionattributabletononcontrollinginterest": 110400000,
        "comprehensiveincomenetoftaxattributabletononcontrollinginterest": 400000,
        "comprehensiveincomenetoftax": 110000000
    },
    {
        "date": "2023-09-29",
        "symbol": "SSNC",
        "period": "Q3",
        "revenuefromcontractwithcustomerexcludingassessedtax": 1122100000,
        "costofgoodsandservicessold": 617800000,
        "grossprofit": 654400000,
        "sellingandmarketingexpense": 134700000,
        "researchanddevelopmentexpense": 117700000,
        "generalandadministrativeexpense": 95600000,
        "operatingexpenses": 348000000,
        "operatingincomeloss": 306400000,
        "interestincomeexpensenonoperatingnet": -120600000,
        "othernonoperatingincomeexpense": -5000000,
        "incomelossfromequitymethodinvestments": 27500000,
        "gainslossesonextinguishmentofdebt": -500000,
        "incomelossfromcontinuingoperationsbeforeincometaxesextraordinaryitemsnoncontrollinginterest": 207800000,
        "incometaxexpensebenefit": 51200000,
        "profitloss": 156600000,
        "netincomelossattributabletononcontrollinginterest": 600000,
        "netincomeloss": 156000000,
        "earningspersharebasic": 0.63,
        "earningspersharediluted": 0.61,
        "weightedaveragenumberofsharesoutstandingbasic": 247500000,
        "weightedaveragenumberofdilutedsharesoutstanding": 253900000,
        "othercomprehensiveincomeforeigncurrencytransactionandtranslationadjustmentnetoftaxportionattributabletoparent": -113000000,
        "othercomprehensiveincomelossnetoftaxportionattributabletoparent": -113000000,
        "comprehensiveincomenetoftaxincludingportionattributabletononcontrollinginterest": 43600000,
        "comprehensiveincomenetoftaxattributabletononcontrollinginterest": 600000,
        "comprehensiveincomenetoftax": 43000000
    },
    {
        "date": "2023-06-29",
        "symbol": "SSNC",
        "period": "Q2",
        "revenuefromcontractwithcustomerexcludingassessedtax": 8900000,
        "costofgoodsandservicessold": 721500000,
        "grossprofit": 641100000,
        "sellingandmarketingexpense": 137100000,
        "researchanddevelopmentexpense": 119600000,
        "generalandadministrativeexpense": 96200000,
        "operatingexpenses": 352900000,
        "operatingincomeloss": 288200000,
        "interestincomeexpensenonoperatingnet": -118000000,
        "othernonoperatingincomeexpense": 14900000,
        "incomelossfromequitymethodinvestments": 1200000,
        "incomelossfromcontinuingoperationsbeforeincometaxesextraordinaryitemsnoncontrollinginterest": 194500000,
        "incometaxexpensebenefit": 63600000,
        "profitloss": 200000,
        "netincomelossattributabletononcontrollinginterest": 200000,
        "netincomeloss": 130699999.99999999,
        "earningspersharebasic": 0.53,
        "earningspersharediluted": 0.51,
        "weightedaveragenumberofsharesoutstandingbasic": 248500000,
        "weightedaveragenumberofdilutedsharesoutstanding": 255000000,
        "othercomprehensiveincomeforeigncurrencytransactionandtranslationadjustmentnetoftaxportionattributabletoparent": 66200000,
        "othercomprehensiveincomedefinedbenefitplansadjustmentnetoftaxportionattributabletoparent": 100000,
        "othercomprehensiveincomelossnetoftaxportionattributabletoparent": 66099999.99999999,
        "comprehensiveincomenetoftaxincludingportionattributabletononcontrollinginterest": 197000000,
        "comprehensiveincomenetoftaxattributabletononcontrollinginterest": 200000,
        "comprehensiveincomenetoftax": 196800000
    },
    {
        "date": "2023-03-30",
        "symbol": "SSNC",
        "period": "Q1",
        "revenuefromcontractwithcustomerexcludingassessedtax": 7500000,
        "costofgoodsandservicessold": 725700000,
        "grossprofit": 637000000,
        "sellingandmarketingexpense": 139800000,
        "researchanddevelopmentexpense": 118200000,
        "generalandadministrativeexpense": 98900000,
        "operatingexpenses": 356900000,
        "operatingincomeloss": 280100000,
        "interestincomeexpensenonoperatingnet": -111900000,
        "othernonoperatingincomeexpense": 5400000,
        "incomelossfromequitymethodinvestments": -100000,
        "gainslossesonextinguishmentofdebt": -600000,
        "incomelossfromcontinuingoperationsbeforeincometaxesextraordinaryitemsnoncontrollinginterest": 178700000,
        "incometaxexpensebenefit": 52500000,
        "profitloss": 200000,
        "netincomelossattributabletononcontrollinginterest": 200000,
        "netincomeloss": 126000000,
        "earningspersharebasic": 0.5,
        "earningspersharediluted": 0.49,
        "weightedaveragenumberofsharesoutstandingbasic": 250400000,
        "weightedaveragenumberofdilutedsharesoutstanding": 257000000,
        "othercomprehensiveincomeforeigncurrencytransactionandtranslationadjustmentnetoftaxportionattributabletoparent": 42000000,
        "othercomprehensiveincomedefinedbenefitplansadjustmentnetoftaxportionattributabletoparent": -100000,
        "othercomprehensiveincomelossnetoftaxportionattributabletoparent": 42100000,
        "comprehensiveincomenetoftaxincludingportionattributabletononcontrollinginterest": 168300000,
        "comprehensiveincomenetoftaxattributabletononcontrollinginterest": 200000,
        "comprehensiveincomenetoftax": 168100000
    },
    {
        "date": "2022-12-30",
        "symbol": "SSNC",
        "period": "Q4",
        "revenuefromcontractwithcustomerexcludingassessedtax": 6200000,
        "costofgoodsandservicessold": 690899999.9999998,
        "grossprofit": 647400000,
        "sellingandmarketingexpense": 129000000,
        "researchanddevelopmentexpense": 115500000,
        "generalandadministrativeexpense": 101600000,
        "operatingexpenses": 346100000,
        "operatingincomeloss": 301300000,
        "othernonoperatingincomeexpense": 49100000,
        "incomelossfromequitymethodinvestments": 0,
        "incomelossfromcontinuingoperationsbeforeincometaxesextraordinaryitemsnoncontrollinginterest": 272600000,
        "incometaxexpensebenefit": 65000000,
        "profitloss": 2500000,
        "netincomelossattributabletononcontrollinginterest": 100000,
        "netincomeloss": 207500000,
        "earningspersharebasic": 0.8200000000000002,
        "earningspersharediluted": 0.8000000000000004,
        "weightedaveragenumberofsharesoutstandingbasic": -800000,
        "weightedaveragenumberofdilutedsharesoutstanding": -1700000,
        "othercomprehensiveincomelosscashflowhedgegainlossafterreclassificationandtaxparent": 0,
        "othercomprehensiveincomeforeigncurrencytransactionandtranslationadjustmentnetoftaxportionattributabletoparent": 200399999.99999997,
        "othercomprehensiveincomelossnetoftaxportionattributabletoparent": 200200000,
        "comprehensiveincomenetoftaxincludingportionattributabletononcontrollinginterest": 407800000,
        "comprehensiveincomenetoftaxattributabletononcontrollinginterest": 100000,
        "comprehensiveincomenetoftax": 407700000
    },
    {
        "date": "2022-09-29",
        "symbol": "SSNC",
        "period": "Q3",
        "revenuefromcontractwithcustomerexcludingassessedtax": 6100000,
        "costofgoodsandservicessold": 697200000.0000002,
        "grossprofit": 623800000,
        "sellingandmarketingexpense": 120900000,
        "researchanddevelopmentexpense": 107600000,
        "generalandadministrativeexpense": 91100000,
        "operatingexpenses": 319600000,
        "operatingincomeloss": 304200000,
        "interestincomeexpensenonoperatingnet": -86000000,
        "othernonoperatingincomeexpense": 1100000,
        "incomelossfromequitymethodinvestments": -1300000,
        "incomelossfromcontinuingoperationsbeforeincometaxesextraordinaryitemsnoncontrollinginterest": 213200000,
        "incometaxexpensebenefit": 53400000,
        "profitloss": -200000,
        "netincomelossattributabletononcontrollinginterest": -200000,
        "netincomeloss": 160000000,
        "earningspersharebasic": 0.6299999999999998,
        "earningspersharediluted": 0.6199999999999998,
        "weightedaveragenumberofsharesoutstandingbasic": -500000,
        "weightedaveragenumberofdilutedsharesoutstanding": -1800000,
        "othercomprehensiveincomelosscashflowhedgegainlossafterreclassificationandtaxparent": 3300000,
        "othercomprehensiveincomeforeigncurrencytransactionandtranslationadjustmentnetoftaxportionattributabletoparent": -248600000,
        "othercomprehensiveincomelossnetoftaxportionattributabletoparent": -245300000,
        "comprehensiveincomenetoftaxincludingportionattributabletononcontrollinginterest": -85500000,
        "comprehensiveincomenetoftaxattributabletononcontrollinginterest": -200000,
        "comprehensiveincomenetoftax": -85300000
    },
    {
        "date": "2022-06-29",
        "symbol": "SSNC",
        "period": "Q2",
        "revenuefromcontractwithcustomerexcludingassessedtax": 7200000,
        "costofgoodsandservicessold": 704400000,
        "grossprofit": 624300000,
        "sellingandmarketingexpense": 139300000,
        "researchanddevelopmentexpense": 118400000,
        "generalandadministrativeexpense": 121000000,
        "operatingexpenses": 378700000,
        "operatingincomeloss": 245600000,
        "interestincomeexpensenonoperatingnet": -67700000,
        "othernonoperatingincomeexpense": -20400000,
        "incomelossfromequitymethodinvestments": 700000,
        "incomelossfromcontinuingoperationsbeforeincometaxesextraordinaryitemsnoncontrollinginterest": 155500000,
        "incometaxexpensebenefit": 45200000,
        "profitloss": -300000,
        "netincomelossattributabletononcontrollinginterest": -300000,
        "netincomeloss": 110600000,
        "earningspersharebasic": 0.44000000000000006,
        "earningspersharediluted": 0.42000000000000004,
        "weightedaveragenumberofsharesoutstandingbasic": -500000,
        "weightedaveragenumberofdilutedsharesoutstanding": -2100000.00000003,
        "othercomprehensiveincomelosscashflowhedgegainlossafterreclassificationandtaxparent": 300000,
        "othercomprehensiveincomeforeigncurrencytransactionandtranslationadjustmentnetoftaxportionattributabletoparent": -235099999.99999997,
        "othercomprehensiveincomedefinedbenefitplansadjustmentnetoftaxportionattributabletoparent": 0,
        "othercomprehensiveincomelossnetoftaxportionattributabletoparent": -234800000,
        "comprehensiveincomenetoftaxincludingportionattributabletononcontrollinginterest": -124500000,
        "comprehensiveincomenetoftaxattributabletononcontrollinginterest": -300000,
        "comprehensiveincomenetoftax": -124200000
    },
    {
        "date": "2022-03-30",
        "symbol": "SSNC",
        "period": "Q1",
        "revenuefromcontractwithcustomerexcludingassessedtax": 4800000,
        "costofgoodsandservicessold": 675200000,
        "grossprofit": 619800000,
        "sellingandmarketingexpense": 110900000,
        "researchanddevelopmentexpense": 105800000,
        "generalandadministrativeexpense": 111300000,
        "operatingexpenses": 328000000,
        "operatingincomeloss": 291800000,
        "interestincomeexpensenonoperatingnet": -49300000,
        "othernonoperatingincomeexpense": -9000000,
        "incomelossfromequitymethodinvestments": 500000,
        "incomelossfromcontinuingoperationsbeforeincometaxesextraordinaryitemsnoncontrollinginterest": 234800000,
        "incometaxexpensebenefit": 63500000,
        "profitloss": -800000,
        "netincomelossattributabletononcontrollinginterest": -800000,
        "netincomeloss": 172100000,
        "earningspersharebasic": 0.67,
        "earningspersharediluted": 0.64,
        "weightedaveragenumberofsharesoutstandingbasic": 255800000,
        "weightedaveragenumberofdilutedsharesoutstanding": 267600000.00000003,
        "othercomprehensiveincomelosscashflowhedgegainlossafterreclassificationandtaxparent": 1200000,
        "othercomprehensiveincomeforeigncurrencytransactionandtranslationadjustmentnetoftaxportionattributabletoparent": -28300000,
        "othercomprehensiveincomedefinedbenefitplansadjustmentnetoftaxportionattributabletoparent": 1100000,
        "othercomprehensiveincomelossnetoftaxportionattributabletoparent": -28200000,
        "comprehensiveincomenetoftaxincludingportionattributabletononcontrollinginterest": 143100000,
        "comprehensiveincomenetoftaxattributabletononcontrollinginterest": -800000,
        "comprehensiveincomenetoftax": 143900000
    },
    {
        "date": "2021-12-30",
        "symbol": "SSNC",
        "period": "Q4",
        "revenuefromcontractwithcustomerexcludingassessedtax": 7500000,
        "costofgoodsandservicessold": 663000000,
        "grossprofit": 631200000,
        "sellingandmarketingexpense": 108000000,
        "researchanddevelopmentexpense": 108500000,
        "generalandadministrativeexpense": 94500000,
        "operatingexpenses": 311000000,
        "operatingincomeloss": 320200000,
        "othernonoperatingincomeexpense": 2200000,
        "incomelossfromequitymethodinvestments": 26200000,
        "gainslossesonextinguishmentofdebt": 14400000,
        "incomelossfromcontinuingoperationsbeforeincometaxesextraordinaryitemsnoncontrollinginterest": 289500000,
        "incometaxexpensebenefit": 38300000,
        "netincomeloss": 250900000,
        "earningspersharebasic": 0.9799999999999999,
        "earningspersharediluted": 0.9400000000000003,
        "weightedaveragenumberofsharesoutstandingbasic": -200000,
        "weightedaveragenumberofdilutedsharesoutstanding": 0,
        "othercomprehensiveincomeforeigncurrencytransactionandtranslationadjustmentnetoftaxportionattributabletoparent": 300000,
        "othercomprehensiveincomelossnetoftaxportionattributabletoparent": -85900000,
        "comprehensiveincomenetoftax": 254800000
    },
    {
        "date": "2021-09-29",
        "symbol": "SSNC",
        "period": "Q3",
        "revenuefromcontractwithcustomerexcludingassessedtax": 1800000,
        "costofgoodsandservicessold": 640400000,
        "grossprofit": 624000000,
        "sellingandmarketingexpense": 96400000,
        "researchanddevelopmentexpense": 97700000,
        "generalandadministrativeexpense": 89800000,
        "operatingexpenses": 283900000,
        "operatingincomeloss": 340100000,
        "interestincomeexpensenonoperatingnet": -50200000,
        "othernonoperatingincomeexpense": -44900000,
        "incomelossfromequitymethodinvestments": 1100000,
        "gainslossesonextinguishmentofdebt": -1700000,
        "incomelossfromcontinuingoperationsbeforeincometaxesextraordinaryitemsnoncontrollinginterest": 245300000,
        "incometaxexpensebenefit": 60600000,
        "netincomeloss": 184400000,
        "earningspersharebasic": 0.7299999999999999,
        "earningspersharediluted": 0.6899999999999998,
        "weightedaveragenumberofsharesoutstandingbasic": -256900000,
        "weightedaveragenumberofdilutedsharesoutstanding": -268400000.00000006,
        "othercomprehensiveincomelosscashflowhedgegainlossafterreclassificationandtaxparent": 0,
        "othercomprehensiveincomeforeigncurrencytransactionandtranslationadjustmentnetoftaxportionattributabletoparent": -55700000,
        "othercomprehensiveincomelossnetoftaxportionattributabletoparent": 34200000,
        "comprehensiveincomenetoftax": 128800000
    },
    {
        "date": "2021-06-29",
        "symbol": "SSNC",
        "period": "Q2",
        "revenuefromcontractwithcustomerexcludingassessedtax": 9700000,
        "costofgoodsandservicessold": 664000000,
        "grossprofit": 595000000,
        "sellingandmarketingexpense": 97700000,
        "researchanddevelopmentexpense": 100800000,
        "generalandadministrativeexpense": 83600000,
        "operatingexpenses": 282100000,
        "operatingincomeloss": 312900000,
        "interestincomeexpensenonoperatingnet": -51000000,
        "othernonoperatingincomeexpense": 6500000,
        "incomelossfromequitymethodinvestments": -1600000,
        "gainslossesonextinguishmentofdebt": -1500000,
        "incomelossfromcontinuingoperationsbeforeincometaxesextraordinaryitemsnoncontrollinginterest": 266500000,
        "incometaxexpensebenefit": 76700000,
        "netincomeloss": 189800000,
        "earningspersharebasic": 0.74,
        "earningspersharediluted": 0.71,
        "weightedaveragenumberofsharesoutstandingbasic": 255700000,
        "weightedaveragenumberofdilutedsharesoutstanding": 267600000.00000003,
        "othercomprehensiveincomelosscashflowhedgegainlossafterreclassificationandtaxparent": -200000,
        "othercomprehensiveincomeforeigncurrencytransactionandtranslationadjustmentnetoftaxportionattributabletoparent": 1900000,
        "othercomprehensiveincomedefinedbenefitplansadjustmentnetoftaxportionattributabletoparent": -100000,
        "othercomprehensiveincomelossnetoftaxportionattributabletoparent": 1800000,
        "comprehensiveincomenetoftax": 191600000
    },
    {
        "date": "2021-03-30",
        "symbol": "SSNC",
        "period": "Q1",
        "revenuefromcontractwithcustomerexcludingassessedtax": 3300000,
        "costofgoodsandservicessold": 674300000,
        "grossprofit": 559100000,
        "sellingandmarketingexpense": 92000000,
        "researchanddevelopmentexpense": 107900000,
        "generalandadministrativeexpense": 90100000,
        "operatingexpenses": 290000000,
        "operatingincomeloss": 269100000,
        "interestincomeexpensenonoperatingnet": -51400000,
        "othernonoperatingincomeexpense": 18000000,
        "incomelossfromequitymethodinvestments": -2600000,
        "gainslossesonextinguishmentofdebt": -300000,
        "incomelossfromcontinuingoperationsbeforeincometaxesextraordinaryitemsnoncontrollinginterest": 235700000,
        "incometaxexpensebenefit": 60800000,
        "netincomeloss": 174900000,
        "earningspersharebasic": 0.68,
        "earningspersharediluted": 0.65,
        "weightedaveragenumberofsharesoutstandingbasic": 257000000,
        "weightedaveragenumberofdilutedsharesoutstanding": 268100000.00000003,
        "othercomprehensiveincomelosscashflowhedgegainlossafterreclassificationandtaxparent": 500000,
        "othercomprehensiveincomeforeigncurrencytransactionandtranslationadjustmentnetoftaxportionattributabletoparent": 8400000,
        "othercomprehensiveincomelossnetoftaxportionattributabletoparent": 8900000,
        "comprehensiveincomenetoftax": 183800000
    },
    {
        "date": "2020-09-29",
        "symbol": "SSNC",
        "period": "Q3",
        "revenuefromcontractwithcustomerexcludingassessedtax": 958400000,
        "costofgoodsandservicessold": 551600000,
        "grossprofit": 523900000,
        "sellingandmarketingexpense": 85200000,
        "researchanddevelopmentexpense": 97000000,
        "generalandadministrativeexpense": 84700000,
        "operatingexpenses": 266900000,
        "operatingincomeloss": 257000000,
        "interestincomeexpensenonoperatingnet": -54700000,
        "othernonoperatingincomeexpense": 15100000,
        "incomelossfromequitymethodinvestments": 200000,
        "gainslossesonextinguishmentofdebt": 400000,
        "incomelossfromcontinuingoperationsbeforeincometaxesextraordinaryitemsnoncontrollinginterest": 218000000,
        "incometaxexpensebenefit": 58600000,
        "netincomeloss": 159400000,
        "earningspersharebasic": 0.62,
        "earningspersharediluted": 0.6,
        "weightedaveragenumberofsharesoutstandingbasic": 256700000,
        "weightedaveragenumberofdilutedsharesoutstanding": 266700000,
        "othercomprehensiveincomelosscashflowhedgegainlossafterreclassificationandtaxparent": -100000,
        "othercomprehensiveincomeforeigncurrencytransactionandtranslationadjustmentnetoftaxportionattributabletoparent": 70700000,
        "othercomprehensiveincomelossnetoftaxportionattributabletoparent": 70600000,
        "comprehensiveincomenetoftax": 230000000
    },
    {
        "date": "2020-06-29",
        "symbol": "SSNC",
        "period": "Q2",
        "revenuefromcontractwithcustomerexcludingassessedtax": 945000000,
        "costofgoodsandservicessold": 549900000,
        "grossprofit": 511300000,
        "sellingandmarketingexpense": 84300000,
        "researchanddevelopmentexpense": 96800000,
        "generalandadministrativeexpense": 88900000,
        "operatingexpenses": 270000000,
        "operatingincomeloss": 241300000,
        "interestincomeexpensenonoperatingnet": -60500000,
        "othernonoperatingincomeexpense": 19000000,
        "incomelossfromequitymethodinvestments": -1000000,
        "gainslossesonextinguishmentofdebt": 200000,
        "incomelossfromcontinuingoperationsbeforeincometaxesextraordinaryitemsnoncontrollinginterest": 199000000,
        "incometaxexpensebenefit": 29500000,
        "netincomeloss": 169500000,
        "earningspersharebasic": 0.66,
        "earningspersharediluted": 0.64,
        "weightedaveragenumberofsharesoutstandingbasic": 257000000,
        "weightedaveragenumberofdilutedsharesoutstanding": 265800000,
        "othercomprehensiveincomelosscashflowhedgegainlossafterreclassificationandtaxparent": -300000,
        "othercomprehensiveincomeforeigncurrencytransactionandtranslationadjustmentnetoftaxportionattributabletoparent": 34100000,
        "othercomprehensiveincomelossnetoftaxportionattributabletoparent": 33800000,
        "comprehensiveincomenetoftax": 203300000
    },
    {
        "date": "2020-03-30",
        "symbol": "SSNC",
        "period": "Q1",
        "revenuefromcontractwithcustomerexcludingassessedtax": 4300000,
        "costofgoodsandservicessold": 665600000,
        "grossprofit": 508000000,
        "sellingandmarketingexpense": 91400000,
        "researchanddevelopmentexpense": 104900000,
        "generalandadministrativeexpense": 92900000,
        "operatingexpenses": 289200000,
        "operatingincomeloss": 218800000,
        "interestincomeexpensenonoperatingnet": -77400000,
        "othernonoperatingincomeexpense": -15300000,
        "incomelossfromequitymethodinvestments": -1000000,
        "gainslossesonextinguishmentofdebt": -2800000,
        "incomelossfromcontinuingoperationsbeforeincometaxesextraordinaryitemsnoncontrollinginterest": 124000000,
        "incometaxexpensebenefit": 24800000,
        "netincomeloss": 99200000,
        "earningspersharebasic": 0.39,
        "earningspersharediluted": 0.37,
        "weightedaveragenumberofsharesoutstandingbasic": 255300000,
        "weightedaveragenumberofdilutedsharesoutstanding": 265600000.00000003,
        "othercomprehensiveincomelosscashflowhedgegainlossafterreclassificationandtaxparent": -2400000,
        "othercomprehensiveincomeforeigncurrencytransactionandtranslationadjustmentnetoftaxportionattributabletoparent": -150700000,
        "othercomprehensiveincomelossnetoftaxportionattributabletoparent": -153100000,
        "comprehensiveincomenetoftax": -53900000
    },
    {
        "date": "2019-12-30",
        "symbol": "SSNC",
        "period": "Q4",
        "revenuefromcontractwithcustomerexcludingassessedtax": 974500000,
        "costofgoodsandservicessold": 577800000,
        "grossprofit": 545500000,
        "sellingandmarketingexpense": 92600000,
        "researchanddevelopmentexpense": 100400000,
        "generalandadministrativeexpense": 91200000,
        "operatingexpenses": 284200000,
        "operatingincomeloss": 261300000,
        "othernonoperatingincomeexpense": -1400000,
        "incomelossfromcontinuingoperationsbeforeincometaxesextraordinaryitemsnoncontrollinginterest": 160900000,
        "incometaxexpensebenefit": 19300000,
        "netincomeloss": 141600000,
        "earningspersharebasic": 0.56,
        "earningspersharediluted": 0.5399999999999998,
        "weightedaveragenumberofsharesoutstandingbasic": 200000,
        "weightedaveragenumberofdilutedsharesoutstanding": 100000,
        "comprehensiveincomenetoftax": 266700000
    },
    {
        "date": "2019-09-29",
        "symbol": "SSNC",
        "period": "Q3",
        "revenuefromcontractwithcustomerexcludingassessedtax": 960000000,
        "costofgoodsandservicessold": 567900000,
        "grossprofit": 501500000,
        "sellingandmarketingexpense": 88000000,
        "researchanddevelopmentexpense": 94900000,
        "generalandadministrativeexpense": 91000000,
        "operatingexpenses": 273900000,
        "operatingincomeloss": 227600000,
        "interestincomeexpensenonoperatingnet": -98500000,
        "othernonoperatingincomeexpense": -10300000,
        "incomelossfromcontinuingoperationsbeforeincometaxesextraordinaryitemsnoncontrollinginterest": 118700000,
        "incometaxexpensebenefit": 23700000,
        "netincomeloss": 95000000,
        "earningspersharebasic": 0.36999999999999994,
        "earningspersharediluted": 0.36000000000000015,
        "weightedaveragenumberofsharesoutstandingbasic": 300000,
        "weightedaveragenumberofdilutedsharesoutstanding": -900000,
        "comprehensiveincomenetoftax": 31900000
    },
    {
        "date": "2019-06-29",
        "symbol": "SSNC",
        "period": "Q2",
        "revenuefromcontractwithcustomerexcludingassessedtax": 1919600000,
        "costofgoodsandservicessold": 498100000,
        "grossprofit": 498900000,
        "sellingandmarketingexpense": 86300000,
        "researchanddevelopmentexpense": 93600000,
        "generalandadministrativeexpense": 95500000,
        "operatingexpenses": 275400000,
        "operatingincomeloss": 223500000,
        "interestincomeexpensenonoperatingnet": -104300000,
        "othernonoperatingincomeexpense": 33900000,
        "gainslossesonextinguishmentofdebt": 0,
        "incomelossfromcontinuingoperationsbeforeincometaxesextraordinaryitemsnoncontrollinginterest": 155300000,
        "incometaxexpensebenefit": 34200000,
        "netincomeloss": 121100000,
        "earningspersharebasic": 0.48000000000000004,
        "earningspersharediluted": 0.45,
        "weightedaveragenumberofsharesoutstandingbasic": 900000,
        "weightedaveragenumberofdilutedsharesoutstanding": 1300000,
        "comprehensiveincomenetoftax": 107300000
    },
    {
        "date": "2019-03-30",
        "symbol": "SSNC",
        "period": "Q1",
        "revenuefromcontractwithcustomerexcludingassessedtax": 15100000,
        "costofgoodsandservicessold": 661900000,
        "grossprofit": 475300000,
        "sellingandmarketingexpense": 87000000,
        "researchanddevelopmentexpense": 94800000,
        "generalandadministrativeexpense": 91500000,
        "operatingexpenses": 273300000,
        "operatingincomeloss": 202000000,
        "interestincomeexpensenonoperatingnet": -101600000,
        "othernonoperatingincomeexpense": 3500000,
        "gainslossesonextinguishmentofdebt": -7100000,
        "incomelossfromcontinuingoperationsbeforeincometaxesextraordinaryitemsnoncontrollinginterest": 96800000,
        "incometaxexpensebenefit": 16000000,
        "netincomeloss": 80800000,
        "earningspersharebasic": 0.32,
        "earningspersharediluted": 0.31,
        "weightedaveragenumberofsharesoutstandingbasic": 251500000,
        "weightedaveragenumberofdilutedsharesoutstanding": 263700000,
        "othercomprehensiveincomelossforeigncurrencytransactionandtranslationadjustmentnetoftax": 41800000,
        "othercomprehensiveincomelossnetoftax": 41800000,
        "comprehensiveincomenetoftax": 122600000
    },
    {
        "date": "2018-12-30",
        "symbol": "SSNC",
        "period": "Q4",
        "costofgoodsandservicessold": 638000000,
        "grossprofit": 473000000,
        "sellingandmarketingexpense": -900000,
        "researchanddevelopmentexpense": 104000000,
        "generalandadministrativeexpense": 80500000,
        "operatingexpenses": 260600000,
        "operatingincomeloss": 212400000,
        "othernonoperatingincomeexpense": -6600000,
        "incomelossfromcontinuingoperationsbeforeincometaxesextraordinaryitemsnoncontrollinginterest": 108900000,
        "incometaxexpensebenefit": 50200000,
        "netincomeloss": 37900000,
        "earningspersharebasic": 0.24,
        "earningspersharediluted": 0.22999999999999998,
        "weightedaveragenumberofsharesoutstandingbasic": 4400000,
        "weightedaveragenumberofdilutedsharesoutstanding": 4200000,
        "commonstockdividendspersharedeclared": 0.07999999999999999,
        "othercomprehensiveincomelossforeigncurrencytransactionandtranslationadjustmentnetoftax": -175700000,
        "othercomprehensiveincomelossnetoftax": -175700000,
        "comprehensiveincomenetoftax": -117000000
    },
    {
        "date": "2018-09-29",
        "symbol": "SSNC",
        "period": "Q3",
        "costofgoodsandservicessold": 809775000,
        "grossprofit": 550324000,
        "sellingandmarketingexpense": -10425000,
        "researchanddevelopmentexpense": 112970000,
        "generalandadministrativeexpense": 116557000,
        "operatingexpenses": 307802000,
        "operatingincomeloss": 242522000,
        "interestincomeexpensenet": -99226000,
        "othernonoperatingincomeexpense": -5084000,
        "incomelossfromcontinuingoperationsbeforeincometaxesextraordinaryitemsnoncontrollinginterest": 273343000,
        "incometaxexpensebenefit": 65192000,
        "netincomeloss": 201743000,
        "earningspersharebasic": 0.22000000000000003,
        "earningspersharediluted": 0.22000000000000003,
        "weightedaveragenumberofsharesoutstandingbasic": -215793000,
        "weightedaveragenumberofdilutedsharesoutstanding": -215056000,
        "commonstockdividendspersharedeclared": 0.07999999999999999,
        "othercomprehensiveincomelossforeigncurrencytransactionandtranslationadjustmentnetoftax": -36297000,
        "othercomprehensiveincomelossnetoftax": -54117000,
        "comprehensiveincomenetoftax": 165446000
    },
    {
        "date": "2018-06-29",
        "symbol": "SSNC",
        "period": "Q2",
        "revenuefromcontractwithcustomerexcludingassessedtax": 22600000,
        "costofgoodsandservicessold": 603500000,
        "grossprofit": 292300000,
        "sellingandmarketingexpense": -1200000,
        "researchanddevelopmentexpense": 89600000,
        "generalandadministrativeexpense": 108100000,
        "businesscombinationseparatelyrecognizedtransactionsexpensesandlossesrecognized": 91100000,
        "operatingexpenses": 343000000,
        "operatingincomeloss": -50700000,
        "interestincomeexpensenet": -70200000,
        "othernonoperatingincomeexpense": 600000,
        "incomelossfromequitymethodinvestments": 400000,
        "gainslossesonextinguishmentofdebt": -44400000,
        "incomelossfromcontinuingoperationsbeforeincometaxesextraordinaryitemsnoncontrollinginterest": -163600000,
        "incometaxexpensebenefit": -99900000,
        "netincomeloss": -63700000,
        "earningspersharebasic": -0.27,
        "earningspersharediluted": -0.27,
        "weightedaveragenumberofsharesoutstandingbasic": 236900000,
        "weightedaveragenumberofdilutedsharesoutstanding": 236900000,
        "commonstockdividendspersharedeclared": 0.07,
        "othercomprehensiveincomelossforeigncurrencytransactionandtranslationadjustmentnetoftax": -35700000,
        "othercomprehensiveincomelossnetoftax": -35700000,
        "comprehensiveincomenetoftax": -99400000
    },
    {
        "date": "2018-03-30",
        "symbol": "SSNC",
        "period": "Q1",
        "salesrevenueservicesgross": 294803000,
        "licenseandmaintenancerevenue": 4998000,
        "revenues": -175000,
        "costofservices": 167416000,
        "costofserviceslicensesandmaintenanceagreements": 62164000,
        "costofgoodsandservicessold": -175000,
        "grossprofit": 54376000,
        "sellingandmarketingexpense": 9125000,
        "researchanddevelopmentexpense": 11630000,
        "generalandadministrativeexpense": 8743000,
        "operatingexpenses": 29498000,
        "operatingincomeloss": 24878000,
        "interestincomeexpensenet": -4274000,
        "othernonoperatingincomeexpense": 19284000,
        "incomelossfromcontinuingoperationsbeforeincometaxesextraordinaryitemsnoncontrollinginterest": -93543000,
        "incometaxexpensebenefit": 6408000,
        "netincomeloss": -93543000,
        "earningspersharebasic": 0.25,
        "earningspersharediluted": 0.24,
        "weightedaveragenumberofsharesoutstandingbasic": 206993000,
        "weightedaveragenumberofdilutedsharesoutstanding": 217656000,
        "commonstockdividendspersharedeclared": 0.07,
        "othercomprehensiveincomelossforeigncurrencytransactionandtranslationadjustmentnetoftax": -12603000,
        "othercomprehensiveincomelossnetoftax": 5217000,
        "comprehensiveincomenetoftax": -106146000
    },
    {
        "date": "2017-09-29",
        "symbol": "SSNC",
        "period": "Q3",
        "salesrevenueservicesgross": 282133000,
        "licenseandmaintenancerevenue": 112819000,
        "recurringrevenues": 394952000,
        "licensesrevenue": 3576000,
        "technologyservicesrevenue": 19723000,
        "nonrecurringrevenues": 23299000,
        "revenues": -362000,
        "costofservices": 155497000,
        "costofserviceslicensesandmaintenanceagreements": 46662000,
        "costofrecurringrevenues": 202159000,
        "licensecosts": 642000,
        "technologyservicescosts": 17001000,
        "costofnonrecurringrevenues": 17643000,
        "costofgoodsandservicessold": -362000,
        "grossprofit": 54353000,
        "sellingandmarketingexpense": 7422000,
        "researchanddevelopmentexpense": 11784000,
        "generalandadministrativeexpense": 8243000,
        "operatingexpenses": 27449000,
        "operatingincomeloss": 26904000,
        "interestincomeexpensenet": -4484000,
        "othernonoperatingincomeexpense": 22319000,
        "incomelossfromcontinuingoperationsbeforeincometaxesextraordinaryitemsnoncontrollinginterest": -112529000,
        "incometaxexpensebenefit": 5249000,
        "netincomeloss": -112529000,
        "earningspersharebasic": 0.31000000000000005,
        "earningspersharediluted": 0.30000000000000004,
        "weightedaveragenumberofsharesoutstandingbasic": 540000,
        "weightedaveragenumberofdilutedsharesoutstanding": 602000,
        "commonstockdividendspersharedeclaredandpaid": 0.07,
        "othercomprehensiveincomelossforeigncurrencytransactionandtranslationadjustmentnetoftax": -36849000,
        "othercomprehensiveincomelossnetoftax": 19951000,
        "comprehensiveincomenetoftax": -149378000
    },
    {
        "date": "2017-06-29",
        "symbol": "SSNC",
        "period": "Q2",
        "salesrevenueservicesgross": 272518000,
        "licenseandmaintenancerevenue": 113614000,
        "recurringrevenues": 386132000,
        "licensesrevenue": 3822000,
        "technologyservicesrevenue": 21026000,
        "nonrecurringrevenues": 24848000,
        "revenues": -487000,
        "costofservices": 158888000,
        "costofserviceslicensesandmaintenanceagreements": 47280000,
        "costofrecurringrevenues": 206168000,
        "licensecosts": 650000,
        "technologyservicescosts": 16874000,
        "costofnonrecurringrevenues": 17524000,
        "costofgoodsandservicessold": -487000,
        "grossprofit": 48035000,
        "sellingandmarketingexpense": 7412000,
        "researchanddevelopmentexpense": 11852000,
        "generalandadministrativeexpense": 8331000,
        "operatingexpenses": 27595000,
        "operatingincomeloss": 20440000,
        "interestincomeexpensenet": -4466000,
        "othernonoperatingincomeexpense": 14251000,
        "gainslossesonextinguishmentofdebt": 0,
        "incomelossfromcontinuingoperationsbeforeincometaxesextraordinaryitemsnoncontrollinginterest": -86027000,
        "incometaxexpensebenefit": 4162000,
        "netincomeloss": -86027000,
        "earningspersharebasic": 0.25,
        "earningspersharediluted": 0.23999999999999996,
        "weightedaveragenumberofsharesoutstandingbasic": 590000,
        "weightedaveragenumberofdilutedsharesoutstanding": 774000,
        "commonstockdividendspersharedeclaredandpaid": 0.0625,
        "othercomprehensiveincomelossforeigncurrencytransactionandtranslationadjustmentnetoftax": -39864000,
        "othercomprehensiveincomelossnetoftax": 20966000,
        "comprehensiveincomenetoftax": -125891000
    },
    {
        "date": "2017-03-30",
        "symbol": "SSNC",
        "period": "Q1",
        "salesrevenueservicesgross": 276452000,
        "licenseandmaintenancerevenue": 110557000,
        "recurringrevenues": 387009000,
        "licensesrevenue": 2828000,
        "technologyservicesrevenue": 17862000,
        "nonrecurringrevenues": 20690000,
        "revenues": -435000,
        "costofservices": 154006000,
        "costofserviceslicensesandmaintenanceagreements": 46985000,
        "costofrecurringrevenues": 200991000,
        "licensecosts": 565000,
        "technologyservicescosts": 15903000,
        "costofnonrecurringrevenues": 16468000,
        "costofgoodsandservicessold": -435000,
        "grossprofit": 48963000,
        "sellingandmarketingexpense": 7617000,
        "researchanddevelopmentexpense": 11280000,
        "generalandadministrativeexpense": 9224000,
        "operatingexpenses": 28121000,
        "operatingincomeloss": 20842000,
        "interestincomeexpensenet": -5203000,
        "othernonoperatingincomeexpense": 17660000,
        "gainslossesonextinguishmentofdebt": -583000,
        "incomelossfromcontinuingoperationsbeforeincometaxesextraordinaryitemsnoncontrollinginterest": -85589000,
        "incometaxexpensebenefit": 4087000,
        "netincomeloss": -85589000,
        "earningspersharebasic": 0.24,
        "earningspersharediluted": 0.23,
        "weightedaveragenumberofsharesoutstandingbasic": 203376000,
        "weightedaveragenumberofdilutedsharesoutstanding": 209704000,
        "commonstockdividendspersharedeclaredandpaid": 0.0625,
        "othercomprehensiveincomelossforeigncurrencytransactionandtranslationadjustmentnetoftax": -20888000,
        "othercomprehensiveincomelossnetoftax": 10779000,
        "comprehensiveincomenetoftax": -106477000
    },
    {
        "date": "2016-12-30",
        "symbol": "SSNC",
        "period": "Q4",
        "licenseandmaintenancerevenue": 109273000,
        "recurringrevenues": 366973000,
        "licensesrevenue": 9317000,
        "technologyservicesrevenue": 24634000,
        "nonrecurringrevenues": 33951000,
        "costofservices": 141311000,
        "costofserviceslicensesandmaintenanceagreements": 45298000,
        "costofrecurringrevenues": 186609000,
        "licensecosts": 650000,
        "technologyservicescosts": 18040000,
        "costofnonrecurringrevenues": 18690000,
        "costofgoodsandservicessold": -503000,
        "grossprofit": 60070000,
        "sellingandmarketingexpense": 7620000,
        "researchanddevelopmentexpense": 10858000,
        "generalandadministrativeexpense": 9604000,
        "operatingexpenses": 28082000,
        "operatingincomeloss": 31988000,
        "othernonoperatingincomeexpense": 763000,
        "incomelossfromcontinuingoperationsbeforeincometaxesextraordinaryitemsnoncontrollinginterest": -82703000,
        "incometaxexpensebenefit": 10021000,
        "netincomeloss": -82703000,
        "earningspersharebasic": 0.25,
        "weightedaveragenumberofsharesoutstandingbasic": -299055000,
        "earningspersharediluted": 0.24,
        "weightedaveragenumberofdilutedsharesoutstanding": -307889000,
        "othercomprehensiveincomelossforeigncurrencytransactionandtranslationadjustmentnetoftax": 31995000,
        "othercomprehensiveincomelossnetoftax": -26371000,
        "comprehensiveincomenetoftax": -45935000
    },
    {
        "date": "2016-09-29",
        "symbol": "SSNC",
        "period": "Q3",
        "salesrevenueservicesgross": 248772000,
        "licenseandmaintenancerevenue": 106925000,
        "recurringrevenues": 355697000,
        "licensesrevenue": 4389000,
        "technologyservicesrevenue": 23218000,
        "nonrecurringrevenues": 27607000,
        "revenues": -431000,
        "costofservices": 143074000,
        "costofserviceslicensesandmaintenanceagreements": 45458000,
        "costofrecurringrevenues": 188532000,
        "licensecosts": 608000,
        "technologyservicescosts": 18887000,
        "costofnonrecurringrevenues": 19495000,
        "costofgoodsandservicessold": -431000,
        "grossprofit": 50296000,
        "sellingandmarketingexpense": 6880000,
        "researchanddevelopmentexpense": 11126000,
        "generalandadministrativeexpense": 8521000,
        "operatingexpenses": 26527000,
        "operatingincomeloss": 23769000,
        "interestincomeexpensenet": -6185000,
        "othernonoperatingincomeexpense": 18019000,
        "incomelossfromcontinuingoperationsbeforeincometaxesextraordinaryitemsnoncontrollinginterest": -78081000,
        "incometaxexpensebenefit": 5081000,
        "netincomeloss": -78081000,
        "earningspersharebasic": 0.19,
        "weightedaveragenumberofsharesoutstandingbasic": 201782000,
        "earningspersharediluted": 0.19,
        "weightedaveragenumberofdilutedsharesoutstanding": 206635000,
        "othercomprehensiveincomelossforeigncurrencytransactionandtranslationadjustmentnetoftax": 22904000,
        "othercomprehensiveincomelossnetoftax": -12060000,
        "comprehensiveincomenetoftax": -55177000
    },
    {
        "date": "2016-06-29",
        "symbol": "SSNC",
        "period": "Q2",
        "salesrevenueservicesgross": 244672000,
        "licenseandmaintenancerevenue": 103392000,
        "recurringrevenues": 348064000,
        "licensesrevenue": 5039000,
        "technologyservicesrevenue": 19974000,
        "nonrecurringrevenues": 25013000,
        "revenues": -423000,
        "costofservices": 146243000,
        "costofserviceslicensesandmaintenanceagreements": 46460000,
        "costofrecurringrevenues": 192703000,
        "licensecosts": 643000,
        "technologyservicescosts": 17133000,
        "costofnonrecurringrevenues": 17776000,
        "costofgoodsandservicessold": -423000,
        "grossprofit": 43544000,
        "sellingandmarketingexpense": 7417000,
        "researchanddevelopmentexpense": 11974000,
        "generalandadministrativeexpense": 8597000,
        "operatingexpenses": 27988000,
        "operatingincomeloss": 15556000,
        "interestincomeexpensenet": -6485000,
        "othernonoperatingincomeexpense": 17629000,
        "incomelossfromcontinuingoperationsbeforeincometaxesextraordinaryitemsnoncontrollinginterest": -60557000,
        "incometaxexpensebenefit": 3177000,
        "netincomeloss": -60557000,
        "earningspersharebasic": 0.14,
        "weightedaveragenumberofsharesoutstandingbasic": 198765000,
        "earningspersharediluted": 0.14,
        "weightedaveragenumberofdilutedsharesoutstanding": 204916000,
        "othercomprehensiveincomelossforeigncurrencytransactionandtranslationadjustmentnetoftax": 54014000,
        "othercomprehensiveincomelossnetoftax": -26793000,
        "comprehensiveincomenetoftax": -6543000
    },
    {
        "date": "2016-03-30",
        "symbol": "SSNC",
        "period": "Q1",
        "salesrevenueservicesnet": 205647000,
        "licenseandmaintenancerevenue": 95120000,
        "recurringrevenues": 300767000,
        "licensesrevenue": 5215000,
        "technologyservicesrevenue": 18149000,
        "nonrecurringrevenues": 23364000,
        "salesrevenuenet": -442000,
        "costofservices": 113728000,
        "costofserviceslicensesandmaintenanceagreements": 46946000,
        "costofrecurringrevenues": 160674000,
        "licensecosts": 498000,
        "technologyservicescosts": 15512000,
        "costofnonrecurringrevenues": 16010000,
        "costofgoodsandservicessold": -442000,
        "grossprofit": 41960000,
        "sellingandmarketingexpense": 7114000,
        "researchanddevelopmentexpense": 11083000,
        "generalandadministrativeexpense": 8216000,
        "operatingexpenses": 26413000,
        "operatingincomeloss": 15547000,
        "interestexpense": 6524000,
        "othernonoperatingincomeexpense": 12554000,
        "incomelossfromcontinuingoperationsbeforeincometaxesextraordinaryitemsnoncontrollinginterest": -33491000,
        "incometaxexpensebenefit": 3740000,
        "netincomeloss": -33491000,
        "earningspersharebasic": 0.07,
        "weightedaveragenumberofsharesoutstandingbasic": 98760000,
        "earningspersharediluted": 0.07,
        "weightedaveragenumberofdilutedsharesoutstanding": 102131000,
        "othercomprehensiveincomelossforeigncurrencytransactionandtranslationadjustmentnetoftax": 4773000,
        "othercomprehensiveincomelossnetoftax": 9321000,
        "comprehensiveincomenetoftax": -33491000
    },
    {
        "date": "2015-12-30",
        "symbol": "SSNC",
        "period": "Q4",
        "salesrevenuenet": -698128000,
        "costofgoodsandservicessold": 158676000,
        "grossprofit": 142212000,
        "sellingandmarketingexpense": 30550000,
        "researchanddevelopmentexpense": 35898000,
        "generalandadministrativeexpense": 27462000,
        "operatingexpenses": 93910000,
        "operatingincomeloss": 48302000,
        "interestexpense": 35669000,
        "othernonoperatingincomeexpense": -1404000,
        "incometaxexpensebenefit": 1107000,
        "netincomeloss": 12098000,
        "earningspersharebasic": 0.05999999999999994,
        "weightedaveragenumberofsharesoutstandingbasic": -175423000,
        "earningspersharediluted": 0.07000000000000006,
        "weightedaveragenumberofdilutedsharesoutstanding": -179413000,
        "othercomprehensiveincomelossforeigncurrencytransactionandtranslationadjustmentnetoftax": -16633000,
        "othercomprehensiveincomelossnetoftax": -16633000,
        "comprehensiveincomenetoftax": -4535000
    },
    {
        "date": "2015-09-29",
        "symbol": "SSNC",
        "period": "Q3",
        "recurringrevenues": 260841000,
        "nonrecurringrevenues": 20053000,
        "salesrevenuenet": 280894000,
        "costofrecurringrevenues": 139542000,
        "costofnonrecurringrevenues": 12322000,
        "costofgoodsandservicessold": 151864000,
        "grossprofit": 129030000,
        "sellingandmarketingexpense": 37082000,
        "researchanddevelopmentexpense": 37389000,
        "generalandadministrativeexpense": 39607000,
        "operatingexpenses": 114078000,
        "operatingincomeloss": 14952000,
        "interestexpense": 32645000,
        "othernonoperatingincomeexpense": 6953000,
        "gainslossesonextinguishmentofdebt": -30417000,
        "incomelossfromcontinuingoperationsbeforeincometaxesextraordinaryitemsnoncontrollinginterest": -41157000,
        "incometaxexpensebenefit": -6547000,
        "netincomeloss": -34610000,
        "earningspersharebasic": -0.36,
        "weightedaveragenumberofsharesoutstandingbasic": 96853000,
        "earningspersharediluted": -0.36,
        "weightedaveragenumberofdilutedsharesoutstanding": 96853000,
        "othercomprehensiveincomelossforeigncurrencytransactionandtranslationadjustmentnetoftax": -38005000,
        "othercomprehensiveincomelossnetoftax": -38005000,
        "comprehensiveincomenetoftax": -72615000
    },
    {
        "date": "2015-06-29",
        "symbol": "SSNC",
        "period": "Q2",
        "salesrevenueservicesnet": 150123000,
        "licensesrevenue": 16090000,
        "maintenancerevenue": 35836000,
        "technologyservicesrevenue": 10719000,
        "salesrevenuenet": 212768000,
        "costofservices": 88548000,
        "licensecosts": 1390000,
        "maintenancecosts": 11969000,
        "technologyservicescosts": 7596000,
        "costofgoodsandservicessold": 109503000,
        "grossprofit": 103265000,
        "sellingandmarketingexpense": 13931000,
        "researchanddevelopmentexpense": 17520000,
        "generalandadministrativeexpense": 13463000,
        "operatingexpenses": 44914000,
        "operatingincomeloss": 58351000,
        "interestexpense": 5419000,
        "othernonoperatingincomeexpense": -164000,
        "incomelossfromcontinuingoperationsbeforeincometaxesextraordinaryitemsnoncontrollinginterest": 52768000,
        "incometaxexpensebenefit": 13640000,
        "netincomeloss": 39128000,
        "earningspersharebasic": 0.46,
        "weightedaveragenumberofsharesoutstandingbasic": 85405000,
        "earningspersharediluted": 0.44,
        "weightedaveragenumberofdilutedsharesoutstanding": 89552000,
        "othercomprehensiveincomelossforeigncurrencytransactionandtranslationadjustmentnetoftax": 22808000,
        "othercomprehensiveincomelossnetoftax": 22808000,
        "comprehensiveincomenetoftax": 61936000
    },
    {
        "date": "2015-03-30",
        "symbol": "SSNC",
        "period": "Q1",
        "salesrevenueservicesnet": 153567000,
        "licensesrevenue": 7326000,
        "maintenancerevenue": 35718000,
        "technologyservicesrevenue": 9124000,
        "salesrevenuenet": 205735000,
        "costofservices": 88602000,
        "licensecosts": 1390000,
        "maintenancecosts": 13801000,
        "technologyservicescosts": 8514000,
        "costofgoodsandservicessold": 112307000,
        "grossprofit": 93428000,
        "sellingandmarketingexpense": 13387000,
        "researchanddevelopmentexpense": 19608000,
        "generalandadministrativeexpense": 17300000,
        "operatingexpenses": 50295000,
        "operatingincomeloss": 43133000,
        "interestexpense": 5600000,
        "othernonoperatingincomeexpense": -1507000,
        "incomelossfromcontinuingoperationsbeforeincometaxesminorityinterestandincomelossfromequitymethodinvestments": 36026000,
        "incometaxexpensebenefit": 9780000,
        "netincomeloss": 26246000,
        "earningspersharebasic": 0.31,
        "weightedaveragenumberofsharesoutstandingbasic": 84263000,
        "earningspersharediluted": 0.3,
        "weightedaveragenumberofdilutedsharesoutstanding": 88456000,
        "othercomprehensiveincomelossforeigncurrencytransactionandtranslationadjustmentnetoftax": -36219000,
        "othercomprehensiveincomelossnetoftax": -36219000,
        "comprehensiveincomenetoftax": -9973000
    },
    {
        "date": "2014-09-29",
        "symbol": "SSNC",
        "period": "Q3",
        "salesrevenueservicesnet": 149285000,
        "licensesrevenue": 9196000,
        "maintenancerevenue": 25595000,
        "technologyservicesrevenue": 8522000,
        "salesrevenuenet": 192598000,
        "costofservices": 84978000,
        "licensecosts": 892000,
        "maintenancecosts": 9990000,
        "technologyservicescosts": 5523000,
        "costofgoodsandservicessold": 101383000,
        "grossprofit": 91215000,
        "sellingandmarketingexpense": 11581000,
        "researchanddevelopmentexpense": 13935000,
        "generalandadministrativeexpense": 11336000,
        "operatingexpenses": 36852000,
        "operatingincomeloss": 54363000,
        "interestexpense": 6071000,
        "othernonoperatingincomeexpense": 1532000,
        "incomelossfromcontinuingoperationsbeforeincometaxesminorityinterestandincomelossfromequitymethodinvestments": 49824000,
        "incometaxexpensebenefit": 8997000,
        "netincomeloss": 40827000,
        "earningspersharebasic": 0.49,
        "weightedaveragenumberofsharesoutstandingbasic": 83532000,
        "earningspersharediluted": 0.47,
        "weightedaveragenumberofdilutedsharesoutstanding": 87392000,
        "othercomprehensiveincomelossforeigncurrencytransactionandtranslationadjustmentnetoftax": -31850000,
        "othercomprehensiveincomelossnetoftax": -31850000,
        "comprehensiveincomenetoftax": 8977000
    },
    {
        "date": "2014-06-29",
        "symbol": "SSNC",
        "period": "Q2",
        "salesrevenueservicesnet": 145547000,
        "licensesrevenue": 9866000,
        "maintenancerevenue": 25691000,
        "technologyservicesrevenue": 7618000,
        "salesrevenuenet": 188722000,
        "costofservices": 86040000,
        "licensecosts": 806000,
        "maintenancecosts": 10077000,
        "technologyservicescosts": 5310000,
        "costofgoodsandservicessold": 102233000,
        "grossprofit": 86489000,
        "sellingandmarketingexpense": 12203000,
        "researchanddevelopmentexpense": 13939000,
        "generalandadministrativeexpense": 14958000,
        "operatingexpenses": 41100000,
        "operatingincomeloss": 45389000,
        "interestexpense": 6569000,
        "othernonoperatingincomeexpense": -59000,
        "incomelossfromcontinuingoperationsbeforeincometaxesminorityinterestandincomelossfromequitymethodinvestments": 38761000,
        "incometaxexpensebenefit": 11516000,
        "netincomeloss": 27245000,
        "earningspersharebasic": 0.33,
        "weightedaveragenumberofsharesoutstandingbasic": 83118000,
        "earningspersharediluted": 0.31,
        "weightedaveragenumberofdilutedsharesoutstanding": 87091000,
        "othercomprehensiveincomelossforeigncurrencytransactionandtranslationadjustmentnetoftax": 15922000,
        "othercomprehensiveincomelossnetoftax": 15922000,
        "comprehensiveincomenetoftax": 43167000
    },
    {
        "date": "2014-03-30",
        "symbol": "SSNC",
        "period": "Q1",
        "softwareenabledservices": 145383000,
        "licensesrevenue": 7499000,
        "maintenancerevenue": 25526000,
        "technologyservicesrevenue": 7402000,
        "salesrevenuenet": 185810000,
        "softwareenabledservicescost": 85691000,
        "licensecosts": 851000,
        "maintenancecosts": 9931000,
        "technologyservicescosts": 5026000,
        "costofgoodsandservicessold": 101499000,
        "grossprofit": 84311000,
        "sellingandmarketingexpense": 11898000,
        "researchanddevelopmentexpense": 13587000,
        "generalandadministrativeexpense": 11801000,
        "operatingexpenses": 37286000,
        "operatingincomeloss": 47025000,
        "interestexpense": 7098000,
        "othernonoperatingincomeexpense": -686000,
        "incomelossfromcontinuingoperationsbeforeincometaxesminorityinterestandincomelossfromequitymethodinvestments": 39241000,
        "incometaxexpensebenefit": 12793000,
        "netincomeloss": 26448000,
        "earningspersharebasic": 0.32,
        "weightedaveragenumberofsharesoutstandingbasic": 82722000,
        "earningspersharediluted": 0.3,
        "weightedaveragenumberofdilutedsharesoutstanding": 86901000,
        "othercomprehensiveincomelossforeigncurrencytransactionandtranslationadjustmentnetoftax": -6306000,
        "othercomprehensiveincomelossnetoftax": -6306000,
        "comprehensiveincomenetoftax": 20142000
    },
    {
        "date": "2013-09-29",
        "symbol": "SSNC",
        "period": "Q3",
        "softwareenabledservices": 138123000,
        "licensesrevenue": 8184000,
        "maintenancerevenue": 26178000,
        "technologyservicesrevenue": 7020000,
        "salesrevenuenet": 161451000,
        "softwareenabledservicescost": 79875000,
        "licensecosts": 1286000,
        "maintenancecosts": 10150000,
        "technologyservicescosts": 4884000,
        "costofgoodsandservicessold": 96195000,
        "grossprofit": 83310000,
        "sellingandmarketingexpense": 10849000,
        "researchanddevelopmentexpense": 13117000,
        "generalandadministrativeexpense": 11480000,
        "operatingexpenses": 35446000,
        "operatingincomeloss": 47864000,
        "interestexpense": 9036000,
        "othernonoperatingincomeexpense": -110000,
        "incomelossfromcontinuingoperationsbeforeincometaxesminorityinterestandincomelossfromequitymethodinvestments": 38718000,
        "incometaxexpensebenefit": -4748000,
        "netincomeloss": 43466000,
        "earningspersharebasic": 0.53,
        "weightedaveragenumberofsharesoutstandingbasic": 81784000,
        "earningspersharediluted": 0.51,
        "weightedaveragenumberofdilutedsharesoutstanding": 86068000,
        "othercomprehensiveincomelossforeigncurrencytransactionandtranslationadjustmentnetoftax": 21807000,
        "othercomprehensiveincomelossnetoftax": 21807000,
        "comprehensiveincomenetoftax": 65273000
    },
    {
        "date": "2013-06-29",
        "symbol": "SSNC",
        "period": "Q2",
        "softwareenabledservices": 138047000,
        "licensesrevenue": 6626000,
        "maintenancerevenue": 25410000,
        "technologyservicesrevenue": 7374000,
        "salesrevenuenet": 159553000,
        "softwareenabledservicescost": 80245000,
        "licensecosts": 1348000,
        "maintenancecosts": 10283000,
        "technologyservicescosts": 4885000,
        "costofgoodsandservicessold": 96761000,
        "grossprofit": 80696000,
        "sellingandmarketingexpense": 10563000,
        "researchanddevelopmentexpense": 13639000,
        "generalandadministrativeexpense": 11202000,
        "operatingexpenses": 35404000,
        "operatingincomeloss": 45292000,
        "interestexpense": 11784000,
        "othernonoperatingincomeexpense": 2370000,
        "incomelossfromcontinuingoperationsbeforeincometaxesminorityinterestandincomelossfromequitymethodinvestments": 35878000,
        "incometaxexpensebenefit": 9759000,
        "netincomeloss": 26119000,
        "earningspersharebasic": 0.32,
        "weightedaveragenumberofsharesoutstandingbasic": 81186000,
        "earningspersharediluted": 0.31,
        "weightedaveragenumberofdilutedsharesoutstanding": 85280000,
        "othercomprehensiveincomelossforeigncurrencytransactionandtranslationadjustmentnetoftax": -13830000,
        "othercomprehensiveincomelossnetoftax": -13830000,
        "comprehensiveincomenetoftax": 12289000
    },
    {
        "date": "2013-03-30",
        "symbol": "SSNC",
        "period": "Q1",
        "softwareenabledservices": 135739000,
        "licensesrevenue": 6070000,
        "maintenancerevenue": 26015000,
        "technologyservicesrevenue": 5394000,
        "salesrevenuenet": 446000,
        "softwareenabledservicescost": 80727000,
        "licensecosts": 1274000,
        "maintenancecosts": 10520000,
        "technologyservicescosts": 4920000,
        "costofgoodsandservicessold": 97441000,
        "grossprofit": 75777000,
        "sellingandmarketingexpense": 9464000,
        "researchanddevelopmentexpense": 13802000,
        "generalandadministrativeexpense": 10515000,
        "operatingexpenses": 33781000,
        "operatingincomeloss": 41996000,
        "interestexpense": 12505000,
        "othernonoperatingincomeexpense": 146000,
        "incomelossfromcontinuingoperationsbeforeincometaxesminorityinterestandincomelossfromequitymethodinvestments": 29637000,
        "incometaxexpensebenefit": 8208000,
        "netincomeloss": 21429000,
        "earningspersharebasic": 0.27,
        "weightedaveragenumberofsharesoutstandingbasic": 79340000,
        "earningspersharediluted": 0.26,
        "weightedaveragenumberofdilutedsharesoutstanding": 83770000,
        "othercomprehensiveincomelossforeigncurrencytransactionandtranslationadjustmentnetoftax": -27380000,
        "othercomprehensiveincomelossnetoftax": -27380000,
        "comprehensiveincomenetoftax": -5951000
    },
    {
        "date": "2012-03-30",
        "symbol": "SSNC",
        "period": "Q1",
        "licensesrevenue": 3810000,
        "maintenancerevenue": 19498000,
        "technologyservicesrevenue": 5792000,
        "softwareenabledservices": 64575000,
        "salesrevenuenet": 93675000,
        "licensecosts": 1302000,
        "maintenancecosts": 8666000,
        "technologyservicescosts": 3972000,
        "softwareenabledservicescost": 32912000,
        "costofgoodsandservicessold": 46852000,
        "grossprofit": 46823000,
        "sellingandmarketingexpense": 7372000,
        "researchanddevelopmentexpense": 8639000,
        "generalandadministrativeexpense": 4588000,
        "transactioncosts": 4153000,
        "operatingexpenses": 24752000,
        "operatingincomeloss": 22071000,
        "interestexpense": 549000,
        "othernonoperatingincomeexpense": 4126000,
        "incomelossfromcontinuingoperationsbeforeincometaxesminorityinterestandincomelossfromequitymethodinvestments": 25648000,
        "incometaxexpensebenefit": 7765000,
        "netincomeloss": 17883000,
        "earningspersharebasic": 0.23,
        "weightedaveragenumberofsharesoutstandingbasic": 77718000,
        "earningspersharediluted": 0.22,
        "weightedaveragenumberofdilutedsharesoutstanding": 82007000,
        "othercomprehensiveincomeforeigncurrencytransactionandtranslationadjustmentnetoftaxperiodincreasedecrease": 6798000,
        "othercomprehensiveincomelossnetoftaxperiodincreasedecrease": 6798000,
        "comprehensiveincomenetoftax": 24681000
    }
]