[
    {
        "date": "2024-09-29",
        "symbol": "HUBS",
        "period": "Q3",
        "revenuefromcontractwithcustomerexcludingassessedtax": 669721000,
        "costofgoodsandservicessold": 99324000,
        "grossprofit": 570397000,
        "researchanddevelopmentexpense": 191185000,
        "sellingandmarketingexpense": 309928000,
        "generalandadministrativeexpense": 77928000,
        "restructuringcharges": 1000000,
        "operatingexpenses": 580028000,
        "operatingincomeloss": -9631000,
        "investmentincomeinterest": 21780000,
        "interestexpensenonoperating": 936000,
        "othernonoperatingincomeexpense": -565000,
        "nonoperatingincomeexpense": 20279000,
        "incomelossfromcontinuingoperationsbeforeincometaxesextraordinaryitemsnoncontrollinginterest": 10648000,
        "incometaxexpensebenefit": 2502000,
        "netincomeloss": 8146000,
        "earningspersharebasic": 0.16,
        "earningspersharediluted": 0.16,
        "weightedaveragenumberofsharesoutstandingbasic": 51354000,
        "weightedaveragenumberofdilutedsharesoutstanding": 51778000,
        "othercomprehensiveincomeforeigncurrencytransactionandtranslationadjustmentnetoftaxportionattributabletoparent": 5349000,
        "othercomprehensiveincomeavailableforsalesecuritiesadjustmentnetoftaxportionattributabletoparent": 5612000,
        "othercomprehensiveincomelosscashflowhedgegainlossafterreclassificationandtaxparent": -490000,
        "comprehensiveincomenetoftax": 18617000,
        "othercomprehensiveincomelosscashflowhedgegainlossafterreclassificationtaxparent": 52000
    },
    {
        "date": "2024-03-30",
        "symbol": "HUBS",
        "period": "Q1",
        "revenuefromcontractwithcustomerexcludingassessedtax": 603798000,
        "costofgoodsandservicessold": 80725000,
        "grossprofit": 522326000,
        "researchanddevelopmentexpense": 175637000,
        "sellingandmarketingexpense": 300282000,
        "generalandadministrativeexpense": 68858000,
        "restructuringcharges": 782000,
        "operatingexpenses": 545559000,
        "operatingincomeloss": -23233000,
        "investmentincomeinterest": 18727000,
        "interestexpense": 935000,
        "othernonoperatingincomeexpense": 13161000,
        "nonoperatingincomeexpense": 30953000,
        "incomelossfromcontinuingoperationsbeforeincometaxesextraordinaryitemsnoncontrollinginterest": 7720000,
        "incometaxexpensebenefit": 1786000,
        "netincomeloss": 5934000,
        "earningspersharebasic": 0.12,
        "earningspersharediluted": 0.12,
        "weightedaveragenumberofsharesoutstandingbasic": 50689000,
        "weightedaveragenumberofdilutedsharesoutstanding": 51498000,
        "othercomprehensiveincomeforeigncurrencytransactionandtranslationadjustmentnetoftaxportionattributabletoparent": -2044000,
        "othercomprehensiveincomeavailableforsalesecuritiesadjustmentnetoftaxportionattributabletoparent": -2763000,
        "comprehensiveincomenetoftax": -1127000
    },
    {
        "date": "2023-12-30",
        "symbol": "HUBS",
        "period": "Q4",
        "revenuefromcontractwithcustomerexcludingassessedtax": 1043334000,
        "costofgoodsandservicessold": 61396000,
        "grossprofit": 493284000,
        "researchanddevelopmentexpense": 163236000,
        "sellingandmarketingexpense": 281135000,
        "generalandadministrativeexpense": 69714000,
        "restructuringcharges": 3639000,
        "operatingexpenses": 517632000,
        "operatingincomeloss": -24348000,
        "investmentincomeinterest": 18633000,
        "interestexpense": 984000,
        "othernonoperatingincomeexpense": -2545000,
        "nonoperatingincomeexpense": 15104000,
        "incomelossfromcontinuingoperationsbeforeincometaxesextraordinaryitemsnoncontrollinginterest": -9244000,
        "incometaxexpensebenefit": 4360000,
        "netincomeloss": -13604000,
        "earningspersharebasic": -0.24999999999999978,
        "earningspersharediluted": -0.24999999999999978,
        "weightedaveragenumberofsharesoutstandingbasic": 49877000,
        "weightedaveragenumberofdilutedsharesoutstanding": 49877000,
        "othercomprehensiveincomeforeigncurrencytransactionandtranslationadjustmentnetoftaxportionattributabletoparent": 5826000,
        "othercomprehensiveincomeavailableforsalesecuritiesadjustmentnetoftaxportionattributabletoparent": 5379000,
        "comprehensiveincomenetoftax": -2399000
    },
    {
        "date": "2023-09-29",
        "symbol": "HUBS",
        "period": "Q3",
        "revenuefromcontractwithcustomerexcludingassessedtax": 545832000,
        "costofgoodsandservicessold": 73781000,
        "grossprofit": 470031000,
        "researchanddevelopmentexpense": 156871000,
        "sellingandmarketingexpense": 271448000,
        "generalandadministrativeexpense": 61308000,
        "restructuringcharges": 846000,
        "operatingexpenses": 490473000,
        "operatingincomeloss": -20442000,
        "investmentincomeinterest": 16181000,
        "interestexpense": 950000,
        "othernonoperatingincomeexpense": -1664000,
        "nonoperatingincomeexpense": 13567000,
        "incomelossfromcontinuingoperationsbeforeincometaxesextraordinaryitemsnoncontrollinginterest": -6875000,
        "incometaxexpensebenefit": -1412000,
        "netincomeloss": -5463000,
        "earningspersharebasic": -0.11,
        "earningspersharediluted": -0.11,
        "weightedaveragenumberofsharesoutstandingbasic": 50051000,
        "weightedaveragenumberofdilutedsharesoutstanding": 50051000,
        "othercomprehensiveincomeforeigncurrencytransactionandtranslationadjustmentnetoftaxportionattributabletoparent": -2832000,
        "othercomprehensiveincomeavailableforsalesecuritiesadjustmentnetoftaxportionattributabletoparent": 1839000,
        "comprehensiveincomenetoftax": -6456000
    },
    {
        "date": "2023-06-29",
        "symbol": "HUBS",
        "period": "Q2",
        "revenuefromcontractwithcustomerexcludingassessedtax": 44570000,
        "costofgoodsandservicessold": 87286000,
        "grossprofit": 441852000,
        "researchanddevelopmentexpense": 169955000,
        "sellingandmarketingexpense": 265294000,
        "generalandadministrativeexpense": 61222000,
        "restructuringcharges": 63788000,
        "operatingexpenses": 560351000,
        "operatingincomeloss": -118499000,
        "investmentincomeinterest": 13542000,
        "interestexpense": 937000,
        "othernonoperatingincomeexpense": 330000,
        "nonoperatingincomeexpense": 12935000,
        "incomelossfromcontinuingoperationsbeforeincometaxesextraordinaryitemsnoncontrollinginterest": -105564000,
        "incometaxexpensebenefit": 13382000,
        "netincomeloss": -118946000,
        "earningspersharebasic": -2.39,
        "earningspersharediluted": -2.39,
        "weightedaveragenumberofsharesoutstandingbasic": 49703000,
        "weightedaveragenumberofdilutedsharesoutstanding": 49703000,
        "othercomprehensiveincomeforeigncurrencytransactionandtranslationadjustmentnetoftaxportionattributabletoparent": 399000,
        "othercomprehensiveincomeavailableforsalesecuritiesadjustmentnetoftaxportionattributabletoparent": -1028000,
        "comprehensiveincomenetoftax": -119575000
    },
    {
        "date": "2023-03-30",
        "symbol": "HUBS",
        "period": "Q1",
        "revenuefromcontractwithcustomerexcludingassessedtax": 489743000,
        "costofgoodsandservicessold": 68339000,
        "grossprofit": 419574000,
        "researchanddevelopmentexpense": 127683000,
        "sellingandmarketingexpense": 250683000,
        "generalandadministrativeexpense": 57405000,
        "restructuringcharges": 28570000,
        "operatingexpenses": 464341000,
        "operatingincomeloss": -44767000,
        "investmentincomeinterest": 10472000,
        "interestexpense": 930000,
        "othernonoperatingincomeexpense": -794000,
        "nonoperatingincomeexpense": 8748000,
        "incomelossfromcontinuingoperationsbeforeincometaxesextraordinaryitemsnoncontrollinginterest": -36019000,
        "incometaxexpensebenefit": 2263000,
        "netincomeloss": -38282000,
        "earningspersharebasic": -0.78,
        "earningspersharediluted": -0.78,
        "weightedaveragenumberofsharesoutstandingbasic": 49395000,
        "weightedaveragenumberofdilutedsharesoutstanding": 49395000,
        "othercomprehensiveincomeforeigncurrencytransactionandtranslationadjustmentnetoftaxportionattributabletoparent": 627000,
        "othercomprehensiveincomeavailableforsalesecuritiesadjustmentnetoftaxportionattributabletoparent": 4507000,
        "comprehensiveincomenetoftax": -33148000
    },
    {
        "date": "2022-12-30",
        "symbol": "HUBS",
        "period": "Q4",
        "revenuefromcontractwithcustomerexcludingassessedtax": 458151000,
        "costofgoodsandservicessold": 66050000,
        "grossprofit": 389392000,
        "researchanddevelopmentexpense": 116334000,
        "sellingandmarketingexpense": 235132000,
        "generalandadministrativeexpense": 51410000,
        "operatingexpenses": 402876000,
        "operatingincomeloss": -13484000,
        "investmentincomeinterest": 7777000,
        "interestexpense": 940000,
        "othernonoperatingincomeexpense": -6245000,
        "nonoperatingincomeexpense": 592000,
        "incomelossfromcontinuingoperationsbeforeincometaxesextraordinaryitemsnoncontrollinginterest": -12892000,
        "incometaxexpensebenefit": 2744000,
        "netincomeloss": -15636000,
        "othercomprehensiveincomeforeigncurrencytransactionandtranslationadjustmentnetoftaxportionattributabletoparent": 3280000,
        "othercomprehensiveincomeavailableforsalesecuritiesadjustmentnetoftaxportionattributabletoparent": 1341000,
        "comprehensiveincomenetoftax": -11015000
    },
    {
        "date": "2022-09-29",
        "symbol": "HUBS",
        "period": "Q3",
        "revenuefromcontractwithcustomerexcludingassessedtax": 435030000,
        "costofgoodsandservicessold": 67648000,
        "grossprofit": 361831000,
        "researchanddevelopmentexpense": 114038000,
        "sellingandmarketingexpense": 229541000,
        "generalandadministrativeexpense": 50465000,
        "operatingexpenses": 394044000,
        "operatingincomeloss": -32213000,
        "investmentincomeinterest": 4658000,
        "interestexpense": 923000,
        "othernonoperatingincomeexpense": -1185000,
        "nonoperatingincomeexpense": 2550000,
        "incomelossfromcontinuingoperationsbeforeincometaxesextraordinaryitemsnoncontrollinginterest": -29663000,
        "incometaxexpensebenefit": 1748000,
        "netincomeloss": -31411000,
        "earningspersharebasic": -0.65,
        "earningspersharediluted": -0.65,
        "weightedaveragenumberofsharesoutstandingbasic": 48067000,
        "weightedaveragenumberofdilutedsharesoutstanding": 48067000,
        "othercomprehensiveincomeforeigncurrencytransactionandtranslationadjustmentnetoftaxportionattributabletoparent": -2793000,
        "othercomprehensiveincomeavailableforsalesecuritiesadjustmentnetoftaxportionattributabletoparent": -3701000,
        "comprehensiveincomenetoftax": -37905000
    },
    {
        "date": "2022-06-29",
        "symbol": "HUBS",
        "period": "Q2",
        "revenuefromcontractwithcustomerexcludingassessedtax": 412401000,
        "costofgoodsandservicessold": 64431000,
        "grossprofit": 342824000,
        "researchanddevelopmentexpense": 118914000,
        "sellingandmarketingexpense": 224262000,
        "generalandadministrativeexpense": 51898000,
        "operatingexpenses": 395074000,
        "operatingincomeloss": -52250000,
        "investmentincomeinterest": 2050000,
        "interestexpense": 949000,
        "othernonoperatingincomeexpense": -3091000,
        "nonoperatingincomeexpense": -1990000,
        "incomelossfromcontinuingoperationsbeforeincometaxesextraordinaryitemsnoncontrollinginterest": -54240000,
        "incometaxexpensebenefit": 2121000,
        "netincomeloss": -56361000,
        "earningspersharebasic": -1.18,
        "earningspersharediluted": -1.18,
        "weightedaveragenumberofsharesoutstandingbasic": 47815000,
        "weightedaveragenumberofdilutedsharesoutstanding": 47815000,
        "othercomprehensiveincomeforeigncurrencytransactionandtranslationadjustmentnetoftaxportionattributabletoparent": -2669000,
        "othercomprehensiveincomeavailableforsalesecuritiesadjustmentnetoftaxportionattributabletoparent": -2652000,
        "comprehensiveincomenetoftax": -61682000
    },
    {
        "date": "2022-03-30",
        "symbol": "HUBS",
        "period": "Q1",
        "revenuefromcontractwithcustomerexcludingassessedtax": 384956000,
        "costofgoodsandservicessold": 59384000,
        "grossprofit": 322663000,
        "researchanddevelopmentexpense": 92736000,
        "sellingandmarketingexpense": 197134000,
        "generalandadministrativeexpense": 43947000,
        "operatingexpenses": 333817000,
        "operatingincomeloss": -11154000,
        "investmentincomeinterest": 515000,
        "interestexpense": 950000,
        "othernonoperatingincomeexpense": 3692000,
        "nonoperatingincomeexpense": 3257000,
        "incomelossfromcontinuingoperationsbeforeincometaxesextraordinaryitemsnoncontrollinginterest": -7897000,
        "incometaxexpensebenefit": 1444000,
        "netincomeloss": -9341000,
        "earningspersharebasicanddiluted": -0.2,
        "weightedaveragenumberofshareoutstandingbasicanddiluted": 47577000,
        "othercomprehensiveincomeforeigncurrencytransactionandtranslationadjustmentnetoftaxportionattributabletoparent": -356000,
        "othercomprehensiveincomeavailableforsalesecuritiesadjustmentnetoftaxportionattributabletoparent": -4001000,
        "comprehensiveincomenetoftax": -13698000
    },
    {
        "date": "2021-12-30",
        "symbol": "HUBS",
        "period": "Q4",
        "revenuefromcontractwithcustomerexcludingassessedtax": 358658000,
        "costofgoodsandservicessold": 58598000,
        "grossprofit": 297670000,
        "researchanddevelopmentexpense": 82997000,
        "sellingandmarketingexpense": 180849000,
        "generalandadministrativeexpense": 42062000,
        "operatingexpenses": 305908000,
        "operatingincomeloss": -8238000,
        "investmentincomeinterest": 127000,
        "interestexpense": 5906000,
        "othernonoperatingincomeexpense": -975000,
        "nonoperatingincomeexpense": -6754000,
        "incomelossfromcontinuingoperationsbeforeincometaxesextraordinaryitemsnoncontrollinginterest": -14992000,
        "incometaxexpensebenefit": 1379000,
        "netincomeloss": -16371000,
        "earningspersharebasicanddiluted": -0.33999999999999986,
        "weightedaveragenumberofshareoutstandingbasicanddiluted": -93358000,
        "othercomprehensiveincomeforeigncurrencytransactionandtranslationadjustmentnetoftaxportionattributabletoparent": -1157000,
        "othercomprehensiveincomeavailableforsalesecuritiesadjustmentnetoftaxportionattributabletoparent": -773000,
        "comprehensiveincomenetoftax": -18301000,
        "othercomprehensiveincomeavailableforsalesecuritiestaxportionattributabletoparent": 0
    },
    {
        "date": "2021-09-29",
        "symbol": "HUBS",
        "period": "Q3",
        "revenuefromcontractwithcustomerexcludingassessedtax": 328975000,
        "costofgoodsandservicessold": 57547000,
        "grossprofit": 269589000,
        "researchanddevelopmentexpense": 78473000,
        "sellingandmarketingexpense": 170016000,
        "generalandadministrativeexpense": 36027000,
        "operatingexpenses": 284516000,
        "operatingincomeloss": -14927000,
        "investmentincomeinterest": 230000,
        "interestexpense": 7798000,
        "othernonoperatingincomeexpense": 9877000,
        "nonoperatingincomeexpense": 2309000,
        "incomelossfromcontinuingoperationsbeforeincometaxesextraordinaryitemsnoncontrollinginterest": -12618000,
        "incometaxexpensebenefit": 1117000,
        "netincomeloss": -13735000,
        "earningspersharebasicanddiluted": -0.29,
        "weightedaveragenumberofshareoutstandingbasicanddiluted": 47044000,
        "othercomprehensiveincomeforeigncurrencytransactionandtranslationadjustmentnetoftaxportionattributabletoparent": -1600000,
        "othercomprehensiveincomeavailableforsalesecuritiesadjustmentnetoftaxportionattributabletoparent": -37000,
        "comprehensiveincomenetoftax": -15372000,
        "othercomprehensiveincomeavailableforsalesecuritiestaxportionattributabletoparent": -1000
    },
    {
        "date": "2021-06-29",
        "symbol": "HUBS",
        "period": "Q2",
        "revenuefromcontractwithcustomerexcludingassessedtax": 300423000,
        "costofgoodsandservicessold": 51134000,
        "grossprofit": 247911000,
        "researchanddevelopmentexpense": 72104000,
        "sellingandmarketingexpense": 157799000,
        "generalandadministrativeexpense": 34610000,
        "operatingexpenses": 264513000,
        "operatingincomeloss": -16602000,
        "investmentincomeinterest": 341000,
        "interestexpense": 7179000,
        "othernonoperatingincomeexpense": 528000,
        "nonoperatingincomeexpense": -6310000,
        "incomelossfromcontinuingoperationsbeforeincometaxesextraordinaryitemsnoncontrollinginterest": -22912000,
        "incometaxexpensebenefit": 1660000,
        "netincomeloss": -24572000,
        "earningspersharebasicanddiluted": -0.53,
        "weightedaveragenumberofshareoutstandingbasicanddiluted": 46777000,
        "othercomprehensiveincomeforeigncurrencytransactionandtranslationadjustmentnetoftaxportionattributabletoparent": 534000,
        "othercomprehensiveincomeavailableforsalesecuritiesadjustmentnetoftaxportionattributabletoparent": -180000,
        "comprehensiveincomenetoftax": -24218000,
        "othercomprehensiveincomeavailableforsalesecuritiestaxportionattributabletoparent": -7000
    },
    {
        "date": "2021-03-30",
        "symbol": "HUBS",
        "period": "Q1",
        "revenuefromcontractwithcustomerexcludingassessedtax": 270263000,
        "costofgoodsandservicessold": 43853000,
        "grossprofit": 226631000,
        "researchanddevelopmentexpense": 68396000,
        "sellingandmarketingexpense": 141017000,
        "generalandadministrativeexpense": 32250000,
        "operatingexpenses": 241663000,
        "operatingincomeloss": -15032000,
        "investmentincomeinterest": 475000,
        "interestexpense": 9399000,
        "othernonoperatingincomeexpense": 660000,
        "nonoperatingincomeexpense": -8264000,
        "incomelossfromcontinuingoperationsbeforeincometaxesextraordinaryitemsnoncontrollinginterest": -23296000,
        "incometaxexpensebenefit": -137000,
        "netincomeloss": -23159000,
        "earningspersharebasicanddiluted": -0.5,
        "weightedaveragenumberofshareoutstandingbasicanddiluted": 46428000,
        "othercomprehensiveincomeforeigncurrencytransactionandtranslationadjustmentnetoftaxportionattributabletoparent": -2489000,
        "othercomprehensiveincomeavailableforsalesecuritiesadjustmentnetoftaxportionattributabletoparent": -240000,
        "comprehensiveincomenetoftax": -25888000,
        "othercomprehensiveincomeavailableforsalesecuritiestaxportionattributabletoparent": -36000
    },
    {
        "date": "2020-12-30",
        "symbol": "HUBS",
        "period": "Q4",
        "revenuefromcontractwithcustomerexcludingassessedtax": 244323000,
        "costofgoodsandservicessold": 37370000,
        "grossprofit": 204771000,
        "researchanddevelopmentexpense": 55559000,
        "sellingandmarketingexpense": 127854000,
        "generalandadministrativeexpense": 28998000,
        "operatingexpenses": 212411000,
        "operatingincomeloss": -7640000,
        "investmentincomeinterest": 623000,
        "interestexpense": 7225000,
        "othernonoperatingincomeexpense": 439000,
        "nonoperatingincomeexpense": -6163000,
        "incomelossfromcontinuingoperationsbeforeincometaxesextraordinaryitemsnoncontrollinginterest": -13803000,
        "incometaxexpensebenefit": 1613000,
        "netincomeloss": -15416000,
        "earningspersharebasicanddiluted": -0.3299999999999999,
        "weightedaveragenumberofshareoutstandingbasicanddiluted": -88275000,
        "othercomprehensiveincomeforeigncurrencytransactionandtranslationadjustmentnetoftaxportionattributabletoparent": 2659000,
        "othercomprehensiveincomeavailableforsalesecuritiesadjustmentnetoftaxportionattributabletoparent": -287000,
        "comprehensiveincomenetoftax": -13044000
    },
    {
        "date": "2020-09-29",
        "symbol": "HUBS",
        "period": "Q3",
        "revenuefromcontractwithcustomerexcludingassessedtax": 221058000,
        "costofgoodsandservicessold": 33181000,
        "grossprofit": 185782000,
        "researchanddevelopmentexpense": 54456000,
        "sellingandmarketingexpense": 119299000,
        "generalandadministrativeexpense": 27488000,
        "operatingexpenses": 201243000,
        "operatingincomeloss": -15461000,
        "investmentincomeinterest": 958000,
        "interestexpense": 7062000,
        "othernonoperatingincomeexpense": -7000,
        "nonoperatingincomeexpense": -6111000,
        "incomelossfromcontinuingoperationsbeforeincometaxesextraordinaryitemsnoncontrollinginterest": -21572000,
        "incometaxexpensebenefit": 926000,
        "netincomeloss": -22498000,
        "earningspersharebasicanddiluted": -0.49,
        "weightedaveragenumberofshareoutstandingbasicanddiluted": 45627000,
        "othercomprehensiveincomeforeigncurrencytransactionandtranslationadjustmentnetoftaxportionattributabletoparent": 2049000,
        "othercomprehensiveincomeavailableforsalesecuritiesadjustmentnetoftaxportionattributabletoparent": -279000,
        "comprehensiveincomenetoftax": -20728000,
        "othercomprehensiveincomeavailableforsalesecuritiestaxportionattributabletoparent": -15000
    },
    {
        "date": "2020-06-29",
        "symbol": "HUBS",
        "period": "Q2",
        "revenuefromcontractwithcustomerexcludingassessedtax": 196415000,
        "costofgoodsandservicessold": 30400000,
        "grossprofit": 164831000,
        "researchanddevelopmentexpense": 49372000,
        "sellingandmarketingexpense": 102600000,
        "generalandadministrativeexpense": 26484000,
        "operatingexpenses": 178456000,
        "operatingincomeloss": -13625000,
        "investmentincomeinterest": 2135000,
        "interestexpense": 16809000,
        "othernonoperatingincomeexpense": -91000,
        "nonoperatingincomeexpense": -14765000,
        "incomelossfromcontinuingoperationsbeforeincometaxesextraordinaryitemsnoncontrollinginterest": -28390000,
        "incometaxexpensebenefit": 1011000,
        "netincomeloss": -29401000,
        "earningspersharebasicanddiluted": -0.67,
        "weightedaveragenumberofshareoutstandingbasicanddiluted": 44130000,
        "othercomprehensiveincomeforeigncurrencytransactionandtranslationadjustmentnetoftaxportionattributabletoparent": 1159000,
        "othercomprehensiveincomeavailableforsalesecuritiesadjustmentnetoftaxportionattributabletoparent": 132000,
        "comprehensiveincomenetoftax": -28110000,
        "othercomprehensiveincomeavailableforsalesecuritiestaxportionattributabletoparent": -76000
    },
    {
        "date": "2020-03-30",
        "symbol": "HUBS",
        "period": "Q1",
        "revenuefromcontractwithcustomerexcludingassessedtax": 191229000,
        "costofgoodsandservicessold": 29734000,
        "grossprofit": 160683000,
        "researchanddevelopmentexpense": 46202000,
        "sellingandmarketingexpense": 102328000,
        "generalandadministrativeexpense": 26255000,
        "operatingexpenses": 174785000,
        "operatingincomeloss": -14102000,
        "investmentincomeinterest": 4057000,
        "interestexpense": 5953000,
        "othernonoperatingincomeexpense": -1052000,
        "nonoperatingincomeexpense": -2948000,
        "incomelossfromcontinuingoperationsbeforeincometaxesextraordinaryitemsnoncontrollinginterest": -17050000,
        "incometaxexpensebenefit": 666000,
        "netincomeloss": -17716000,
        "earningspersharebasicanddiluted": -0.41,
        "weightedaveragenumberofshareoutstandingbasicanddiluted": 43275000,
        "othercomprehensiveincomeforeigncurrencytransactionandtranslationadjustmentnetoftaxportionattributabletoparent": -1077000,
        "othercomprehensiveincomeavailableforsalesecuritiesadjustmentnetoftaxportionattributabletoparent": 583000,
        "comprehensiveincomenetoftax": -18210000
    },
    {
        "date": "2019-12-30",
        "symbol": "HUBS",
        "period": "Q4",
        "revenuefromcontractwithcustomerexcludingassessedtax": 312480000,
        "costofgoodsandservicessold": 19683000,
        "grossprofit": 150211000,
        "researchanddevelopmentexpense": 42757000,
        "sellingandmarketingexpense": 90418000,
        "generalandadministrativeexpense": 25194000,
        "operatingexpenses": 158369000,
        "operatingincomeloss": -8158000,
        "investmentincomeinterest": 4646000,
        "interestexpense": 5872000,
        "othernonoperatingincomeexpense": 380000,
        "nonoperatingincomeexpense": -846000,
        "incomelossfromcontinuingoperationsbeforeincometaxesextraordinaryitemsnoncontrollinginterest": -9004000,
        "incometaxexpensebenefit": 1298000,
        "netincomeloss": -10302000,
        "earningspersharebasicanddiluted": -0.25,
        "weightedaveragenumberofshareoutstandingbasicanddiluted": -83201000,
        "othercomprehensiveincomeforeigncurrencytransactionandtranslationadjustmentnetoftaxportionattributabletoparent": 784000,
        "othercomprehensiveincomeavailableforsalesecuritiesadjustmentnetoftaxportionattributabletoparent": -211000,
        "comprehensiveincomenetoftax": -9729000,
        "othercomprehensiveincomeavailableforsalesecuritiestaxportionattributabletoparent": -101000
    },
    {
        "date": "2019-09-29",
        "symbol": "HUBS",
        "period": "Q3",
        "revenuefromcontractwithcustomerexcludingassessedtax": 167078000,
        "costofgoodsandservicessold": 25671000,
        "grossprofit": 140358000,
        "researchanddevelopmentexpense": 39847000,
        "sellingandmarketingexpense": 91283000,
        "generalandadministrativeexpense": 23300000,
        "operatingexpenses": 154430000,
        "operatingincomeloss": -14072000,
        "investmentincomeinterest": 5185000,
        "interestexpense": 5760000,
        "othernonoperatingincomeexpense": -89000,
        "nonoperatingincomeexpense": -664000,
        "incomelossfromcontinuingoperationsbeforeincometaxesextraordinaryitemsnoncontrollinginterest": -14736000,
        "incometaxexpensebenefit": 251000,
        "netincomeloss": -14987000,
        "earningspersharebasicanddiluted": -0.35,
        "weightedaveragenumberofshareoutstandingbasicanddiluted": 42531000,
        "othercomprehensiveincomeforeigncurrencytransactionandtranslationadjustmentnetoftaxportionattributabletoparent": -947000,
        "othercomprehensiveincomeavailableforsalesecuritiesadjustmentnetoftaxportionattributabletoparent": -203000,
        "comprehensiveincomenetoftax": -16137000,
        "othercomprehensiveincomeavailableforsalesecuritiestaxportionattributabletoparent": -12000
    },
    {
        "date": "2019-06-29",
        "symbol": "HUBS",
        "period": "Q2",
        "revenuefromcontractwithcustomerexcludingassessedtax": 155876000,
        "costofgoodsandservicessold": 23578000,
        "grossprofit": 132113000,
        "researchanddevelopmentexpense": 40456000,
        "sellingandmarketingexpense": 84079000,
        "generalandadministrativeexpense": 23303000,
        "operatingexpenses": 147838000,
        "operatingincomeloss": -15725000,
        "investmentincomeinterest": 5424000,
        "interestexpense": 5673000,
        "othernonoperatingincomeexpense": -672000,
        "nonoperatingincomeexpense": -921000,
        "incomelossfromcontinuingoperationsbeforeincometaxesextraordinaryitemsnoncontrollinginterest": -16646000,
        "incometaxexpensebenefit": 711000,
        "netincomeloss": -17357000,
        "earningspersharebasicanddiluted": -0.41,
        "weightedaveragenumberofshareoutstandingbasicanddiluted": 42127000,
        "othercomprehensiveincomeforeigncurrencytransactionandtranslationadjustmentnetoftaxportionattributabletoparent": 254000,
        "othercomprehensiveincomeavailableforsalesecuritiesadjustmentnetoftaxportionattributabletoparent": 588000,
        "comprehensiveincomenetoftax": -16515000,
        "othercomprehensiveincomeavailableforsalesecuritiestaxportionattributabletoparent": 156000
    },
    {
        "date": "2019-03-30",
        "symbol": "HUBS",
        "period": "Q1",
        "revenuefromcontractwithcustomerexcludingassessedtax": 10832000,
        "costofgoodsandservicessold": 29578000,
        "grossprofit": 122220000,
        "researchanddevelopmentexpense": 35177000,
        "sellingandmarketingexpense": 74905000,
        "generalandadministrativeexpense": 21174000,
        "operatingexpenses": 131256000,
        "operatingincomeloss": -9036000,
        "investmentincomeinterest": 4174000,
        "interestexpense": 5513000,
        "othernonoperatingincomeexpense": -12000,
        "nonoperatingincomeexpense": -1351000,
        "incomelossfromcontinuingoperationsbeforeincometaxesextraordinaryitemsnoncontrollinginterest": -10387000,
        "incometaxexpensebenefit": 713000,
        "netincomeloss": -11100000,
        "earningspersharebasicanddiluted": -0.27,
        "weightedaveragenumberofshareoutstandingbasicanddiluted": 40568000,
        "othercomprehensiveincomeforeigncurrencytransactionandtranslationadjustmentnetoftaxportionattributabletoparent": -304000,
        "othercomprehensiveincomeavailableforsalesecuritiesadjustmentnetoftaxportionattributabletoparent": 426000,
        "comprehensiveincomenetoftax": -10978000,
        "othercomprehensiveincomeavailableforsalesecuritiestaxportionattributabletoparent": 113000
    },
    {
        "date": "2018-12-30",
        "symbol": "HUBS",
        "period": "Q4",
        "grossprofit": 116658000,
        "researchanddevelopmentexpense": 32005000,
        "sellingandmarketingexpense": -5200000,
        "generalandadministrativeexpense": 21525000,
        "operatingexpenses": -5200000,
        "operatingincomeloss": -37058000,
        "investmentincomeinterest": 2844000,
        "interestexpense": 5493000,
        "othernonoperatingincomeexpense": -405000,
        "nonoperatingincomeexpense": -3054000,
        "incomelossfromcontinuingoperationsbeforeincometaxesextraordinaryitemsnoncontrollinginterest": -5300000,
        "incometaxexpensebenefit": -1430000,
        "netincomeloss": 9163000,
        "earningspersharebasicanddiluted": -0.29,
        "weightedaveragenumberofshareoutstandingbasicanddiluted": -76415000,
        "othercomprehensiveincomeforeigncurrencytransactionandtranslationadjustmentnetoftaxportionattributabletoparent": -227000,
        "othercomprehensiveincomeavailableforsalesecuritiesadjustmentnetoftaxportionattributabletoparent": 273000,
        "comprehensiveincomenetoftax": -5500000
    },
    {
        "date": "2018-09-29",
        "symbol": "HUBS",
        "period": "Q3",
        "revenuefromcontractwithcustomerexcludingassessedtax": 9056000,
        "costofgoodsandservicessold": 25765000,
        "grossprofit": 106061000,
        "researchanddevelopmentexpense": 30761000,
        "sellingandmarketingexpense": -4100000,
        "generalandadministrativeexpense": 19057000,
        "operatingexpenses": -4100000,
        "operatingincomeloss": -4000000,
        "investmentincomeinterest": 2416000,
        "interestexpense": 5393000,
        "othernonoperatingincomeexpense": -277000,
        "nonoperatingincomeexpense": -3254000,
        "incomelossfromcontinuingoperationsbeforeincometaxesextraordinaryitemsnoncontrollinginterest": -4000000,
        "incometaxexpensebenefit": 359000,
        "netincomeloss": -18663000,
        "earningspersharebasicanddiluted": -0.48,
        "weightedaveragenumberofshareoutstandingbasicanddiluted": 38762000,
        "othercomprehensiveincomeforeigncurrencytransactionandtranslationadjustmentnetoftaxportionattributabletoparent": -127000,
        "othercomprehensiveincomeavailableforsalesecuritiesadjustmentnetoftaxportionattributabletoparent": 72000,
        "comprehensiveincomenetoftax": -4000000
    },
    {
        "date": "2018-06-29",
        "symbol": "HUBS",
        "period": "Q2",
        "revenuefromcontractwithcustomerexcludingassessedtax": 7918000,
        "costofgoodsandservicessold": 24851000,
        "grossprofit": 97725000,
        "researchanddevelopmentexpense": 28485000,
        "sellingandmarketingexpense": -3800000,
        "generalandadministrativeexpense": 18011000,
        "operatingexpenses": -3800000,
        "operatingincomeloss": -3700000,
        "investmentincomeinterest": 2092000,
        "interestexpense": 5326000,
        "othernonoperatingincomeexpense": -527000,
        "nonoperatingincomeexpense": -3761000,
        "incomelossfromcontinuingoperationsbeforeincometaxesextraordinaryitemsnoncontrollinginterest": -3700000,
        "incometaxexpensebenefit": 412000,
        "netincomeloss": -3700000,
        "earningspersharebasicanddiluted": -0.48,
        "weightedaveragenumberofshareoutstandingbasicanddiluted": 38350000,
        "othercomprehensiveincomeforeigncurrencytransactionandtranslationadjustmentnetoftaxportionattributabletoparent": -720000,
        "othercomprehensiveincomeavailableforsalesecuritiesadjustmentnetoftaxportionattributabletoparent": 144000,
        "comprehensiveincomenetoftax": -3700000
    },
    {
        "date": "2018-03-30",
        "symbol": "HUBS",
        "period": "Q1",
        "subscriptionrevenue": -170000,
        "professionalservicesandotherrevenue": 140000,
        "revenues": 7189000,
        "costofgoodssoldsubscription": 15235000,
        "costofservices": 7142000,
        "costofrevenue": 22377000,
        "grossprofit": 92179000,
        "researchanddevelopmentexpense": 26352000,
        "sellingandmarketingexpense": -3600000,
        "generalandadministrativeexpense": 17241000,
        "operatingexpenses": -3600000,
        "operatingincomeloss": -3500000,
        "investmentincomeinterest": 1824000,
        "interestexpense": 5174000,
        "othernonoperatingincomeexpense": -283000,
        "nonoperatingincomeexpense": -3633000,
        "incomelossfromcontinuingoperationsbeforeincometaxesextraordinaryitemsnoncontrollinginterest": -3500000,
        "incometaxexpensebenefit": 491000,
        "netincomeloss": -3500000,
        "earningspersharebasicanddiluted": -0.41,
        "weightedaveragenumberofshareoutstandingbasicanddiluted": 37832000,
        "othercomprehensiveincomeforeigncurrencytransactionandtranslationadjustmentnetoftaxportionattributabletoparent": 298000,
        "othercomprehensiveincomeavailableforsalesecuritiesadjustmentnetoftaxportionattributabletoparent": -379000,
        "comprehensiveincomenetoftax": -3500000
    },
    {
        "date": "2017-12-30",
        "symbol": "HUBS",
        "period": "Q4",
        "subscriptionrevenue": 101697000,
        "professionalservicesandotherrevenue": 4844000,
        "revenues": 6547000,
        "costofgoodssoldsubscription": 14729000,
        "costofservices": 6327000,
        "costofrevenue": 21056000,
        "grossprofit": 85485000,
        "researchanddevelopmentexpense": 22286000,
        "sellingandmarketingexpense": 57575000,
        "generalandadministrativeexpense": 15057000,
        "operatingexpenses": 94918000,
        "operatingincomeloss": -9433000,
        "investmentincomeinterest": 1526000,
        "interestexpense": 5234000,
        "othernonoperatingincomeexpense": -308000,
        "nonoperatingincomeexpense": -4016000,
        "incomelossfromcontinuingoperationsbeforeincometaxesextraordinaryitemsnoncontrollinginterest": -13449000,
        "incometaxexpensebenefit": -1914000,
        "netincomeloss": -11535000,
        "earningspersharebasicanddiluted": -0.31000000000000005,
        "weightedaveragenumberofshareoutstandingbasicanddiluted": -73079000,
        "othercomprehensiveincomeforeigncurrencytransactionandtranslationadjustmentnetoftaxportionattributabletoparent": 83000,
        "othercomprehensiveincomeavailableforsalesecuritiesadjustmentnetoftaxportionattributabletoparent": -230000,
        "comprehensiveincomenetoftax": -11682000
    },
    {
        "date": "2017-09-29",
        "symbol": "HUBS",
        "period": "Q3",
        "subscriptionrevenue": 93164000,
        "professionalservicesandotherrevenue": 4562000,
        "revenues": 5704000,
        "costofgoodssoldsubscription": 12933000,
        "costofservices": 6077000,
        "costofrevenue": 19010000,
        "grossprofit": 78716000,
        "researchanddevelopmentexpense": 18828000,
        "sellingandmarketingexpense": 57904000,
        "generalandadministrativeexpense": 14110000,
        "operatingexpenses": 90842000,
        "operatingincomeloss": -12126000,
        "investmentincomeinterest": 1274000,
        "interestexpense": 5063000,
        "othernonoperatingincomeexpense": -26000,
        "nonoperatingincomeexpense": -3815000,
        "incomelossfromcontinuingoperationsbeforeincometaxesextraordinaryitemsnoncontrollinginterest": -15941000,
        "incometaxexpensebenefit": -5358000,
        "netincomeloss": -10583000,
        "earningspersharebasicanddiluted": -0.29,
        "weightedaveragenumberofshareoutstandingbasicanddiluted": 37047000,
        "othercomprehensiveincomeforeigncurrencytransactionandtranslationadjustmentnetoftaxportionattributabletoparent": 319000,
        "othercomprehensiveincomeavailableforsalesecuritiesadjustmentnetoftaxportionattributabletoparent": 32000,
        "comprehensiveincomenetoftax": -10232000,
        "othercomprehensiveincomeavailableforsalesecuritiestaxportionattributabletoparent": 34000
    },
    {
        "date": "2017-06-29",
        "symbol": "HUBS",
        "period": "Q2",
        "subscriptionrevenue": 84363000,
        "professionalservicesandotherrevenue": 4730000,
        "revenues": 4714000,
        "costofgoodssoldsubscription": 12492000,
        "costofservices": 6099000,
        "costofrevenue": 18591000,
        "grossprofit": 70502000,
        "researchanddevelopmentexpense": 15889000,
        "sellingandmarketingexpense": 50708000,
        "generalandadministrativeexpense": 14482000,
        "operatingexpenses": 81079000,
        "operatingincomeloss": -10577000,
        "investmentincomeinterest": 734000,
        "interestexpense": 2832000,
        "othernonoperatingincomeexpense": -97000,
        "nonoperatingincomeexpense": -2195000,
        "incomelossfromcontinuingoperationsbeforeincometaxesextraordinaryitemsnoncontrollinginterest": -12772000,
        "incometaxexpensebenefit": -3251000,
        "netincomeloss": -9521000,
        "earningspersharebasicanddiluted": -0.26,
        "weightedaveragenumberofshareoutstandingbasicanddiluted": 36654000,
        "othercomprehensiveincomeforeigncurrencytransactionandtranslationadjustmentnetoftaxportionattributabletoparent": 445000,
        "othercomprehensiveincomeavailableforsalesecuritiesadjustmentnetoftaxportionattributabletoparent": 2000,
        "comprehensiveincomenetoftax": -9074000,
        "othercomprehensiveincomeavailableforsalesecuritiestaxportionattributabletoparent": 2000
    },
    {
        "date": "2017-03-30",
        "symbol": "HUBS",
        "period": "Q1",
        "subscriptionrevenue": 77503000,
        "professionalservicesandotherrevenue": 4749000,
        "revenues": 4056000,
        "costofgoodssoldsubscription": 11409000,
        "costofservices": 5663000,
        "costofrevenue": 17072000,
        "grossprofit": 65180000,
        "researchanddevelopmentexpense": 13370000,
        "sellingandmarketingexpense": 46672000,
        "generalandadministrativeexpense": 13138000,
        "operatingexpenses": 73180000,
        "operatingincomeloss": -8000000,
        "investmentincomeinterest": 303000,
        "interestexpense": 52000,
        "othernonoperatingincomeexpense": -128000,
        "nonoperatingincomeexpense": 123000,
        "incomelossfromcontinuingoperationsbeforeincometaxesextraordinaryitemsnoncontrollinginterest": -7877000,
        "incometaxexpensebenefit": 198000,
        "netincomeloss": -8075000,
        "earningspersharebasicanddiluted": -0.22,
        "weightedaveragenumberofshareoutstandingbasicanddiluted": 36205000,
        "othercomprehensiveincomeforeigncurrencytransactionandtranslationadjustmentnetoftaxportionattributabletoparent": 121000,
        "othercomprehensiveincomeavailableforsalesecuritiesadjustmentnetoftaxportionattributabletoparent": 35000,
        "comprehensiveincomenetoftax": -7919000,
        "othercomprehensiveincomeavailableforsalesecuritiestaxportionattributabletoparent": 18000
    },
    {
        "date": "2016-12-30",
        "symbol": "HUBS",
        "period": "Q4",
        "subscriptionrevenue": 72418000,
        "professionalservicesandotherrevenue": 4026000,
        "revenues": 3276000,
        "costofgoodssoldsubscription": 11632000,
        "costofservices": 5255000,
        "costofrevenue": 16887000,
        "grossprofit": 59557000,
        "researchanddevelopmentexpense": 12815000,
        "sellingandmarketingexpense": 47116000,
        "generalandadministrativeexpense": 13446000,
        "operatingexpenses": 73377000,
        "operatingincomeloss": -13820000,
        "investmentincomeinterest": 250000,
        "interestexpense": -12000,
        "othernonoperatingincomeexpense": -56000,
        "nonoperatingincomeexpense": 206000,
        "incomelossfromcontinuingoperationsbeforeincometaxesextraordinaryitemsnoncontrollinginterest": -13614000,
        "incometaxexpensebenefit": 215000,
        "netincomeloss": -13829000,
        "earningspersharebasicanddiluted": -0.37999999999999995,
        "weightedaveragenumberofshareoutstandingbasicanddiluted": -69911000,
        "othercomprehensiveincomeforeigncurrencytransactionandtranslationadjustmentnetoftaxportionattributabletoparent": -4000,
        "othercomprehensiveincomeavailableforsalesecuritiesadjustmentnetoftaxportionattributabletoparent": -182000,
        "comprehensiveincomenetoftax": -14015000
    },
    {
        "date": "2016-09-29",
        "symbol": "HUBS",
        "period": "Q3",
        "subscriptionrevenue": 66505000,
        "professionalservicesandotherrevenue": 4084000,
        "revenues": 2770000,
        "costofgoodssoldsubscription": 10655000,
        "costofservices": 5157000,
        "costofrevenue": 15812000,
        "grossprofit": 54777000,
        "researchanddevelopmentexpense": 12100000,
        "sellingandmarketingexpense": 41193000,
        "generalandadministrativeexpense": 11435000,
        "operatingexpenses": 64728000,
        "operatingincomeloss": -9951000,
        "investmentincomeinterest": 224000,
        "interestexpense": 97000,
        "othernonoperatingincomeexpense": -365000,
        "nonoperatingincomeexpense": -238000,
        "incomelossfromcontinuingoperationsbeforeincometaxesextraordinaryitemsnoncontrollinginterest": -10189000,
        "incometaxexpensebenefit": 326000,
        "netincomeloss": -10515000,
        "earningspersharebasicanddiluted": -0.3,
        "weightedaveragenumberofshareoutstandingbasicanddiluted": 35393000,
        "othercomprehensiveincomeforeigncurrencytransactionandtranslationadjustmentnetoftaxportionattributabletoparent": -21000,
        "othercomprehensiveincomeavailableforsalesecuritiesadjustmentnetoftaxportionattributabletoparent": -108000,
        "comprehensiveincomenetoftax": -10644000,
        "othercomprehensiveincomeavailableforsalesecuritiestaxportionattributabletoparent": -36000
    },
    {
        "date": "2016-06-29",
        "symbol": "HUBS",
        "period": "Q2",
        "subscriptionrevenue": 60916000,
        "professionalservicesandotherrevenue": 4058000,
        "revenues": 2199000,
        "costofgoodssoldsubscription": 9985000,
        "costofservices": 5210000,
        "costofrevenue": 15195000,
        "grossprofit": 49779000,
        "researchanddevelopmentexpense": 11278000,
        "sellingandmarketingexpense": 39140000,
        "generalandadministrativeexpense": 10391000,
        "operatingexpenses": 60809000,
        "operatingincomeloss": -11030000,
        "investmentincomeinterest": 201000,
        "interestexpense": 93000,
        "othernonoperatingincomeexpense": -202000,
        "nonoperatingincomeexpense": -94000,
        "incomelossfromcontinuingoperationsbeforeincometaxesextraordinaryitemsnoncontrollinginterest": -11124000,
        "incometaxexpensebenefit": -60000,
        "netincomeloss": -11064000,
        "earningspersharebasicanddiluted": -0.32,
        "weightedaveragenumberofshareoutstandingbasicanddiluted": 35023000,
        "othercomprehensiveincomeforeigncurrencytransactionandtranslationadjustmentnetoftaxportionattributabletoparent": -313000,
        "othercomprehensiveincomeavailableforsalesecuritiesadjustmentnetoftaxportionattributabletoparent": 69000,
        "comprehensiveincomenetoftax": -11308000,
        "othercomprehensiveincomeavailableforsalesecuritiestaxportionattributabletoparent": 40000
    },
    {
        "date": "2016-03-30",
        "symbol": "HUBS",
        "period": "Q1",
        "subscriptionrevenue": 54936000,
        "professionalservicesandotherrevenue": 4024000,
        "revenues": 1684000,
        "costofgoodssoldsubscription": 8910000,
        "costofservices": 5061000,
        "costofrevenue": 13971000,
        "grossprofit": 44989000,
        "researchanddevelopmentexpense": 9804000,
        "sellingandmarketingexpense": 35198000,
        "generalandadministrativeexpense": 9848000,
        "operatingexpenses": 54850000,
        "operatingincomeloss": -9861000,
        "investmentincomeinterest": 179000,
        "interestexpense": 87000,
        "othernonoperatingincomeexpense": -333000,
        "nonoperatingincomeexpense": -241000,
        "incomelossfromcontinuingoperationsbeforeincometaxesextraordinaryitemsnoncontrollinginterest": -10102000,
        "incometaxexpensebenefit": 52000,
        "netincomeloss": -10154000,
        "earningspersharebasicanddiluted": -0.29,
        "weightedaveragenumberofshareoutstandingbasicanddiluted": 34692000,
        "othercomprehensiveincomeforeigncurrencytransactionandtranslationadjustmentnetoftaxportionattributabletoparent": 166000,
        "othercomprehensiveincomeavailableforsalesecuritiesadjustmentnetoftaxportionattributabletoparent": 334000,
        "comprehensiveincomenetoftax": -9654000
    },
    {
        "date": "2015-12-30",
        "symbol": "HUBS",
        "period": "Q4",
        "subscriptionrevenue": 49617000,
        "revenues": -31380000,
        "costofgoodssoldsubscription": 9377000,
        "costofservices": 4330000,
        "costofrevenue": 13707000,
        "grossprofit": 39418000,
        "researchanddevelopmentexpense": 8670000,
        "sellingandmarketingexpense": 31573000,
        "generalandadministrativeexpense": 9625000,
        "operatingexpenses": 49868000,
        "operatingincomeloss": -10450000,
        "investmentincomeinterest": 148000,
        "interestexpense": 43000,
        "othernonoperatingincomeexpense": 241000,
        "nonoperatingincomeexpense": 346000,
        "incomelossfromcontinuingoperationsbeforeincometaxesextraordinaryitemsnoncontrollinginterest": -10104000,
        "incometaxexpensebenefit": 147000,
        "netincomeloss": -10251000,
        "netincomelossavailabletocommonstockholdersbasic": -10251000,
        "earningspersharebasicanddiluted": -0.3099999999999999,
        "weightedaveragenumberofshareoutstandingbasicanddiluted": -65441000,
        "othercomprehensiveincomeforeigncurrencytransactionandtranslationadjustmentnetoftaxportionattributabletoparent": -108000,
        "othercomprehensiveincomeavailableforsalesecuritiesadjustmentnetoftaxportionattributabletoparent": -152000,
        "comprehensiveincomenetoftax": -10511000
    },
    {
        "date": "2015-09-29",
        "symbol": "HUBS",
        "period": "Q3",
        "subscriptionrevenue": 44091000,
        "technologyservicesrevenue": 3620000,
        "revenues": 1128000,
        "costofgoodssoldsubscription": 8470000,
        "costofservices": 4008000,
        "costofrevenue": 12478000,
        "grossprofit": 35233000,
        "researchanddevelopmentexpense": 8128000,
        "sellingandmarketingexpense": 30868000,
        "generalandadministrativeexpense": 9527000,
        "operatingexpenses": 48523000,
        "operatingincomeloss": -13290000,
        "investmentincomeinterest": 131000,
        "interestexpense": 31000,
        "othernonoperatingincomeexpense": -186000,
        "nonoperatingincomeexpense": -86000,
        "incomelossfromcontinuingoperationsbeforeincometaxesextraordinaryitemsnoncontrollinginterest": -13376000,
        "incometaxexpensebenefit": 176000,
        "netincomeloss": -13552000,
        "netincomelossavailabletocommonstockholdersbasic": -13552000,
        "earningspersharebasicanddiluted": -0.4,
        "weightedaveragenumberofshareoutstandingbasicanddiluted": 33819000,
        "othercomprehensiveincomeforeigncurrencytransactionandtranslationadjustmentnetoftaxportionattributabletoparent": -10000,
        "othercomprehensiveincomeavailableforsalesecuritiesadjustmentnetoftaxportionattributabletoparent": -77000,
        "comprehensiveincomenetoftax": -13639000
    },
    {
        "date": "2015-06-29",
        "symbol": "HUBS",
        "period": "Q2",
        "subscriptionrevenue": 39273000,
        "technologyservicesrevenue": 3668000,
        "revenues": 858000,
        "costofgoodssoldsubscription": 7484000,
        "costofservices": 3789000,
        "costofrevenue": 11273000,
        "grossprofit": 31668000,
        "researchanddevelopmentexpense": 8158000,
        "sellingandmarketingexpense": 26291000,
        "generalandadministrativeexpense": 8541000,
        "operatingexpenses": 42990000,
        "operatingincomeloss": -11322000,
        "investmentincomeinterest": 101000,
        "interestexpense": 79000,
        "othernonoperatingincomeexpense": -55000,
        "nonoperatingincomeexpense": -33000,
        "incomelossfromcontinuingoperationsbeforeincometaxesextraordinaryitemsnoncontrollinginterest": -11355000,
        "incometaxexpensebenefit": 37000,
        "netincomeloss": -11392000,
        "netincomelossavailabletocommonstockholdersbasic": -11392000,
        "earningspersharebasicanddiluted": -0.34,
        "weightedaveragenumberofshareoutstandingbasicanddiluted": 33208000,
        "othercomprehensiveincomeforeigncurrencytransactionandtranslationadjustmentnetoftaxportionattributabletoparent": 55000,
        "othercomprehensiveincomeavailableforsalesecuritiesadjustmentnetoftaxportionattributabletoparent": -133000,
        "comprehensiveincomenetoftax": -11470000
    },
    {
        "date": "2015-03-30",
        "symbol": "HUBS",
        "period": "Q1",
        "subscriptionrevenue": 34939000,
        "technologyservicesrevenue": 3227000,
        "revenues": 33225000,
        "costofgoodssoldsubscription": 6940000,
        "costofservices": 3525000,
        "costofrevenue": 10465000,
        "grossprofit": 27701000,
        "researchanddevelopmentexpense": 7501000,
        "sellingandmarketingexpense": 23897000,
        "generalandadministrativeexpense": 7715000,
        "operatingexpenses": 39113000,
        "operatingincomeloss": -11412000,
        "investmentincomeinterest": 10000,
        "interestexpense": 32000,
        "othernonoperatingincomeexpense": 628000,
        "nonoperatingincomeexpense": 606000,
        "incomelossfromcontinuingoperationsbeforeincometaxesextraordinaryitemsnoncontrollinginterest": -10806000,
        "incometaxexpensebenefit": 52000,
        "netincomeloss": -10858000,
        "netincomelossavailabletocommonstockholdersbasic": -10858000,
        "earningspersharebasicanddiluted": -0.34,
        "weightedaveragenumberofshareoutstandingbasicanddiluted": 31636000,
        "othercomprehensiveincomeforeigncurrencytransactionandtranslationadjustmentnetoftaxportionattributabletoparent": -209000,
        "othercomprehensiveincomeavailableforsalesecuritiesadjustmentnetoftaxportionattributabletoparent": -26000,
        "comprehensiveincomenetoftax": -11093000
    }
]