[
    {
        "date": "2024-08-30",
        "symbol": "CTAS",
        "period": "Q1",
        "revenuefromcontractwithcustomerexcludingassessedtax": 2501587000,
        "costofrevenue": 268293000,
        "sellinggeneralandadministrativeexpense": 691100000,
        "operatingincomeloss": 561031000,
        "investmentincomeinterest": 1250000,
        "interestexpensenonoperating": 25619000,
        "incomelossfromcontinuingoperationsbeforeincometaxesextraordinaryitemsnoncontrollinginterest": 536662000,
        "incometaxexpensebenefit": 513000,
        "netincomeloss": 1523000,
        "earningspersharebasic": 1.12,
        "earningspersharediluted": 1.1,
        "commonstockdividendspersharedeclared": 0.39,
        "othercomprehensiveincomeforeigncurrencytransactionandtranslationadjustmentnetoftaxportionattributabletoparent": 3656000,
        "othercomprehensiveincomelosscashflowhedgegainlossbeforereclassificationaftertax": -9956000,
        "othercomprehensiveincomelosscashflowhedgegainlossreclassificationaftertax": 1523000,
        "othercomprehensiveincomelossnetoftaxportionattributabletoparent": -7823000,
        "comprehensiveincomenetoftax": 444210000,
        "othercomprehensiveincomelosscashflowhedgegainlossbeforereclassificationtax": -3408000,
        "othercomprehensiveincomelosscashflowhedgegainlossreclassificationtax": -513000,
        "othercomprehensiveincomelosstaxportionattributabletoparent1": -3921000
    },
    {
        "date": "2024-05-30",
        "symbol": "CTAS",
        "period": "Q4",
        "revenuefromcontractwithcustomerexcludingassessedtax": 1911190000,
        "costofrevenue": 983049000,
        "sellinggeneralandadministrativeexpense": 667855000,
        "operatingincomeloss": 547594000,
        "investmentincomeinterest": 3621000,
        "incomelossfromcontinuingoperationsbeforeincometaxesextraordinaryitemsnoncontrollinginterest": 527139000,
        "incometaxexpensebenefit": 112824000,
        "netincomeloss": 414315000,
        "earningspersharebasic": 4.0600000000000005,
        "earningspersharediluted": 3.999999999999999,
        "commonstockdividendspersharedeclared": 1.3500000000000005,
        "othercomprehensiveincomeforeigncurrencytransactionandtranslationadjustmentnetoftaxportionattributabletoparent": -1662000,
        "othercomprehensiveincomelosscashflowhedgegainlossbeforereclassificationaftertax": 5907000,
        "othercomprehensiveincomelosscashflowhedgegainlossreclassificationaftertax": 1523000,
        "othercomprehensiveincomelossnetoftaxportionattributabletoparent": 4878000,
        "comprehensiveincomenetoftax": 419193000,
        "othercomprehensiveincomelosscashflowhedgegainlossbeforereclassificationtax": 2022000,
        "othercomprehensiveincomelosscashflowhedgegainlossreclassificationtax": 3517000,
        "othercomprehensiveincomelosstaxportionattributabletoparent1": 2248000
    },
    {
        "date": "2024-02-28",
        "symbol": "CTAS",
        "period": "Q3",
        "revenuefromcontractwithcustomerexcludingassessedtax": 1876642000,
        "costofrevenue": 960208000,
        "sellinggeneralandadministrativeexpense": 667048000,
        "operatingincomeloss": 520800000,
        "investmentincomeinterest": 930000,
        "interestexpense": 25530000,
        "incomelossfromcontinuingoperationsbeforeincometaxesextraordinaryitemsnoncontrollinginterest": 496200000,
        "incometaxexpensebenefit": 98621000,
        "netincomeloss": 397579000,
        "earningspersharebasic": 3.91,
        "earningspersharediluted": 3.8400000000000007,
        "commonstockdividendspersharedeclared": 1.3499999999999996,
        "othercomprehensiveincomeforeigncurrencytransactionandtranslationadjustmentnetoftaxportionattributabletoparent": -450000,
        "othercomprehensiveincomelosscashflowhedgegainlossbeforereclassificationaftertax": -5042000,
        "othercomprehensiveincomelosscashflowhedgegainlossreclassificationaftertax": 1524000,
        "othercomprehensiveincomelossnetoftaxportionattributabletoparent": -7016000,
        "comprehensiveincomenetoftax": 390563000,
        "othercomprehensiveincomelosscashflowhedgegainlossbeforereclassificationtax": -1726000,
        "othercomprehensiveincomelosscashflowhedgegainlossreclassificationtax": -513000,
        "othercomprehensiveincomelosstaxportionattributabletoparent1": -2239000
    },
    {
        "date": "2023-11-29",
        "symbol": "CTAS",
        "period": "Q2",
        "revenuefromcontractwithcustomerexcludingassessedtax": 1850542000,
        "costofrevenue": 974231000,
        "sellinggeneralandadministrativeexpense": 641865000,
        "operatingincomeloss": 499683000,
        "investmentincomeinterest": 769000,
        "interestexpense": 26590000,
        "incomelossfromcontinuingoperationsbeforeincometaxesextraordinaryitemsnoncontrollinginterest": 473862000,
        "incometaxexpensebenefit": 99249000,
        "netincomeloss": 374613000,
        "earningspersharebasic": 3.67,
        "earningspersharediluted": 3.61,
        "commonstockdividendspersharedeclared": 1.35,
        "othercomprehensiveincomeforeigncurrencytransactionandtranslationadjustmentnetoftaxportionattributabletoparent": -1813000,
        "othercomprehensiveincomelosscashflowhedgegainlossbeforereclassificationaftertax": 9099000,
        "othercomprehensiveincomelosscashflowhedgegainlossreclassificationaftertax": 1495000,
        "othercomprehensiveincomelossotheradjustmentsnetoftax": 379000,
        "othercomprehensiveincomelossnetoftaxportionattributabletoparent": 6170000,
        "comprehensiveincomenetoftax": 380783000,
        "othercomprehensiveincomelosscashflowhedgegainlossbeforereclassificationtax": 3115000,
        "othercomprehensiveincomelosscashflowhedgegainlossreclassificationtax": -503000,
        "othercomprehensiveincomelossotheradjustmentstax": 130000,
        "othercomprehensiveincomelosstaxportionattributabletoparent1": 2742000
    },
    {
        "date": "2023-08-30",
        "symbol": "CTAS",
        "period": "Q1",
        "revenuefromcontractwithcustomerexcludingassessedtax": 1826825000,
        "costofrevenue": 947583000,
        "sellinggeneralandadministrativeexpense": 641015000,
        "operatingincomeloss": 500556000,
        "investmentincomeinterest": 422000,
        "interestexpense": 24544000,
        "incomelossfromcontinuingoperationsbeforeincometaxesextraordinaryitemsnoncontrollinginterest": 476434000,
        "incometaxexpensebenefit": 91349000,
        "netincomeloss": 385085000,
        "earningspersharebasic": 3.76,
        "earningspersharediluted": 3.7,
        "commonstockdividendspersharedeclared": 1.35,
        "othercomprehensiveincomeforeigncurrencytransactionandtranslationadjustmentnetoftaxportionattributabletoparent": 2634000,
        "othercomprehensiveincomelosscashflowhedgegainlossbeforereclassificationaftertax": 8199000,
        "othercomprehensiveincomelosscashflowhedgegainlossreclassificationaftertax": 1442000,
        "othercomprehensiveincomelossnetoftaxportionattributabletoparent": 9391000,
        "comprehensiveincomenetoftax": 394476000,
        "othercomprehensiveincomelosscashflowhedgegainlossbeforereclassificationtax": 2806000,
        "othercomprehensiveincomelosscashflowhedgegainlossreclassificationtax": -487000,
        "othercomprehensiveincomelosstaxportionattributabletoparent1": 2319000
    },
    {
        "date": "2023-05-30",
        "symbol": "CTAS",
        "period": "Q4",
        "revenuefromcontractwithcustomerexcludingassessedtax": 261509000,
        "costofrevenue": 269004000,
        "sellinggeneralandadministrativeexpense": -1469616000,
        "operatingincomeloss": 470798000,
        "investmentincomeinterest": 844000,
        "interestexpense": 2034000,
        "incomelossfromcontinuingoperationsbeforeincometaxesextraordinaryitemsnoncontrollinginterest": -24929000,
        "incometaxexpensebenefit": 512000,
        "netincomeloss": 1343447000,
        "earningspersharebasic": 3.3900000000000015,
        "earningspersharediluted": 3.3399999999999994,
        "commonstockdividendspersharedeclared": 1.15,
        "othercomprehensiveincomeforeigncurrencytransactionandtranslationadjustmentnetoftaxportionattributabletoparent": 3072000,
        "othercomprehensiveincomelosscashflowhedgegainlossbeforereclassificationaftertax": 282000,
        "othercomprehensiveincomelosscashflowhedgegainlossreclassificationaftertax": 1522000,
        "othercomprehensiveincomelossnetoftaxportionattributabletoparent": -5424000,
        "comprehensiveincomenetoftax": 347875000,
        "othercomprehensiveincomelosscashflowhedgegainlossbeforereclassificationtax": 97000,
        "othercomprehensiveincomelosscashflowhedgegainlossreclassificationtax": 1536000,
        "othercomprehensiveincomelosstaxportionattributabletoparent1": 1579000
    },
    {
        "date": "2023-02-27",
        "symbol": "CTAS",
        "period": "Q3",
        "revenuefromcontractwithcustomerexcludingassessedtax": 242216000,
        "costofrevenue": 247962000,
        "sellinggeneralandadministrativeexpense": 587219000,
        "operatingincomeloss": 446812000,
        "investmentincomeinterest": 373000,
        "interestexpense": 2033000,
        "incomelossfromcontinuingoperationsbeforeincometaxesextraordinaryitemsnoncontrollinginterest": -28446000,
        "incometaxexpensebenefit": 512000,
        "netincomeloss": 1521000,
        "earningspersharebasic": 3.19,
        "earningspersharediluted": 3.14,
        "commonstockdividendspersharedeclared": 1.15,
        "othercomprehensiveincomeforeigncurrencytransactionandtranslationadjustmentnetoftaxportionattributabletoparent": -7972000,
        "othercomprehensiveincomelosscashflowhedgegainlossbeforereclassificationaftertax": 1501000,
        "othercomprehensiveincomelosscashflowhedgegainlossreclassificationaftertax": 1521000,
        "othercomprehensiveincomelossnetoftaxportionattributabletoparent": -20000,
        "comprehensiveincomenetoftax": 317835000,
        "othercomprehensiveincomelosscashflowhedgegainlossbeforereclassificationtax": 513000,
        "othercomprehensiveincomelosscashflowhedgegainlossreclassificationtax": -512000,
        "othercomprehensiveincomelosstaxportionattributabletoparent1": 1000
    },
    {
        "date": "2022-11-29",
        "symbol": "CTAS",
        "period": "Q2",
        "revenuefromcontractwithcustomerexcludingassessedtax": 228897000,
        "costofrevenue": 245684000,
        "sellinggeneralandadministrativeexpense": 577513000,
        "operatingincomeloss": 444934000,
        "investmentincomeinterest": 344000,
        "interestexpense": 2034000,
        "incomelossfromcontinuingoperationsbeforeincometaxesextraordinaryitemsnoncontrollinginterest": -28576000,
        "incometaxexpensebenefit": 513000,
        "netincomeloss": 1521000,
        "earningspersharebasic": 3.18,
        "earningspersharediluted": 3.12,
        "commonstockdividendspersharedeclared": 1.15,
        "othercomprehensiveincomeforeigncurrencytransactionandtranslationadjustmentnetoftaxportionattributabletoparent": -9901000,
        "othercomprehensiveincomelosscashflowhedgegainlossbeforereclassificationaftertax": 7394000,
        "othercomprehensiveincomelosscashflowhedgegainlossreclassificationaftertax": 1521000,
        "othercomprehensiveincomelossnetoftaxportionattributabletoparent": 5873000,
        "comprehensiveincomenetoftax": 320265000,
        "othercomprehensiveincomelosscashflowhedgegainlossbeforereclassificationtax": 2531000,
        "othercomprehensiveincomelosscashflowhedgegainlossreclassificationtax": 513000,
        "othercomprehensiveincomelosstaxportionattributabletoparent1": 3044000
    },
    {
        "date": "2022-08-30",
        "symbol": "CTAS",
        "period": "Q1",
        "revenuefromcontractwithcustomerexcludingassessedtax": 234521000,
        "costofrevenue": 247576000,
        "sellinggeneralandadministrativeexpense": 587992000,
        "operatingincomeloss": 440120000,
        "investmentincomeinterest": 155000,
        "interestexpense": 2033000,
        "incomelossfromcontinuingoperationsbeforeincometaxesextraordinaryitemsnoncontrollinginterest": -27565000,
        "incometaxexpensebenefit": 512000,
        "netincomeloss": 1521000,
        "earningspersharebasic": 3.45,
        "earningspersharediluted": 3.39,
        "commonstockdividendspersharedeclared": 1.15,
        "othercomprehensiveincomeforeigncurrencytransactionandtranslationadjustmentnetoftaxportionattributabletoparent": -19206000,
        "othercomprehensiveincomelosscashflowhedgegainlossbeforereclassificationaftertax": 934000,
        "othercomprehensiveincomelosscashflowhedgegainlossreclassificationaftertax": 1521000,
        "othercomprehensiveincomelossnetoftaxportionattributabletoparent": -587000,
        "comprehensiveincomenetoftax": 331896000,
        "othercomprehensiveincomelosscashflowhedgegainlossbeforereclassificationtax": 320000,
        "othercomprehensiveincomelosscashflowhedgegainlossreclassificationtax": 512000,
        "othercomprehensiveincomelosstaxportionattributabletoparent1": 832000
    },
    {
        "date": "2022-05-30",
        "symbol": "CTAS",
        "period": "Q4",
        "revenuefromcontractwithcustomerexcludingassessedtax": 226249000,
        "costofrevenue": 242702000,
        "sellinggeneralandadministrativeexpense": -1280728000,
        "operatingincomeloss": 404436000,
        "investmentincomeinterest": 74000,
        "interestexpense": 910000,
        "incomelossfromcontinuingoperationsbeforeincometaxesextraordinaryitemsnoncontrollinginterest": -22984000,
        "incometaxexpensebenefit": 227000,
        "netincomeloss": 294461000,
        "earningspersharebasic": 2.859999999999999,
        "earningspersharediluted": 2.81,
        "commonstockdividendspersharedeclared": 0.9499999999999997,
        "othercomprehensiveincomeforeigncurrencytransactionandtranslationadjustmentnetoftaxportionattributabletoparent": 1358000,
        "othercomprehensiveincomelosscashflowhedgegainlossbeforereclassificationaftertax": 93229000,
        "othercomprehensiveincomelosscashflowhedgegainlossreclassificationaftertax": -3478000,
        "othercomprehensiveincomelossnetoftaxportionattributabletoparent": -5584000,
        "comprehensiveincomenetoftax": 390231000,
        "othercomprehensiveincomelosscashflowhedgegainlossbeforereclassificationtax": 31910000,
        "othercomprehensiveincomelosscashflowhedgegainlossreclassificationtax": -227000,
        "othercomprehensiveincomelosstaxportionattributabletoparent1": 32775000
    },
    {
        "date": "2022-02-27",
        "symbol": "CTAS",
        "period": "Q3",
        "revenuefromcontractwithcustomerexcludingassessedtax": 194264000,
        "costofrevenue": 228306000,
        "sellinggeneralandadministrativeexpense": 490549000,
        "operatingincomeloss": 407605000,
        "investmentincomeinterest": 56000,
        "interestexpense": 608000,
        "incomelossfromcontinuingoperationsbeforeincometaxesextraordinaryitemsnoncontrollinginterest": -21974000,
        "incometaxexpensebenefit": 149000,
        "netincomeloss": 315448000,
        "earningspersharebasic": 3.04,
        "earningspersharediluted": 2.97,
        "commonstockdividendspersharedeclared": 0.95,
        "othercomprehensiveincomeforeigncurrencytransactionandtranslationadjustmentnetoftaxportionattributabletoparent": 5297000,
        "othercomprehensiveincomelosscashflowhedgegainlossbeforereclassificationaftertax": 34567000,
        "othercomprehensiveincomelosscashflowhedgegainlossreclassificationaftertax": 459000,
        "othercomprehensiveincomelossnetoftaxportionattributabletoparent": 34108000,
        "comprehensiveincomenetoftax": 354853000,
        "othercomprehensiveincomelosscashflowhedgegainlossbeforereclassificationtax": 11832000,
        "othercomprehensiveincomelosscashflowhedgegainlossreclassificationtax": -149000,
        "othercomprehensiveincomelosstaxportionattributabletoparent1": 11981000
    },
    {
        "date": "2021-11-29",
        "symbol": "CTAS",
        "period": "Q2",
        "revenuefromcontractwithcustomerexcludingassessedtax": 184850000,
        "costofrevenue": 219879000,
        "sellinggeneralandadministrativeexpense": 503913000,
        "operatingincomeloss": 381228000,
        "investmentincomeinterest": 56000,
        "interestexpense": 608000,
        "incomelossfromcontinuingoperationsbeforeincometaxesextraordinaryitemsnoncontrollinginterest": -21846000,
        "incometaxexpensebenefit": 148000,
        "netincomeloss": 294669000,
        "earningspersharebasic": 2.83,
        "earningspersharediluted": 2.76,
        "commonstockdividendspersharedeclared": 0.95,
        "othercomprehensiveincomeforeigncurrencytransactionandtranslationadjustmentnetoftaxportionattributabletoparent": -7472000,
        "othercomprehensiveincomelosscashflowhedgegainlossbeforereclassificationaftertax": 10940000,
        "othercomprehensiveincomelosscashflowhedgegainlossreclassificationaftertax": 460000,
        "othercomprehensiveincomelossnetoftaxportionattributabletoparent": 10480000,
        "comprehensiveincomenetoftax": 297677000,
        "othercomprehensiveincomelosscashflowhedgegainlossbeforereclassificationtax": 3744000,
        "othercomprehensiveincomelosscashflowhedgegainlossreclassificationtax": -148000,
        "othercomprehensiveincomelosstaxportionattributabletoparent1": 3892000
    },
    {
        "date": "2021-08-30",
        "symbol": "CTAS",
        "period": "Q1",
        "revenuefromcontractwithcustomerexcludingassessedtax": 189658000,
        "costofrevenue": 214893000,
        "sellinggeneralandadministrativeexpense": 508655000,
        "operatingincomeloss": 394101000,
        "investmentincomeinterest": 56000,
        "interestexpense": 607000,
        "incomelossfromcontinuingoperationsbeforeincometaxesextraordinaryitemsnoncontrollinginterest": -21798000,
        "incometaxexpensebenefit": 148000,
        "netincomeloss": 331179000,
        "earningspersharebasic": 3.19,
        "earningspersharediluted": 3.11,
        "commonstockdividendspersharedeclared": 0.95,
        "othercomprehensiveincomeforeigncurrencytransactionandtranslationadjustmentnetoftaxportionattributabletoparent": -24016000,
        "othercomprehensiveincomelosscashflowhedgegainlossbeforereclassificationaftertax": -36679000,
        "othercomprehensiveincomelosscashflowhedgegainlossreclassificationaftertax": 459000,
        "othercomprehensiveincomelossnetoftaxportionattributabletoparent": -37138000,
        "comprehensiveincomenetoftax": 270025000,
        "othercomprehensiveincomelosscashflowhedgegainlossbeforereclassificationtax": -12554000,
        "othercomprehensiveincomelosscashflowhedgegainlossreclassificationtax": -148000,
        "othercomprehensiveincomelosstaxportionattributabletoparent1": -12406000
    },
    {
        "date": "2021-05-30",
        "symbol": "CTAS",
        "period": "Q4",
        "revenuefromcontractwithcustomerexcludingassessedtax": 1466868000,
        "costofrevenue": 766441000,
        "sellinggeneralandadministrativeexpense": 502604000,
        "operatingincomeloss": 356446000,
        "investmentincomeinterest": 98000,
        "interestexpense": 24551000,
        "incomelossfromcontinuingoperationsbeforeincometaxesminorityinterestandincomelossfromequitymethodinvestments": 331993000,
        "incometaxexpensebenefit": 64271000,
        "netincomeloss": 267722000,
        "earningspersharebasic": 2.5300000000000007,
        "earningspersharediluted": 2.47,
        "othercomprehensiveincomelosscashflowhedgegainlossbeforereclassificationaftertax": 4209000,
        "othercomprehensiveincomelosscashflowhedgegainlossreclassificationaftertax": 358000,
        "othercomprehensiveincomelossnetoftaxportionattributabletoparent": 43856000,
        "comprehensiveincomenetoftax": 311578000,
        "othercomprehensiveincomelosscashflowhedgegainlossbeforereclassificationtax": 1411000,
        "othercomprehensiveincomelosscashflowhedgegainlossreclassificationtax": -116000
    },
    {
        "date": "2021-02-27",
        "symbol": "CTAS",
        "period": "Q3",
        "revenuefromcontractwithcustomerexcludingassessedtax": 1417865000,
        "costofrevenue": 761850000,
        "sellinggeneralandadministrativeexpense": 483048000,
        "operatingincomeloss": 326468000,
        "investmentincomeinterest": 87000,
        "interestexpense": 24552000,
        "incomelossfromcontinuingoperationsbeforeincometaxesminorityinterestandincomelossfromequitymethodinvestments": 302003000,
        "incometaxexpensebenefit": 43619000,
        "incomelossfromcontinuingoperations": 258384000,
        "netincomeloss": 258384000,
        "incomelossfromcontinuingoperationsperbasicshare": 2.44,
        "earningspersharebasic": 2.44,
        "incomelossfromcontinuingoperationsperdilutedshare": 2.37,
        "earningspersharediluted": 2.37,
        "commonstockdividendspersharedeclared": 0.75,
        "othercomprehensiveincomeforeigncurrencytransactionandtranslationadjustmentnetoftaxportionattributabletoparent": 8947000,
        "othercomprehensiveincomelosscashflowhedgegainlossbeforereclassificationaftertax": 75850000,
        "othercomprehensiveincomelosscashflowhedgegainlossreclassificationaftertax": 358000,
        "othercomprehensiveincomelossnetoftaxportionattributabletoparent": 84439000,
        "comprehensiveincomenetoftax": 342823000,
        "othercomprehensiveincomelosscashflowhedgegainlossbeforereclassificationtax": 25689000,
        "othercomprehensiveincomelosscashflowhedgegainlossreclassificationtax": -116000,
        "othercomprehensiveincomelosstaxportionattributabletoparent1": 25805000
    },
    {
        "date": "2020-11-29",
        "symbol": "CTAS",
        "period": "Q2",
        "revenuefromcontractwithcustomerexcludingassessedtax": 1410488000,
        "costofrevenue": 739811000,
        "sellinggeneralandadministrativeexpense": 467012000,
        "operatingincomeloss": 352872000,
        "investmentincomeinterest": 218000,
        "interestexpense": 24557000,
        "incomelossfromcontinuingoperationsbeforeincometaxesminorityinterestandincomelossfromequitymethodinvestments": 328533000,
        "incometaxexpensebenefit": 43676000,
        "incomelossfromcontinuingoperations": 284857000,
        "netincomeloss": 284857000,
        "incomelossfromcontinuingoperationsperbasicshare": 2.69,
        "earningspersharebasic": 2.69,
        "incomelossfromcontinuingoperationsperdilutedshare": 2.62,
        "earningspersharediluted": 2.62,
        "commonstockdividendspersharedeclared": 3.51,
        "othercomprehensiveincomeforeigncurrencytransactionandtranslationadjustmentnetoftaxportionattributabletoparent": 2960000,
        "othercomprehensiveincomelosscashflowhedgegainlossbeforereclassificationaftertax": 15942000,
        "othercomprehensiveincomelosscashflowhedgegainlossreclassificationaftertax": 359000,
        "othercomprehensiveincomelossnetoftaxportionattributabletoparent": 18543000,
        "comprehensiveincomenetoftax": 303400000,
        "othercomprehensiveincomelosscashflowhedgegainlossbeforereclassificationtax": 5400000,
        "othercomprehensiveincomelosscashflowhedgegainlossreclassificationtax": -115000,
        "othercomprehensiveincomelosstaxportionattributabletoparent1": 5515000
    },
    {
        "date": "2020-08-30",
        "symbol": "CTAS",
        "period": "Q1",
        "revenuefromcontractwithcustomerexcludingassessedtax": 1394411000,
        "costofrevenue": 715412000,
        "sellinggeneralandadministrativeexpense": 476495000,
        "operatingincomeloss": 349706000,
        "investmentincomeinterest": 64000,
        "interestexpense": 24550000,
        "incomelossfromcontinuingoperationsbeforeincometaxesminorityinterestandincomelossfromequitymethodinvestments": 325220000,
        "incometaxexpensebenefit": 25215000,
        "netincomeloss": 300005000,
        "earningspersharebasic": 2.86,
        "earningspersharediluted": 2.78,
        "othercomprehensiveincomeforeigncurrencytransactionandtranslationadjustmentnetoftaxportionattributabletoparent": 26946000,
        "othercomprehensiveincomelosscashflowhedgegainlossbeforereclassificationaftertax": 10842000,
        "othercomprehensiveincomelosscashflowhedgegainlossreclassificationaftertax": 358000,
        "othercomprehensiveincomelossnetoftaxportionattributabletoparent": 37430000,
        "comprehensiveincomenetoftax": 337435000,
        "othercomprehensiveincomelosscashflowhedgegainlossbeforereclassificationtax": 3672000,
        "othercomprehensiveincomelosscashflowhedgegainlossreclassificationtax": -116000,
        "othercomprehensiveincomelosstaxportionattributabletoparent1": 3788000
    },
    {
        "date": "2020-05-30",
        "symbol": "CTAS",
        "period": "Q4",
        "revenuefromcontractwithcustomerexcludingassessedtax": 1270970000,
        "costofrevenue": 716602000,
        "sellinggeneralandadministrativeexpense": 500386000,
        "operatingincomeloss": 207434000,
        "investmentincomeinterest": 196000,
        "interestexpense": 25952000,
        "incomelossfromcontinuingoperationsbeforeincometaxesminorityinterestandincomelossfromequitymethodinvestments": 181678000,
        "incometaxexpensebenefit": 37093000,
        "incomelossfromcontinuingoperations": 144585000,
        "netincomeloss": 144585000,
        "incomelossfromcontinuingoperationsperbasicshare": 1.379999999999999,
        "earningspersharebasic": 1.379999999999999,
        "incomelossfromcontinuingoperationsperdilutedshare": 1.3499999999999996,
        "earningspersharediluted": 1.3499999999999996,
        "othercomprehensiveincomelosscashflowhedgegainlossbeforereclassificationaftertax": -34230000,
        "othercomprehensiveincomelosscashflowhedgegainlossreclassificationaftertax": 422000,
        "othercomprehensiveincomelossnetoftaxportionattributabletoparent": -58566000,
        "comprehensiveincomenetoftax": 86019000
    },
    {
        "date": "2020-02-28",
        "symbol": "CTAS",
        "period": "Q3",
        "revenuefromcontractwithcustomerexcludingassessedtax": 1448021000,
        "costofrevenue": 784930000,
        "sellinggeneralandadministrativeexpense": 509743000,
        "operatingincomeloss": 314652000,
        "investmentincomeinterest": 347000,
        "interestexpense": 25943000,
        "incomelossfromcontinuingoperationsbeforeincometaxesminorityinterestandincomelossfromequitymethodinvestments": 289056000,
        "incometaxexpensebenefit": 54536000,
        "incomelossfromcontinuingoperations": 234520000,
        "netincomeloss": 234520000,
        "incomelossfromcontinuingoperationsperbasicshare": 2.230000000000001,
        "earningspersharebasic": 2.230000000000001,
        "incomelossfromcontinuingoperationsperdilutedshare": 2.1700000000000004,
        "earningspersharediluted": 2.1700000000000004,
        "othercomprehensiveincomeforeigncurrencytransactionandtranslationadjustmentnetoftaxportionattributabletoparent": -4039000,
        "othercomprehensiveincomelosscashflowhedgegainlossbeforereclassificationaftertax": -53582000,
        "othercomprehensiveincomelosscashflowhedgegainlossreclassificationaftertax": 358000,
        "othercomprehensiveincomelossnetoftaxportionattributabletoparent": -57979000,
        "comprehensiveincomenetoftax": 176541000
    },
    {
        "date": "2019-11-29",
        "symbol": "CTAS",
        "period": "Q2",
        "netincomeloss": 246120000,
        "othercomprehensiveincomeforeigncurrencytransactionandtranslationadjustmentnetoftaxportionattributabletoparent": 1413000,
        "othercomprehensiveincomelosscashflowhedgegainlossbeforereclassificationaftertax": 22761000,
        "othercomprehensiveincomelosscashflowhedgegainlossreclassificationaftertax": 358000,
        "othercomprehensiveincomelossnetoftaxportionattributabletoparent": 23816000,
        "comprehensiveincomenetoftax": 269936000,
        "revenuefromcontractwithcustomerexcludingassessedtax": 1469976000,
        "costofrevenue": 784937000,
        "sellinggeneralandadministrativeexpense": 517927000,
        "operatingincomeloss": 334464000,
        "investmentincomeinterest": 283000,
        "interestexpense": 26177000,
        "incomelossfromcontinuingoperationsbeforeincometaxesminorityinterestandincomelossfromequitymethodinvestments": 308570000,
        "incometaxexpensebenefit": 62127000,
        "incomelossfromcontinuingoperations": 246443000,
        "incomelossfromdiscontinuedoperationsnetoftaxattributabletoreportingentity": -323000,
        "incomelossfromcontinuingoperationsperbasicshare": 2.35,
        "earningspersharebasic": 2.35,
        "incomelossfromcontinuingoperationsperdilutedshare": 2.27,
        "earningspersharediluted": 2.27,
        "commonstockdividendspersharedeclared": 2.55,
        "discontinuedoperationtaxeffectofdiscontinuedoperation": -107000
    },
    {
        "date": "2019-08-30",
        "symbol": "CTAS",
        "period": "Q1",
        "netincomeloss": 250812000,
        "othercomprehensiveincomeforeigncurrencytransactionandtranslationadjustmentnetoftaxportionattributabletoparent": 6724000,
        "othercomprehensiveincomelosscashflowhedgegainlossbeforereclassificationaftertax": -29903000,
        "othercomprehensiveincomelosscashflowhedgegainlossreclassificationaftertax": 295000,
        "othercomprehensiveincomelossnetoftaxportionattributabletoparent": -23474000,
        "comprehensiveincomenetoftax": 227338000,
        "revenuefromcontractwithcustomerexcludingassessedtax": 1454527000,
        "costofrevenue": 768676000,
        "sellinggeneralandadministrativeexpense": 542996000,
        "operatingincomeloss": 306146000,
        "investmentincomeinterest": 162000,
        "interestexpense": 27321000,
        "incomelossfromcontinuingoperationsbeforeincometaxesminorityinterestandincomelossfromequitymethodinvestments": 278987000,
        "incometaxexpensebenefit": 28175000,
        "incomelossfromcontinuingoperations": 250812000,
        "incomelossfromcontinuingoperationsperbasicshare": 2.4,
        "earningspersharebasic": 2.4,
        "incomelossfromcontinuingoperationsperdilutedshare": 2.32,
        "earningspersharediluted": 2.32
    },
    {
        "date": "2019-05-30",
        "symbol": "CTAS",
        "period": "Q4",
        "netincomeloss": 240275000,
        "comprehensiveincomenetoftax": -183304000,
        "revenuefromcontractwithcustomerexcludingassessedtax": 1795656000,
        "costofrevenue": 771056000,
        "sellinggeneralandadministrativeexpense": 512581000,
        "businesscombinationintegrationrelatedcosts": 900000,
        "operatingincomeloss": 310766000,
        "investmentincomeinterest": -2000,
        "interestexpense": 474000,
        "incomelossfromcontinuingoperationsbeforeincometaxesminorityinterestandincomelossfromequitymethodinvestments": 285255000,
        "incometaxexpensebenefit": 179000,
        "incomelossfromcontinuingoperations": 295000,
        "incomelossfromdiscontinuedoperationsnetoftaxattributabletoreportingentity": -52000,
        "incomelossfromcontinuingoperationsperbasicshare": 2.130000000000001,
        "earningspersharebasic": 2.13,
        "incomelossfromcontinuingoperationsperdilutedshare": 2.0599999999999996,
        "earningspersharediluted": 2.04,
        "discontinuedoperationtaxeffectofdiscontinuedoperation": -11000
    },
    {
        "date": "2019-02-27",
        "symbol": "CTAS",
        "period": "Q3",
        "netincomeloss": 677227000,
        "comprehensiveincomenetoftax": -195871000,
        "revenuefromcontractwithcustomerexcludingassessedtax": 2010083000,
        "costofrevenue": 1319020000,
        "sellinggeneralandadministrativeexpense": 990426000,
        "businesscombinationintegrationrelatedcosts": 3024000,
        "operatingincomeloss": 781768000,
        "investmentincomeinterest": -3000,
        "interestexpense": -23713000,
        "incomelossfromcontinuingoperationsbeforeincometaxesminorityinterestandincomelossfromequitymethodinvestments": 548049000,
        "incometaxexpensebenefit": -26970000,
        "incomelossfromcontinuingoperations": -207386000,
        "incomelossfromdiscontinuedoperationsnetoftaxattributabletoreportingentity": 2347000,
        "incomelossfromcontinuingoperationsperbasicshare": 1.8899999999999997,
        "earningspersharebasic": 1.9100000000000001,
        "incomelossfromcontinuingoperationsperdilutedshare": 1.84,
        "earningspersharediluted": 1.7699999999999996,
        "discontinuedoperationtaxeffectofdiscontinuedoperation": -9000
    },
    {
        "date": "2018-11-29",
        "symbol": "CTAS",
        "period": "Q2",
        "netincomeloss": -240465000,
        "othercomprehensiveincomeforeigncurrencytransactionandtranslationadjustmentnetoftaxportionattributabletoparent": 10623000,
        "othercomprehensiveincomelosscashflowhedgegainlossbeforereclassificationaftertax": -4921000,
        "othercomprehensiveincomelosscashflowhedgegainlossreclassificationaftertax": -294000,
        "othercomprehensiveincomelossnetoftaxportionattributabletoparent": -10623000,
        "comprehensiveincomenetoftax": -234469000,
        "revenuefromcontractwithcustomerexcludingassessedtax": 1390778000,
        "costofrevenue": 761119000,
        "sellinggeneralandadministrativeexpense": -8547000,
        "businesscombinationintegrationrelatedcosts": 7800000,
        "operatingincomeloss": -240482000,
        "gainlossonsaleofinvestments": 69373000,
        "investmentincomeinterest": -1000,
        "interestexpense": 474000,
        "incomelossfromcontinuingoperationsbeforeincometaxesminorityinterestandincomelossfromequitymethodinvestments": 11421000,
        "incometaxexpensebenefit": 180000,
        "incomelossfromcontinuingoperations": 294000,
        "incomelossfromdiscontinuedoperationsnetoftaxattributabletoreportingentity": 19000,
        "incomelossfromcontinuingoperationsperbasicshare": 2.25,
        "earningspersharebasic": 2.25,
        "incomelossfromcontinuingoperationsperdilutedshare": 2.18,
        "earningspersharediluted": 2.18,
        "commonstockdividendspersharedeclared": 2.05,
        "discontinuedoperationtaxeffectofdiscontinuedoperation": 6000
    },
    {
        "date": "2018-08-30",
        "symbol": "CTAS",
        "period": "Q1",
        "netincomeloss": 207944000,
        "othercomprehensiveincomelossforeigncurrencytransactionandtranslationadjustmentnetoftax": 3019000,
        "othercomprehensiveincomelossderivativesqualifyingashedgesnetoftax": 3168000,
        "othercomprehensiveincomelossamortizationofinterestratelockagreementsnetoftax": 295000,
        "othercomprehensiveincomelossnetoftax": -3019000,
        "comprehensiveincomenetoftax": -204173000,
        "revenuefromcontractwithcustomerexcludingassessedtax": 1698493000,
        "costofrevenue": 176404000,
        "sellinggeneralandadministrativeexpense": 511674000,
        "businesscombinationintegrationrelatedcosts": 2676000,
        "operatingincomeloss": 259112000,
        "investmentincomeinterest": -1000,
        "interestexpense": 24661000,
        "incomelossfromcontinuingoperationsbeforeincometaxesminorityinterestandincomelossfromequitymethodinvestments": 235304000,
        "incometaxexpensebenefit": 27328000,
        "incomelossfromcontinuingoperations": 207976000,
        "incomelossfromdiscontinuedoperationsnetoftaxattributabletoreportingentity": 32000,
        "incomelossfromcontinuingoperationsperbasicshare": 1.96,
        "earningspersharebasic": 1.96,
        "incomelossfromcontinuingoperationsperdilutedshare": 1.89,
        "earningspersharediluted": 1.85,
        "discontinuedoperationtaxeffectofdiscontinuedoperation": -10000
    },
    {
        "date": "2018-05-30",
        "symbol": "CTAS",
        "period": "Q4",
        "netincomeloss": 1065947000,
        "othercomprehensiveincomelossforeigncurrencytransactionandtranslationadjustmentnetoftax": -63460000,
        "comprehensiveincomenetoftax": -681163000,
        "revenueuniformrentalandfacilityservices": -1414215000,
        "revenueotherservices": -624583000,
        "revenues": 179057000,
        "costofuniformrentalandfacilityservices": -859705000,
        "costofotherservices": -425062000,
        "sellinggeneralandadministrativeexpense": -247468000,
        "businesscombinationintegrationrelatedcosts": 28636000,
        "operatingincomeloss": -596231000,
        "investmentincomeinterest": -343000,
        "interestexpense": -29565000,
        "incomelossfromcontinuingoperationsbeforeincometaxesminorityinterestandincomelossfromequitymethodinvestments": 22760000,
        "incomelossfromcontinuingoperations": -160641000,
        "incomelossfromdiscontinuedoperationsnetoftaxattributabletoreportingentity": -3127000,
        "incomelossfromcontinuingoperationsperbasicshare": 1.7399999999999998,
        "incomelossfromdiscontinuedoperationsnetoftaxperbasicshare": -0.02999999999999997,
        "earningspersharebasic": 1.7100000000000004,
        "incomelossfromcontinuingoperationsperdilutedshare": 1.68,
        "incomelossfromdiscontinuedoperationsnetoftaxperdilutedshare": -0.019999999999999962,
        "earningspersharediluted": 1.6599999999999997,
        "discontinuedoperationtaxeffectofdiscontinuedoperation": -42657000
    },
    {
        "date": "2018-02-27",
        "symbol": "CTAS",
        "period": "Q3",
        "netincomeloss": -302562000,
        "othercomprehensiveincomelossforeigncurrencytransactionandtranslationadjustmentnetoftax": -2374000,
        "othercomprehensiveincomelossamortizationofinterestratelockagreementsnetoftax": 294000,
        "othercomprehensiveincomelossnetoftax": 2374000,
        "comprehensiveincomenetoftax": -304642000,
        "revenueuniformrentalandfacilityservices": -44917000,
        "revenueotherservices": -153872000,
        "revenues": 167295000,
        "costofuniformrentalandfacilityservices": -70156000,
        "costofotherservices": -120914000,
        "sellinggeneralandadministrativeexpense": -7155000,
        "businesscombinationintegrationrelatedcosts": 5101000,
        "operatingincomeloss": -296353000,
        "investmentincomeinterest": -2000,
        "interestexpense": 474000,
        "incomelossfromcontinuingoperationsbeforeincometaxesminorityinterestandincomelossfromequitymethodinvestments": 10032000,
        "incometaxexpensebenefit": 180000,
        "incomelossfromcontinuingoperations": 294000,
        "incomelossfromdiscontinuedoperationsnetoftaxattributabletoreportingentity": 6306000,
        "incomelossfromcontinuingoperationsperbasicshare": 2.73,
        "incomelossfromdiscontinuedoperationsnetoftaxperbasicshare": 0.06,
        "earningspersharebasic": 2.79,
        "incomelossfromcontinuingoperationsperdilutedshare": 2.66,
        "incomelossfromdiscontinuedoperationsnetoftaxperdilutedshare": 0.05,
        "earningspersharediluted": 2.71,
        "commonstockdividendspersharedeclared": 1.62,
        "discontinuedoperationtaxeffectofdiscontinuedoperation": 242000
    },
    {
        "date": "2017-11-29",
        "symbol": "CTAS",
        "period": "Q2",
        "netincomeloss": -138010000,
        "othercomprehensiveincomelossforeigncurrencytransactionandtranslationadjustmentnetoftax": 11374000,
        "othercomprehensiveincomelossamortizationofinterestratelockagreementsnetoftax": 172000,
        "othercomprehensiveincomelossavailableforsalesecuritiesadjustmentnetoftax": 20000,
        "othercomprehensiveincomelossnetoftax": -11374000,
        "comprehensiveincomenetoftax": -126444000,
        "revenueuniformrentalandfacilityservices": -49882000,
        "revenueotherservices": -158805000,
        "revenues": 159313000,
        "costofuniformrentalandfacilityservices": -75337000,
        "costofotherservices": -126345000,
        "sellinggeneralandadministrativeexpense": -6079000,
        "businesscombinationintegrationrelatedcosts": 4192000,
        "operatingincomeloss": -138663000,
        "investmentincomeinterest": 45000,
        "interestexpense": 278000,
        "incomelossfromcontinuingoperationsbeforeincometaxesminorityinterestandincomelossfromequitymethodinvestments": 13422000,
        "incometaxexpensebenefit": 106000,
        "incomelossfromcontinuingoperations": 172000,
        "incomelossfromdiscontinuedoperationsnetoftaxattributabletoreportingentity": -628000,
        "incomelossfromcontinuingoperationsperbasicshare": 1.27,
        "incomelossfromdiscontinuedoperationsnetoftaxperbasicshare": -0.01,
        "earningspersharebasic": 1.26,
        "incomelossfromcontinuingoperationsperdilutedshare": 1.24,
        "incomelossfromdiscontinuedoperationsnetoftaxperdilutedshare": -0.01,
        "earningspersharediluted": 1.23,
        "commonstockdividendspersharedeclared": 1.62,
        "discontinuedoperationtaxeffectofdiscontinuedoperation": -18000
    },
    {
        "date": "2017-08-30",
        "symbol": "CTAS",
        "period": "Q1",
        "netincomeloss": 217211000,
        "othercomprehensiveincomelossforeigncurrencytransactionandtranslationadjustmentnetoftax": 35184000,
        "othercomprehensiveincomelossamortizationofinterestratelockagreementsnetoftax": -172000,
        "othercomprehensiveincomelossavailableforsalesecuritiesadjustmentnetoftax": 20000,
        "othercomprehensiveincomelossnetoftax": 35032000,
        "comprehensiveincomenetoftax": 252243000,
        "revenueuniformrentalandfacilityservices": 1311784000,
        "revenueotherservices": 299719000,
        "revenues": 159137000,
        "costofuniformrentalandfacilityservices": 706863000,
        "costofotherservices": 165287000,
        "sellinggeneralandadministrativeexpense": 486283000,
        "businesscombinationintegrationrelatedcosts": 3971000,
        "operatingincomeloss": 249099000,
        "investmentincomeinterest": 297000,
        "interestexpense": 30317000,
        "incomelossfromcontinuingoperationsbeforeincometaxesminorityinterestandincomelossfromequitymethodinvestments": 10778000,
        "incometaxexpensebenefit": 57971000,
        "incomelossfromcontinuingoperations": 161108000,
        "incomelossfromdiscontinuedoperationsnetoftaxattributabletoreportingentity": 56103000,
        "incomelossfromcontinuingoperationsperbasicshare": 1.5,
        "incomelossfromdiscontinuedoperationsnetoftaxperbasicshare": 0.52,
        "earningspersharebasic": 2.02,
        "incomelossfromcontinuingoperationsperdilutedshare": 1.45,
        "incomelossfromdiscontinuedoperationsnetoftaxperdilutedshare": 0.51,
        "earningspersharediluted": 1.96,
        "discontinuedoperationtaxeffectofdiscontinuedoperation": 41727000
    },
    {
        "date": "2017-02-27",
        "symbol": "CTAS",
        "period": "Q3",
        "netincomeloss": -390949000,
        "othercomprehensiveincomelossforeigncurrencytransactionandtranslationadjustmentnetoftax": -2630000,
        "othercomprehensiveincomelossderivativesqualifyingashedgesnetoftax": 21514000,
        "othercomprehensiveincomelossamortizationofinterestratelockagreementsnetoftax": -1170000,
        "othercomprehensiveincomelossnetoftax": 6255000,
        "comprehensiveincomenetoftax": -373218000,
        "revenuerentaluniformsandancillaryproducts": -1081668000,
        "revenueotherservices": -562973000,
        "revenues": 163498000,
        "costofrentaluniformsandancillaryproducts": -665458000,
        "costofotherservices": -384361000,
        "sellinggeneralandadministrativeexpense": -388267000,
        "businesscombinationacquisitionrelatedcosts": 9366000,
        "operatingincomeloss": -459864000,
        "investmentincomeinterest": -66000,
        "interestexpense": 15636000,
        "incomelossfromcontinuingoperationsbeforeincometaxesminorityinterestandincomelossfromequitymethodinvestments": 9917000,
        "incometaxexpensebenefit": -54809000,
        "incomelossfromcontinuingoperations": -390949000,
        "incomelossfromcontinuingoperationsperbasicshare": 1.1100000000000003,
        "earningspersharebasic": 1.0999999999999996,
        "incomelossfromcontinuingoperationsperdilutedshare": 1.0800000000000003,
        "earningspersharediluted": 1.07
    },
    {
        "date": "2016-11-29",
        "symbol": "CTAS",
        "period": "Q2",
        "netincomeloss": -140059000,
        "othercomprehensiveincomelossforeigncurrencytransactionandtranslationadjustmentnetoftax": 7650000,
        "othercomprehensiveincomelossderivativesqualifyingashedgesnetoftax": -26390000,
        "othercomprehensiveincomelossamortizationofinterestratelockagreementsnetoftax": -385000,
        "othercomprehensiveincomelossavailableforsalesecuritiesadjustmentnetoftax": -1000,
        "othercomprehensiveincomelossnetoftax": -7650000,
        "comprehensiveincomenetoftax": -159185000,
        "revenuerentaluniformsandancillaryproducts": -43373000,
        "revenueotherservices": -138815000,
        "revenues": 166561000,
        "costofrentaluniformsandancillaryproducts": -63827000,
        "costofotherservices": -111711000,
        "sellinggeneralandadministrativeexpense": -6940000,
        "businesscombinationacquisitionrelatedcosts": 3347000,
        "operatingincomeloss": -140087000,
        "investmentincomeinterest": -1000,
        "interestexpense": 14528000,
        "incomelossfromcontinuingoperationsbeforeincometaxesminorityinterestandincomelossfromequitymethodinvestments": 10718000,
        "incometaxexpensebenefit": -29000,
        "incomelossfromcontinuingoperations": -140059000,
        "incomelossfromdiscontinuedoperationsnetoftaxattributabletoreportingentity": 16923000,
        "incomelossfromcontinuingoperationsperbasicshare": 1.16,
        "discontinuedoperationincomelossfromdiscontinuedoperationnetoftaxperbasicshare": 0.16,
        "earningspersharebasic": 1.32,
        "incomelossfromcontinuingoperationsperdilutedshare": 1.13,
        "discontinuedoperationincomelossfromdiscontinuedoperationnetoftaxperdilutedshare": 0.16,
        "earningspersharediluted": 1.29,
        "commonstockdividendspersharedeclared": 1.33,
        "discontinuedoperationtaxeffectofdiscontinuedoperation": 8953000
    },
    {
        "date": "2016-08-30",
        "symbol": "CTAS",
        "period": "Q1",
        "netincomeloss": 138091000,
        "othercomprehensiveincomelossforeigncurrencytransactionandtranslationadjustmentnetoftax": 115000,
        "othercomprehensiveincomelossderivativesqualifyingashedgesnetoftax": -12037000,
        "othercomprehensiveincomelossamortizationofinterestratelockagreementsnetoftax": 400000,
        "othercomprehensiveincomelossavailableforsalesecuritiesadjustmentnetoftax": -1000,
        "othercomprehensiveincomelossnetoftax": -11538000,
        "comprehensiveincomenetoftax": 126553000,
        "revenuerentaluniformsandancillaryproducts": 999596000,
        "revenueotherservices": 294534000,
        "revenues": 169695000,
        "costofrentaluniformsandancillaryproducts": 540932000,
        "costofotherservices": 169424000,
        "sellinggeneralandadministrativeexpense": 374026000,
        "businesscombinationacquisitionrelatedcosts": 2787000,
        "operatingincomeloss": 206961000,
        "investmentincomeinterest": 65000,
        "interestexpense": 14172000,
        "incomelossfromcontinuingoperationsbeforeincometaxesminorityinterestandincomelossfromequitymethodinvestments": 10205000,
        "incometaxexpensebenefit": 54763000,
        "incomelossfromcontinuingoperations": 138091000,
        "incomelossfromcontinuingoperationsperbasicshare": 1.29,
        "earningspersharebasic": 1.29,
        "incomelossfromcontinuingoperationsperdilutedshare": 1.26,
        "earningspersharediluted": 1.26
    },
    {
        "date": "2015-11-29",
        "symbol": "CTAS",
        "period": "Q2",
        "netincomeloss": 267111000,
        "othercomprehensiveincomelossforeigncurrencytransactionandtranslationadjustmentnetoftax": -4626000,
        "othercomprehensiveincomelossinvestmenttranslationadjustmentnetoftax": -5875000,
        "othercomprehensiveincomelossamortizationofinterestratelockagreementsnetoftax": 488000,
        "othercomprehensiveincomelossavailableforsalesecuritiesadjustmentnetoftax": -10000,
        "othercomprehensiveincomelossnetoftax": 1846000,
        "comprehensiveincomenetoftax": 273474000,
        "revenuerentaluniformsandancillaryproducts": 723216000,
        "revenueotherservices": 394257000,
        "revenues": 160938000,
        "costofrentaluniformsandancillaryproducts": 455311000,
        "costofotherservices": 248687000,
        "sellinggeneralandadministrativeexpense": 345802000,
        "operatingincomeloss": 67673000,
        "investmentincomeinterest": 12000,
        "interestexpense": 16427000,
        "incomelossfromcontinuingoperationsbeforeincometaxesminorityinterestandincomelossfromequitymethodinvestments": 16207000,
        "incometaxexpensebenefit": 18751000,
        "incomelossfromcontinuingoperations": 32507000,
        "incomelossfromdiscontinuedoperationsnetoftaxattributabletoreportingentity": 229647000,
        "incomelossfromcontinuingoperationsperbasicshare": 1.05,
        "incomelossfromdiscontinuedoperationsnetoftaxperbasicshare": 2.06,
        "earningspersharebasic": 3.11,
        "incomelossfromcontinuingoperationsperdilutedshare": 1.03,
        "incomelossfromdiscontinuedoperationsnetoftaxperdilutedshare": 2.03,
        "earningspersharediluted": 3.06,
        "commonstockdividendspersharedeclared": 1.05,
        "discontinuedoperationtaxeffectofdiscontinuedoperation": 336000
    },
    {
        "date": "2015-08-30",
        "symbol": "CTAS",
        "period": "Q1",
        "netincomeloss": 27628000,
        "othercomprehensiveincomelossforeigncurrencytransactionandtranslationadjustmentnetoftax": -12013000,
        "othercomprehensiveincomelossamortizationofinterestratelockagreementsnetoftax": 488000,
        "othercomprehensiveincomelossavailableforsalesecuritiesadjustmentnetoftax": -8000,
        "othercomprehensiveincomelossnetoftax": 488000,
        "comprehensiveincomenetoftax": 28116000,
        "revenuerentaluniformsandancillaryproducts": 721329000,
        "revenueotherservices": 372611000,
        "revenues": 160994000,
        "costofrentaluniformsandancillaryproducts": 440580000,
        "costofotherservices": 237369000,
        "sellinggeneralandadministrativeexpense": 347076000,
        "operatingincomeloss": 68915000,
        "investmentincomeinterest": 71000,
        "interestexpense": 16375000,
        "incomelossfromcontinuingoperationsbeforeincometaxesminorityinterestandincomelossfromequitymethodinvestments": 11534000,
        "incometaxexpensebenefit": 19589000,
        "incomelossfromcontinuingoperations": 32951000,
        "incomelossfromdiscontinuedoperationsnetoftaxattributabletoreportingentity": -6017000,
        "incomelossfromcontinuingoperationsperbasicshare": 0.94,
        "incomelossfromdiscontinuedoperationsnetoftaxperbasicshare": -0.05,
        "earningspersharebasic": 0.89,
        "incomelossfromcontinuingoperationsperdilutedshare": 0.93,
        "incomelossfromdiscontinuedoperationsnetoftaxperdilutedshare": -0.05,
        "earningspersharediluted": 0.88,
        "discontinuedoperationtaxeffectofdiscontinuedoperation": 85000
    },
    {
        "date": "2015-05-30",
        "symbol": "CTAS",
        "period": "Q4",
        "netincomeloss": 327685000,
        "othercomprehensiveincomelossforeigncurrencytransactionandtranslationadjustmentnetoftax": -4408000,
        "othercomprehensiveincomelossderivativesqualifyingashedgesnetoftax": 70000,
        "comprehensiveincomenetoftax": 32416000,
        "revenuerentaluniformsandancillaryproducts": 675659000,
        "revenueotherservices": 374256000,
        "revenues": 118802000,
        "costofrentaluniformsandancillaryproducts": 393012000,
        "costofotherservices": 246767000,
        "sellinggeneralandadministrativeexpense": -845879000,
        "operatingincomeloss": 64587000,
        "investmentincomeinterest": 0,
        "interestexpense": 17098000,
        "incomelossfromcontinuingoperationsbeforeincometaxesminorityinterestandincomelossfromequitymethodinvestments": 14767000,
        "incomelossfromcontinuingoperations": 30362000,
        "incomelossfromdiscontinuedoperationsnetoftaxattributabletoreportingentity": 6415000,
        "incomelossfromcontinuingoperationsperbasicshare": 0.8800000000000003,
        "earningspersharebasic": 0.9100000000000001,
        "incomelossfromcontinuingoperationsperdilutedshare": 0.86,
        "earningspersharediluted": 0.9
    },
    {
        "date": "2015-02-27",
        "symbol": "CTAS",
        "period": "Q3",
        "netincomeloss": 93119000,
        "othercomprehensiveincomelossforeigncurrencytransactionandtranslationadjustmentnetoftax": -22237000,
        "othercomprehensiveincomelossderivativesqualifyingashedgesnetoftax": -29000,
        "othercomprehensiveincomelossamortizationofinterestratelockagreementsnetoftax": 488000,
        "othercomprehensiveincomelossnetoftax": 13358000,
        "comprehensiveincomenetoftax": -39364000,
        "revenuerentaluniformsandancillaryproducts": 2051129000,
        "revenueotherservices": 341642000,
        "revenues": -37760000,
        "costofrentaluniformsandancillaryproducts": 1000061000,
        "costofotherservices": 873261000,
        "sellinggeneralandadministrativeexpense": 893672000,
        "operatingincomeloss": -19923000,
        "investmentincomeinterest": 2000,
        "interestexpense": 16356000,
        "incomelossfromcontinuingoperationsbeforeincometaxesminorityinterestandincomelossfromequitymethodinvestments": 17591000,
        "incometaxexpensebenefit": 13276000,
        "incomelossfromcontinuingoperations": -126430000,
        "incomelossfromdiscontinuedoperationsnetoftaxattributabletoreportingentity": 538000,
        "incomelossfromcontinuingoperationsperbasicshare": 0.7999999999999998,
        "earningspersharebasic": 0.81,
        "incomelossfromcontinuingoperationsperdilutedshare": 0.7900000000000001,
        "earningspersharediluted": 0.7999999999999999
    },
    {
        "date": "2014-11-29",
        "symbol": "CTAS",
        "period": "Q2",
        "netincomeloss": -65202000,
        "othercomprehensiveincomelossforeigncurrencytransactionandtranslationadjustmentnetoftax": -9778000,
        "othercomprehensiveincomelossderivativesqualifyingashedgesnetoftax": -21000,
        "othercomprehensiveincomelossamortizationofinterestratelockagreementsnetoftax": 488000,
        "othercomprehensiveincomelossnetoftax": -12382000,
        "comprehensiveincomenetoftax": 110123000,
        "revenuerentaluniformsandancillaryproducts": -34509000,
        "revenueotherservices": 699007000,
        "revenues": 299006000,
        "costofrentaluniformsandancillaryproducts": 277182000,
        "costofotherservices": -398573000,
        "sellinggeneralandadministrativeexpense": 43189000,
        "operatingincomeloss": 318515000,
        "deconsolidationgainorlossamount": 0,
        "equitymethodinvestmentrealizedgainlossondisposal": 0,
        "investmentincomeinterest": -38000,
        "interestexpense": 32674000,
        "incomelossfromcontinuingoperationsbeforeincometaxesminorityinterestandincomelossfromequitymethodinvestments": 6487000,
        "incometaxexpensebenefit": -6331000,
        "incomelossfromcontinuingoperations": 180460000,
        "incomelossfromdiscontinuedoperationsnetoftaxattributabletoreportingentity": 15271000,
        "incomelossfromcontinuingoperationsperbasicshare": 0.8700000000000001,
        "earningspersharebasic": 1.02,
        "incomelossfromcontinuingoperationsperdilutedshare": 0.86,
        "earningspersharediluted": 0.9999999999999999
    },
    {
        "date": "2014-08-30",
        "symbol": "CTAS",
        "period": "Q1",
        "netincomeloss": 75016000,
        "othercomprehensiveincomelossforeigncurrencytransactionandtranslationadjustmentnetoftax": -2115000,
        "othercomprehensiveincomelossderivativesqualifyingashedgesnetoftax": 17000,
        "othercomprehensiveincomelossamortizationofinterestratelockagreementsnetoftax": 488000,
        "othercomprehensiveincomelossnetoftax": 488000,
        "comprehensiveincomenetoftax": 33638000,
        "revenuerentaluniformsandancillaryproducts": -35102000,
        "revenueotherservices": 6956000,
        "revenues": 73605000,
        "costofrentaluniformsandancillaryproducts": -69798000,
        "costofotherservices": 228239000,
        "sellinggeneralandadministrativeexpense": -5665000,
        "operatingincomeloss": -111037000,
        "deconsolidationgainorlossamount": 6619000,
        "equitymethodinvestmentrealizedgainlossondisposal": 21739000,
        "investmentincomeinterest": 48000,
        "interestexpense": 170000,
        "incomelossfromcontinuingoperationsbeforeincometaxesminorityinterestandincomelossfromequitymethodinvestments": 5284000,
        "incometaxexpensebenefit": 44207000,
        "incomelossfromcontinuingoperations": 32777000,
        "incomelossfromdiscontinuedoperationsnetoftaxattributabletoreportingentity": 317000,
        "incomelossfromcontinuingoperationsperbasicshare": 0.94,
        "earningspersharebasic": 0.94,
        "incomelossfromcontinuingoperationsperdilutedshare": 0.93,
        "earningspersharediluted": 0.93
    },
    {
        "date": "2014-02-27",
        "symbol": "CTAS",
        "period": "Q3",
        "netincomeloss": 55074000,
        "othercomprehensiveincomelossforeigncurrencytransactionandtranslationadjustmentnetoftax": -5776000,
        "othercomprehensiveincomelossavailableforsalesecuritiesadjustmentnetoftax": 3000,
        "othercomprehensiveincomelossnetoftax": -5857000,
        "comprehensiveincomenetoftax": 164320000,
        "revenuerentaluniformsandancillaryproducts": 1159492000,
        "revenueotherservices": 1301374000,
        "revenues": -545464000,
        "costofrentaluniformsandancillaryproducts": -19867000,
        "costofotherservices": -136342000,
        "sellinggeneralandadministrativeexpense": 92642000,
        "operatingincomeloss": -418978000,
        "investmentincomeinterest": -29966000,
        "interestexpense": -16419000,
        "incomelossfromcontinuingoperationsbeforeincometaxesminorityinterestandincomelossfromequitymethodinvestments": -83614000,
        "incometaxexpensebenefit": 33376000,
        "earningspersharebasic": 0.7000000000000001,
        "earningspersharediluted": 0.6900000000000001
    },
    {
        "date": "2013-11-29",
        "symbol": "CTAS",
        "period": "Q2",
        "netincomeloss": 84862000,
        "othercomprehensiveincomelossforeigncurrencytransactionandtranslationadjustmentnetoftax": 2042000,
        "othercomprehensiveincomelossderivativesqualifyingashedgesnetoftax": -189000,
        "othercomprehensiveincomelossamortizationofinterestratelockagreementsnetoftax": 488000,
        "othercomprehensiveincomelossavailableforsalesecuritiesadjustmentnetoftax": -4000,
        "othercomprehensiveincomelossnetoftax": 1849000,
        "comprehensiveincomenetoftax": 56722000,
        "othercomprehensiveincomelossderivativesqualifyingashedgestax": 100000,
        "othercomprehensiveincomelossotheradjustmentstax": 295000,
        "othercomprehensiveincomelossavailableforsalesecuritiestax": 100000,
        "revenuerentaluniformsandancillaryproducts": 614742000,
        "revenueotherservices": 34784000,
        "revenues": 1034275000,
        "costofrentaluniformsandancillaryproducts": 96831000,
        "costofotherservices": 272410000,
        "sellinggeneralandadministrativeexpense": -10965000,
        "operatingincomeloss": 91376000,
        "investmentincomeinterest": 2000,
        "interestexpense": 17000,
        "incomelossfromcontinuingoperationsbeforeincometaxesminorityinterestandincomelossfromequitymethodinvestments": -85280000,
        "incometaxexpensebenefit": 34709000,
        "earningspersharebasic": 0.71,
        "earningspersharediluted": 0.7,
        "commonstockdividendspersharedeclared": 0.77
    },
    {
        "date": "2013-08-30",
        "symbol": "CTAS",
        "period": "Q1",
        "netincomeloss": 25681000,
        "othercomprehensiveincomelossforeigncurrencytransactionandtranslationadjustmentnetoftax": 7000,
        "othercomprehensiveincomelossamortizationofinterestratelockagreementsperioddecreaseincrease": 488000,
        "othercomprehensiveincomelossavailableforsalesecuritiesadjustmentnetoftax": -13000,
        "othercomprehensiveincomelossnetoftax": -13000,
        "comprehensiveincomenetoftax": 26176000,
        "othercomprehensiveincomelossotheradjustmentstax": -100000,
        "othercomprehensiveincomelossavailableforsalesecuritiestax": 100000,
        "revenuerentaluniformsandancillaryproducts": 54965000,
        "revenueotherservices": -117031000,
        "revenues": -225207000,
        "costofrentaluniformsandancillaryproducts": 38556000,
        "costofotherservices": -76916000,
        "sellinggeneralandadministrativeexpense": -4205000,
        "operatingincomeloss": 80916000,
        "investmentincomeinterest": 14694000,
        "interestexpense": 16480000,
        "incomelossfromcontinuingoperationsbeforeincometaxesminorityinterestandincomelossfromequitymethodinvestments": -93062000,
        "incometaxexpensebenefit": 29968000,
        "earningspersharebasic": 0.63,
        "earningspersharediluted": 0.63
    },
    {
        "date": "2012-11-29",
        "symbol": "CTAS",
        "period": "Q2",
        "netincomeloss": 47031000,
        "othercomprehensiveincomeforeigncurrencytransactionandtranslationadjustmentnetoftaxperiodincreasedecrease": -7002000,
        "othercomprehensiveincomederivativesqualifyingashedgesnetoftaxperiodincreasedecrease": 0,
        "othercomprehensiveincomeavailableforsalesecuritiesadjustmentnetoftaxperiodincreasedecrease": -3000,
        "othercomprehensiveincomelossnetoftaxperiodincreasedecrease": 487000,
        "comprehensiveincomenetoftax": 78027000,
        "othercomprehensiveincomederivativesqualifyingashedgestaxeffectperiodincreasedecrease": 0,
        "othercomprehensiveincomeavailableforsalesecuritiestax": -200000,
        "revenuerentaluniformsandancillaryproducts": 1179602000,
        "revenueotherservices": -246372000,
        "revenues": 3800000,
        "costofrentaluniformsandancillaryproducts": 147736000,
        "costofotherservices": 495272000,
        "sellinggeneralandadministrativeexpense": -242638000,
        "operatingincomeloss": -164550000,
        "investmentincomeinterest": 143000,
        "interestexpense": 16277000,
        "incomelossfromcontinuingoperationsbeforeincometaxesminorityinterestandincomelossfromequitymethodinvestments": 73846000,
        "incometaxexpensebenefit": -1041000,
        "earningspersharebasic": 0.63,
        "earningspersharediluted": 0.63
    },
    {
        "date": "2012-08-30",
        "symbol": "CTAS",
        "period": "Q1",
        "netincomeloss": 3532000,
        "othercomprehensiveincomeforeigncurrencytransactionandtranslationadjustmentnetoftaxperiodincreasedecrease": 7009000,
        "othercomprehensiveincomederivativesqualifyingashedgesnetoftaxperiodincreasedecrease": -151000,
        "othercomprehensiveincomelossamortizationofinterestratelockagreementsperiodincreasedecrease": 488000,
        "othercomprehensiveincomeavailableforsalesecuritiesadjustmentnetoftaxperiodincreasedecrease": -2000,
        "othercomprehensiveincomelossnetoftaxperiodincreasedecrease": 345000,
        "comprehensiveincomenetoftax": 76733000,
        "othercomprehensiveincomederivativesqualifyingashedgestaxeffectperiodincreasedecrease": 100000,
        "othercomprehensiveincomeavailableforsalesecuritiestax": 100000,
        "revenuerentaluniformsandancillaryproducts": -28043000,
        "revenueotherservices": 10879000,
        "revenues": 163696000,
        "costofrentaluniformsandancillaryproducts": 36620000,
        "costofotherservices": -2417000,
        "sellinggeneralandadministrativeexpense": 290644000,
        "operatingincomeloss": 4533000,
        "investmentincomeinterest": 18000,
        "interestexpense": 16566000,
        "incomelossfromcontinuingoperationsbeforeincometaxesminorityinterestandincomelossfromequitymethodinvestments": 80914000,
        "incometaxexpensebenefit": 1024000,
        "earningspersharebasic": 0.61,
        "earningspersharediluted": 0.6
    },
    {
        "date": "2012-02-28",
        "symbol": "CTAS",
        "period": "Q3",
        "revenuerentaluniformsandancillaryproducts": 886687000,
        "revenueotherservices": 231125000,
        "revenues": -1322626000,
        "costofrentaluniformsandancillaryproducts": 466589000,
        "costofotherservices": 130152000,
        "sellinggeneralandadministrativeexpense": 323216000,
        "operatingincomeloss": -213903000,
        "investmentincomeinterest": 658000,
        "interestexpense": 16777000,
        "incomelossfromcontinuingoperationsbeforeincometaxesminorityinterestandincomelossfromequitymethodinvestments": -196370000,
        "incometaxexpensebenefit": 68956000,
        "netincomeloss": -177696000,
        "earningspersharebasic": 0.5800000000000001,
        "earningspersharediluted": 0.5800000000000001
    },
    {
        "date": "2011-11-29",
        "symbol": "CTAS",
        "period": "Q2",
        "revenuerentaluniformsandancillaryproducts": 722789000,
        "revenueotherservices": 296337000,
        "revenues": -217591000,
        "costofrentaluniformsandancillaryproducts": 410247000,
        "costofotherservices": 179082000,
        "sellinggeneralandadministrativeexpense": 297112000,
        "operatingincomeloss": -70157000,
        "investmentincomeinterest": 403000,
        "interestexpense": 17728000,
        "incomelossfromcontinuingoperationsbeforeincometaxesminorityinterestandincomelossfromequitymethodinvestments": -70157000,
        "incometaxexpensebenefit": 41010000,
        "netincomeloss": -70147000,
        "earningspersharebasic": 0.57,
        "earningspersharediluted": 0.57,
        "commonstockdividendspersharedeclared": 0.54
    },
    {
        "date": "2011-08-30",
        "symbol": "CTAS",
        "period": "Q1",
        "revenuerentaluniformsandancillaryproducts": 553748000,
        "revenueotherservices": 357732000,
        "revenues": 911480000,
        "costofrentaluniformsandancillaryproducts": 346775000,
        "costofotherservices": 220833000,
        "sellinggeneralandadministrativeexpense": 275617000,
        "operatingincomeloss": 68255000,
        "investmentincomeinterest": 80000,
        "interestexpense": 17776000,
        "incomelossfromcontinuingoperationsbeforeincometaxesminorityinterestandincomelossfromequitymethodinvestments": 50559000,
        "incometaxexpensebenefit": 18666000,
        "netincomeloss": 31893000,
        "earningspersharebasic": 0.52,
        "earningspersharediluted": 0.52
    },
    {
        "date": "2011-02-27",
        "symbol": "CTAS",
        "period": "Q3",
        "revenuerentaluniformsandancillaryproducts": 664976000,
        "revenueotherservices": 272851000,
        "revenues": 937827000,
        "costofrentaluniformsandancillaryproducts": 380224000,
        "costofotherservices": 165682000,
        "sellinggeneralandadministrativeexpense": 283045000,
        "operatingincomeloss": 108876000,
        "investmentincomeinterest": 280000,
        "interestexpense": 12520000,
        "incomelossfromcontinuingoperationsbeforeincometaxesminorityinterestandincomelossfromequitymethodinvestments": 96636000,
        "incometaxexpensebenefit": 37566000,
        "profitloss": 59070000,
        "earningspersharebasic": 0.4099999999999999,
        "earningspersharediluted": 0.4099999999999999
    },
    {
        "date": "2010-11-29",
        "symbol": "CTAS",
        "period": "Q2",
        "revenuerentaluniformsandancillaryproducts": 657847000,
        "revenueotherservices": 278719000,
        "revenues": 936566000,
        "costofrentaluniformsandancillaryproducts": 377471000,
        "costofotherservices": 168447000,
        "sellinggeneralandadministrativeexpense": 288304000,
        "operatingincomeloss": 102344000,
        "investmentincomeinterest": 394000,
        "interestexpense": 12161000,
        "incomelossfromcontinuingoperationsbeforeincometaxesminorityinterestandincomelossfromequitymethodinvestments": 90577000,
        "incometaxexpensebenefit": 34711000,
        "profitloss": 55866000,
        "earningspersharebasic": 0.38,
        "earningspersharediluted": 0.38,
        "commonstockdividendspersharecashpaid": 0.49
    },
    {
        "date": "2010-08-30",
        "symbol": "CTAS",
        "period": "Q1",
        "revenuerentaluniformsandancillaryproducts": 657564000,
        "revenueotherservices": 266340000,
        "revenues": 923904000,
        "costofrentaluniformsandancillaryproducts": 371515000,
        "costofotherservices": 158718000,
        "sellinggeneralandadministrativeexpense": 293425000,
        "operatingincomeloss": 100246000,
        "investmentincomeinterest": 578000,
        "interestexpense": 12274000,
        "incomelossfromcontinuingoperationsbeforeincometaxesminorityinterestandincomelossfromequitymethodinvestments": 88550000,
        "incometaxexpensebenefit": 27273000,
        "profitloss": 61277000,
        "earningspersharebasic": 0.4,
        "earningspersharediluted": 0.4
    }
]