[
    {
        "date": "2024-09-29",
        "symbol": "IQV",
        "period": "Q3",
        "revenuefromcontractwithcustomerexcludingassessedtax": 3896000000,
        "costofgoodsandserviceexcludingdepreciationdepletionandamortization": 2518000000,
        "sellinggeneralandadministrativeexpense": 522000000,
        "depreciationdepletionandamortization": 278000000,
        "restructuringcharges": 28000000,
        "operatingincomeloss": 550000000,
        "investmentincomeinterest": 13000000,
        "interestexpense": 170000000,
        "othernonoperatingincomeexpense": -44000000,
        "incomelossfromcontinuingoperationsbeforeincometaxesminorityinterestandincomelossfromequitymethodinvestments": 349000000,
        "incometaxexpensebenefit": 65000000,
        "incomelossfromcontinuingoperationsafterincometaxesandbeforeequityinearningsofunconsolidatedaffiliates": 284000000,
        "incomelossfromequitymethodinvestments": 1000000,
        "profitloss": 285000000,
        "netincomeloss": 285000000,
        "earningspersharebasic": 1.57,
        "earningspersharediluted": 1.55,
        "weightedaveragenumberofsharesoutstandingbasic": 182100000,
        "weightedaveragenumberofdilutedsharesoutstanding": 184200000,
        "othercomprehensiveincomelosscashflowhedgegainlossbeforereclassificationaftertax": -41000000,
        "othercomprehensiveincomelosspensionandotherpostretirementbenefitplansadjustmentnetoftax": 1000000,
        "othercomprehensiveincomeforeigncurrencytransactionandtranslationgainlossarisingduringperiodnetoftax": 173000000,
        "othercomprehensiveincomelosscashflowhedgegainlossreclassificationaftertax": 8000000,
        "comprehensiveincomenetoftaxincludingportionattributabletononcontrollinginterest": 408000000,
        "othercomprehensiveincomelosscashflowhedgegainlossbeforereclassificationtax": -14000000,
        "othercomprehensiveincomeforeigncurrencytranslationgainlossarisingduringperiodtax": -37000000,
        "othercomprehensiveincomelosscashflowhedgegainlossreclassificationtax": 3000000
    },
    {
        "date": "2024-06-29",
        "symbol": "IQV",
        "period": "Q2",
        "revenuefromcontractwithcustomerexcludingassessedtax": 3814000000,
        "costofgoodsandserviceexcludingdepreciationdepletionandamortization": 2488000000,
        "sellinggeneralandadministrativeexpense": 509000000,
        "depreciationdepletionandamortization": 269000000,
        "restructuringcharges": 28000000,
        "operatingincomeloss": 520000000,
        "investmentincomeinterest": 12000000,
        "interestexpense": 163000000,
        "othernonoperatingincomeexpense": 67000000,
        "incomelossfromcontinuingoperationsbeforeincometaxesminorityinterestandincomelossfromequitymethodinvestments": 436000000,
        "incometaxexpensebenefit": 75000000,
        "incomelossfromcontinuingoperationsafterincometaxesandbeforeequityinearningsofunconsolidatedaffiliates": 361000000,
        "incomelossfromequitymethodinvestments": 2000000,
        "profitloss": 363000000,
        "netincomeloss": 363000000,
        "earningspersharebasic": 1.99,
        "earningspersharediluted": 1.97,
        "weightedaveragenumberofsharesoutstandingbasic": 182200000,
        "weightedaveragenumberofdilutedsharesoutstanding": 184300000,
        "othercomprehensiveincomelosscashflowhedgegainlossbeforereclassificationaftertax": 15000000,
        "othercomprehensiveincomeforeigncurrencytransactionandtranslationgainlossarisingduringperiodnetoftax": -42000000,
        "othercomprehensiveincomelosscashflowhedgegainlossreclassificationaftertax": 11000000,
        "comprehensiveincomenetoftaxincludingportionattributabletononcontrollinginterest": 325000000,
        "othercomprehensiveincomelosscashflowhedgegainlossbeforereclassificationtax": 4000000,
        "othercomprehensiveincomeforeigncurrencytranslationgainlossarisingduringperiodtax": 13000000,
        "othercomprehensiveincomelosscashflowhedgegainlossreclassificationtax": 4000000
    },
    {
        "date": "2024-03-30",
        "symbol": "IQV",
        "period": "Q1",
        "revenuefromcontractwithcustomerexcludingassessedtax": 3737000000,
        "costofgoodsandserviceexcludingdepreciationdepletionandamortization": 2444000000,
        "sellinggeneralandadministrativeexpense": 508000000,
        "depreciationdepletionandamortization": 264000000,
        "restructuringcharges": 15000000,
        "operatingincomeloss": 506000000,
        "investmentincomeinterest": 11000000,
        "interestexpense": 166000000,
        "othernonoperatingincomeexpense": -11000000,
        "incomelossfromcontinuingoperationsbeforeincometaxesminorityinterestandincomelossfromequitymethodinvestments": 340000000,
        "incometaxexpensebenefit": 49000000,
        "incomelossfromcontinuingoperationsafterincometaxesandbeforeequityinearningsofunconsolidatedaffiliates": 291000000,
        "incomelossfromequitymethodinvestments": -3000000,
        "profitloss": 288000000,
        "netincomeloss": 288000000,
        "earningspersharebasic": 1.58,
        "earningspersharediluted": 1.56,
        "weightedaveragenumberofsharesoutstandingbasic": 181900000,
        "weightedaveragenumberofdilutedsharesoutstanding": 184300000,
        "othercomprehensiveincomelosscashflowhedgegainlossbeforereclassificationaftertax": 34000000,
        "othercomprehensiveincomeforeigncurrencytransactionandtranslationgainlossarisingduringperiodnetoftax": -69000000,
        "othercomprehensiveincomelosscashflowhedgegainlossreclassificationaftertax": 9000000,
        "comprehensiveincomenetoftaxincludingportionattributabletononcontrollinginterest": 244000000,
        "othercomprehensiveincomelosscashflowhedgegainlossbeforereclassificationtax": 12000000,
        "othercomprehensiveincomeforeigncurrencytranslationgainlossarisingduringperiodtax": 37000000,
        "othercomprehensiveincomelosscashflowhedgegainlossreclassificationtax": 3000000
    },
    {
        "date": "2023-12-30",
        "symbol": "IQV",
        "period": "Q4",
        "revenuefromcontractwithcustomerexcludingassessedtax": -2721000000,
        "costofgoodsandserviceexcludingdepreciationdepletionandamortization": 2478000000,
        "sellinggeneralandadministrativeexpense": 556000000,
        "depreciationdepletionandamortization": 316000000,
        "restructuringcharges": 17000000,
        "operatingincomeloss": 501000000,
        "investmentincomeinterest": 12000000,
        "interestexpense": 181000000,
        "othernonoperatingincomeexpense": 47000000,
        "incomelossfromcontinuingoperationsbeforeincometaxesminorityinterestandincomelossfromequitymethodinvestments": 373000000,
        "incometaxexpensebenefit": -102000000,
        "incomelossfromcontinuingoperationsafterincometaxesandbeforeequityinearningsofunconsolidatedaffiliates": 475000000,
        "profitloss": 469000000,
        "netincomeloss": 469000000,
        "earningspersharebasic": 2.569999999999999,
        "earningspersharediluted": 2.5300000000000002,
        "weightedaveragenumberofsharesoutstandingbasic": 183800000,
        "weightedaveragenumberofdilutedsharesoutstanding": 186300000,
        "othercomprehensiveincomelosscashflowhedgegainlossbeforereclassificationaftertax": -41000000,
        "othercomprehensiveincomeforeigncurrencytransactionandtranslationgainlossarisingduringperiodnetoftax": 81000000,
        "othercomprehensiveincomelosscashflowhedgegainlossreclassificationaftertax": 10000000,
        "comprehensiveincomenetoftaxincludingportionattributabletononcontrollinginterest": 505000000,
        "othercomprehensiveincomeforeigncurrencytranslationgainlossarisingduringperiodtax": -67000000,
        "othercomprehensiveincomelosscashflowhedgegainlossreclassificationtax": 3000000
    },
    {
        "date": "2023-09-29",
        "symbol": "IQV",
        "period": "Q3",
        "revenuefromcontractwithcustomerexcludingassessedtax": 10758000000,
        "costofgoodsandserviceexcludingdepreciationdepletionandamortization": 6963000000,
        "sellinggeneralandadministrativeexpense": 1389000000,
        "depreciationdepletionandamortization": 297000000,
        "restructuringcharges": 30000000,
        "operatingincomeloss": 481000000,
        "investmentincomeinterest": 14000000,
        "interestexpense": 181000000,
        "othernonoperatingincomeexpense": 35000000,
        "incomelossfromcontinuingoperationsbeforeincometaxesminorityinterestandincomelossfromequitymethodinvestments": 349000000,
        "incometaxexpensebenefit": 51000000,
        "incomelossfromcontinuingoperationsafterincometaxesandbeforeequityinearningsofunconsolidatedaffiliates": 298000000,
        "incomelossfromequitymethodinvestments": 5000000,
        "profitloss": 303000000,
        "netincomeloss": 303000000,
        "earningspersharebasic": 1.6500000000000004,
        "earningspersharediluted": 1.64,
        "weightedaveragenumberofsharesoutstandingbasic": -700000,
        "weightedaveragenumberofdilutedsharesoutstanding": -700000,
        "othercomprehensiveincomelosscashflowhedgegainlossbeforereclassificationaftertax": 2000000,
        "othercomprehensiveincomeforeigncurrencytransactionandtranslationgainlossarisingduringperiodnetoftax": -136000000,
        "othercomprehensiveincomelosscashflowhedgegainlossreclassificationaftertax": 9000000,
        "comprehensiveincomenetoftaxincludingportionattributabletononcontrollinginterest": 160000000,
        "othercomprehensiveincomelosscashflowhedgegainlossbeforereclassificationtax": 0,
        "othercomprehensiveincomeforeigncurrencytranslationgainlossarisingduringperiodtax": 44000000,
        "othercomprehensiveincomelosscashflowhedgegainlossreclassificationtax": 3000000
    },
    {
        "date": "2023-06-29",
        "symbol": "IQV",
        "period": "Q2",
        "revenuefromcontractwithcustomerexcludingassessedtax": 176000000,
        "costofgoodsandserviceexcludingdepreciationdepletionandamortization": 150000000,
        "sellinggeneralandadministrativeexpense": 47000000,
        "depreciationdepletionandamortization": 259000000,
        "restructuringcharges": 20000000,
        "operatingincomeloss": 524000000,
        "investmentincomeinterest": 4000000,
        "interestexpense": 169000000,
        "othernonoperatingincomeexpense": 16000000,
        "incomelossfromcontinuingoperationsbeforeincometaxesminorityinterestandincomelossfromequitymethodinvestments": 375000000,
        "incometaxexpensebenefit": 81000000,
        "incomelossfromcontinuingoperationsafterincometaxesandbeforeequityinearningsofunconsolidatedaffiliates": 294000000,
        "incomelossfromequitymethodinvestments": 3000000,
        "profitloss": 297000000,
        "netincomeloss": 297000000,
        "earningspersharebasic": 1.6099999999999999,
        "earningspersharediluted": 1.59,
        "weightedaveragenumberofsharesoutstandingbasic": -700000,
        "weightedaveragenumberofdilutedsharesoutstanding": -1000000,
        "othercomprehensiveincomelosscashflowhedgegainlossbeforereclassificationaftertax": 22000000,
        "othercomprehensiveincomelosspensionandotherpostretirementbenefitplansadjustmentnetoftax": 0,
        "othercomprehensiveincomeforeigncurrencytransactionandtranslationgainlossarisingduringperiodnetoftax": -44000000,
        "othercomprehensiveincomelosscashflowhedgegainlossreclassificationaftertax": 7000000,
        "comprehensiveincomenetoftaxincludingportionattributabletononcontrollinginterest": 268000000,
        "othercomprehensiveincomelosscashflowhedgegainlossbeforereclassificationtax": 8000000,
        "othercomprehensiveincomeforeigncurrencytranslationgainlossarisingduringperiodtax": -3000000,
        "othercomprehensiveincomelosscashflowhedgegainlossreclassificationtax": 3000000
    },
    {
        "date": "2023-03-30",
        "symbol": "IQV",
        "period": "Q1",
        "revenuefromcontractwithcustomerexcludingassessedtax": 182000000,
        "costofgoodsandserviceexcludingdepreciationdepletionandamortization": 154000000,
        "sellinggeneralandadministrativeexpense": 61000000,
        "depreciationdepletionandamortization": 253000000,
        "restructuringcharges": 17000000,
        "operatingincomeloss": 471000000,
        "investmentincomeinterest": 6000000,
        "interestexpense": 141000000,
        "othernonoperatingincomeexpense": 26000000,
        "incomelossfromcontinuingoperationsbeforeincometaxesminorityinterestandincomelossfromequitymethodinvestments": 362000000,
        "incometaxexpensebenefit": 71000000,
        "incomelossfromcontinuingoperationsafterincometaxesandbeforeequityinearningsofunconsolidatedaffiliates": 291000000,
        "incomelossfromequitymethodinvestments": -2000000,
        "profitloss": 289000000,
        "netincomeloss": 289000000,
        "earningspersharebasic": 1.56,
        "earningspersharediluted": 1.53,
        "weightedaveragenumberofsharesoutstandingbasic": 185800000,
        "weightedaveragenumberofdilutedsharesoutstanding": 188600000,
        "othercomprehensiveincomelosscashflowhedgegainlossbeforereclassificationaftertax": 10000000,
        "othercomprehensiveincomelosspensionandotherpostretirementbenefitplansadjustmentnetoftax": -1000000,
        "othercomprehensiveincomeforeigncurrencytransactionandtranslationgainlossarisingduringperiodnetoftax": 10000000,
        "othercomprehensiveincomelosscashflowhedgegainlossreclassificationaftertax": 25000000,
        "comprehensiveincomenetoftaxincludingportionattributabletononcontrollinginterest": 285000000,
        "othercomprehensiveincomelosscashflowhedgegainlossbeforereclassificationtax": 3000000,
        "othercomprehensiveincomeforeigncurrencytranslationgainlossarisingduringperiodtax": -29000000,
        "othercomprehensiveincomelosscashflowhedgegainlossreclassificationtax": 8000000
    },
    {
        "date": "2022-12-30",
        "symbol": "IQV",
        "period": "Q4",
        "revenuefromcontractwithcustomerexcludingassessedtax": 182000000,
        "costofgoodsandserviceexcludingdepreciationdepletionandamortization": 159000000,
        "sellinggeneralandadministrativeexpense": 132000000,
        "depreciationdepletionandamortization": 357000000,
        "restructuringcharges": 13000000,
        "operatingincomeloss": 379000000,
        "investmentincomeinterest": 6000000,
        "interestexpense": 128000000,
        "othernonoperatingincomeexpense": 18000000,
        "incomelossfromcontinuingoperationsbeforeincometaxesminorityinterestandincomelossfromequitymethodinvestments": 320000000,
        "incometaxexpensebenefit": 48000000,
        "incomelossfromcontinuingoperationsafterincometaxesandbeforeequityinearningsofunconsolidatedaffiliates": 227000000,
        "incomelossfromequitymethodinvestments": 0,
        "profitloss": 227000000,
        "netincomeloss": 227000000,
        "earningspersharebasic": 1.2300000000000004,
        "earningspersharediluted": 1.2,
        "weightedaveragenumberofsharesoutstandingbasic": -700000,
        "weightedaveragenumberofdilutedsharesoutstanding": -700000,
        "othercomprehensiveincomelosscashflowhedgegainlossbeforereclassificationaftertax": 11000000,
        "othercomprehensiveincomeforeigncurrencytransactionandtranslationgainlossarisingduringperiodnetoftax": 178000000,
        "othercomprehensiveincomelosscashflowhedgegainlossreclassificationaftertax": 4000000,
        "comprehensiveincomenetoftaxincludingportionattributabletononcontrollinginterest": 398000000,
        "comprehensiveincomenetoftax": 398000000,
        "othercomprehensiveincomelosscashflowhedgegainlossbeforereclassificationtax": 3000000,
        "othercomprehensiveincomeforeigncurrencytranslationgainlossarisingduringperiodtax": -89000000
    },
    {
        "date": "2022-09-29",
        "symbol": "IQV",
        "period": "Q3",
        "revenuefromcontractwithcustomerexcludingassessedtax": 183000000,
        "costofgoodsandserviceexcludingdepreciationdepletionandamortization": 158000000,
        "sellinggeneralandadministrativeexpense": 88000000,
        "depreciationdepletionandamortization": 248000000,
        "restructuringcharges": 4000000,
        "operatingincomeloss": 472000000,
        "investmentincomeinterest": 4000000,
        "interestexpense": 108000000,
        "othernonoperatingincomeexpense": -8000000,
        "incomelossfromcontinuingoperationsbeforeincometaxesminorityinterestandincomelossfromequitymethodinvestments": 360000000,
        "incometaxexpensebenefit": 70000000,
        "incomelossfromcontinuingoperationsafterincometaxesandbeforeequityinearningsofunconsolidatedaffiliates": 290000000,
        "incomelossfromequitymethodinvestments": -7000000,
        "profitloss": 283000000,
        "netincomeloss": 283000000,
        "earningspersharebasic": 1.5199999999999996,
        "earningspersharediluted": 1.4999999999999998,
        "weightedaveragenumberofsharesoutstandingbasic": -190000000,
        "weightedaveragenumberofdilutedsharesoutstanding": -193200000,
        "othercomprehensiveincomelosscashflowhedgegainlossbeforereclassificationaftertax": 6000000,
        "othercomprehensiveincomelosspensionandotherpostretirementbenefitplansadjustmentnetoftax": -10000000,
        "othercomprehensiveincomeforeigncurrencytransactionandtranslationgainlossarisingduringperiodnetoftax": -218000000,
        "othercomprehensiveincomelosscashflowhedgegainlossreclassificationaftertax": -1000000,
        "comprehensiveincomenetoftaxincludingportionattributabletononcontrollinginterest": 82000000,
        "comprehensiveincomenetoftax": 82000000,
        "othercomprehensiveincomelosscashflowhedgegainlossbeforereclassificationtax": 2000000,
        "othercomprehensiveincomeforeigncurrencytranslationgainlossarisingduringperiodtax": 84000000
    },
    {
        "date": "2022-06-29",
        "symbol": "IQV",
        "period": "Q2",
        "revenuefromcontractwithcustomerexcludingassessedtax": 183000000,
        "costofgoodsandserviceexcludingdepreciationdepletionandamortization": 155000000,
        "sellinggeneralandadministrativeexpense": 68000000,
        "depreciationdepletionandamortization": 270000000,
        "restructuringcharges": 4000000,
        "operatingincomeloss": 453000000,
        "investmentincomeinterest": 2000000,
        "interestexpense": 94000000,
        "othernonoperatingincomeexpense": -33000000,
        "incomelossfromcontinuingoperationsbeforeincometaxesminorityinterestandincomelossfromequitymethodinvestments": 328000000,
        "incometaxexpensebenefit": 71000000,
        "incomelossfromcontinuingoperationsafterincometaxesandbeforeequityinearningsofunconsolidatedaffiliates": 257000000,
        "incomelossfromequitymethodinvestments": -1000000,
        "profitloss": 256000000,
        "netincomeloss": 256000000,
        "earningspersharebasic": 1.36,
        "earningspersharediluted": 1.34,
        "weightedaveragenumberofsharesoutstandingbasic": 188300000,
        "weightedaveragenumberofdilutedsharesoutstanding": 191100000,
        "othercomprehensiveincomelosscashflowhedgegainlossbeforereclassificationaftertax": -7000000,
        "othercomprehensiveincomelosspensionandotherpostretirementbenefitplansadjustmentnetoftax": 4000000,
        "othercomprehensiveincomeforeigncurrencytransactionandtranslationgainlossarisingduringperiodnetoftax": -281000000,
        "othercomprehensiveincomelosscashflowhedgegainlossreclassificationaftertax": -14000000,
        "comprehensiveincomenetoftaxincludingportionattributabletononcontrollinginterest": -22000000,
        "comprehensiveincomenetoftax": -22000000,
        "othercomprehensiveincomelosscashflowhedgegainlossbeforereclassificationtax": -1000000,
        "othercomprehensiveincomeforeigncurrencytranslationgainlossarisingduringperiodtax": 84000000,
        "othercomprehensiveincomelosscashflowhedgegainlossreclassificationtax": -4000000
    },
    {
        "date": "2022-03-30",
        "symbol": "IQV",
        "period": "Q1",
        "revenuefromcontractwithcustomerexcludingassessedtax": 195000000,
        "costofgoodsandserviceexcludingdepreciationdepletionandamortization": 167000000,
        "sellinggeneralandadministrativeexpense": 42000000,
        "depreciationdepletionandamortization": 255000000,
        "restructuringcharges": 7000000,
        "operatingincomeloss": 495000000,
        "investmentincomeinterest": 1000000,
        "interestexpense": 86000000,
        "othernonoperatingincomeexpense": -10000000,
        "incomelossfromcontinuingoperationsbeforeincometaxesminorityinterestandincomelossfromequitymethodinvestments": 400000000,
        "incometaxexpensebenefit": 71000000,
        "incomelossfromcontinuingoperationsafterincometaxesandbeforeequityinearningsofunconsolidatedaffiliates": 329000000,
        "incomelossfromequitymethodinvestments": -4000000,
        "profitloss": 325000000,
        "netincomeloss": 325000000,
        "earningspersharebasic": 1.71,
        "earningspersharediluted": 1.68,
        "weightedaveragenumberofsharesoutstandingbasic": 190000000,
        "weightedaveragenumberofdilutedsharesoutstanding": 193400000,
        "othercomprehensiveincomelosscashflowhedgegainlossbeforereclassificationaftertax": 30000000,
        "othercomprehensiveincomelosspensionandotherpostretirementbenefitplansadjustmentnetoftax": 2000000,
        "othercomprehensiveincomeforeigncurrencytransactionandtranslationgainlossarisingduringperiodnetoftax": -40000000,
        "othercomprehensiveincomelosscashflowhedgegainlossreclassificationaftertax": 1000000,
        "comprehensiveincomenetoftaxincludingportionattributabletononcontrollinginterest": 312000000,
        "comprehensiveincomenetoftax": 312000000,
        "othercomprehensiveincomelosscashflowhedgegainlossbeforereclassificationtax": 9000000,
        "othercomprehensiveincomeforeigncurrencytranslationgainlossarisingduringperiodtax": 27000000
    },
    {
        "date": "2021-12-30",
        "symbol": "IQV",
        "period": "Q4",
        "revenuefromcontractwithcustomerexcludingassessedtax": 196000000,
        "costofgoodsandserviceexcludingdepreciationdepletionandamortization": 165000000,
        "sellinggeneralandadministrativeexpense": 106000000,
        "depreciationdepletionandamortization": 262000000,
        "restructuringcharges": 5000000,
        "operatingincomeloss": 463000000,
        "investmentincomeinterest": 2000000,
        "interestexpense": 90000000,
        "othernonoperatingincomeexpense": 2000000,
        "incomelossfromcontinuingoperationsbeforeincometaxesminorityinterestandincomelossfromequitymethodinvestments": 449000000,
        "incometaxexpensebenefit": 59000000,
        "incomelossfromcontinuingoperationsafterincometaxesandbeforeequityinearningsofunconsolidatedaffiliates": 317000000,
        "profitloss": 313000000,
        "netincomeloss": 318000000,
        "earningspersharebasic": 1.6700000000000002,
        "earningspersharediluted": 1.6300000000000001,
        "weightedaveragenumberofsharesoutstandingbasic": -100000,
        "othercomprehensiveincomeforeigncurrencytransactionandtranslationgainlossarisingduringperiodnetoftax": -44000000,
        "othercomprehensiveincomelosscashflowhedgegainlossreclassificationaftertax": -5000000,
        "comprehensiveincomenetoftaxincludingportionattributabletononcontrollinginterest": 357000000,
        "comprehensiveincomenetoftax": 357000000,
        "othercomprehensiveincomeforeigncurrencytranslationgainlossarisingduringperiodtax": 50000000,
        "othercomprehensiveincomelosscashflowhedgegainlossreclassificationtax": -2000000
    },
    {
        "date": "2021-09-29",
        "symbol": "IQV",
        "period": "Q3",
        "revenuefromcontractwithcustomerexcludingassessedtax": 201000000,
        "costofgoodsandserviceexcludingdepreciationdepletionandamortization": 167000000,
        "sellinggeneralandadministrativeexpense": 87000000,
        "depreciationdepletionandamortization": 336000000,
        "restructuringcharges": 2000000,
        "operatingincomeloss": 302000000,
        "investmentincomeinterest": 2000000,
        "interestexpense": 92000000,
        "othernonoperatingincomeexpense": 62000000,
        "incomelossfromcontinuingoperationsbeforeincometaxesminorityinterestandincomelossfromequitymethodinvestments": 273000000,
        "incometaxexpensebenefit": 12000000,
        "incomelossfromcontinuingoperationsafterincometaxesandbeforeequityinearningsofunconsolidatedaffiliates": 261000000,
        "incomelossfromequitymethodinvestments": 0,
        "profitloss": 261000000,
        "netincomeloss": 261000000,
        "earningspersharebasic": 1.3599999999999997,
        "earningspersharediluted": 1.3299999999999998,
        "weightedaveragenumberofsharesoutstandingbasic": -100000,
        "othercomprehensiveincomeforeigncurrencytransactionandtranslationgainlossarisingduringperiodnetoftax": -117000000,
        "othercomprehensiveincomelosscashflowhedgegainlossreclassificationaftertax": -3000000,
        "comprehensiveincomenetoftaxincludingportionattributabletononcontrollinginterest": 143000000,
        "comprehensiveincomenetoftax": 143000000,
        "othercomprehensiveincomeforeigncurrencytranslationgainlossarisingduringperiodtax": 27000000,
        "othercomprehensiveincomelosscashflowhedgegainlossreclassificationtax": -1000000
    },
    {
        "date": "2021-06-29",
        "symbol": "IQV",
        "period": "Q2",
        "revenuefromcontractwithcustomerexcludingassessedtax": 194000000,
        "costofgoodsandserviceexcludingdepreciationdepletionandamortization": 160000000,
        "sellinggeneralandadministrativeexpense": 82000000,
        "depreciationdepletionandamortization": 343000000,
        "restructuringcharges": 4000000,
        "operatingincomeloss": 286000000,
        "investmentincomeinterest": 1000000,
        "interestexpense": 94000000,
        "gainslossesonextinguishmentofdebt": 0,
        "othernonoperatingincomeexpense": 29000000,
        "incomelossfromcontinuingoperationsbeforeincometaxesminorityinterestandincomelossfromequitymethodinvestments": 222000000,
        "incometaxexpensebenefit": 48000000,
        "incomelossfromcontinuingoperationsafterincometaxesandbeforeequityinearningsofunconsolidatedaffiliates": 174000000,
        "incomelossfromequitymethodinvestments": 1000000,
        "profitloss": 387000000,
        "netincomelossattributabletononcontrollinginterest": 0,
        "netincomeloss": 175000000,
        "earningspersharebasic": 0.9099999999999999,
        "earningspersharediluted": 0.8999999999999999,
        "weightedaveragenumberofsharesoutstandingbasic": 100000,
        "weightedaveragenumberofdilutedsharesoutstanding": 0,
        "othercomprehensiveincomelosscashflowhedgegainlossbeforereclassificationaftertax": -2000000,
        "othercomprehensiveincomeforeigncurrencytransactionandtranslationgainlossarisingduringperiodnetoftax": 58000000,
        "othercomprehensiveincomelosscashflowhedgegainlossreclassificationaftertax": -3000000,
        "comprehensiveincomenetoftaxincludingportionattributabletononcontrollinginterest": 234000000,
        "comprehensiveincomenetoftaxattributabletononcontrollinginterest": 0,
        "comprehensiveincomenetoftax": 234000000,
        "othercomprehensiveincomeforeigncurrencytranslationgainlossarisingduringperiodtax": -23000000,
        "othercomprehensiveincomelosscashflowhedgegainlossreclassificationtax": -2000000
    },
    {
        "date": "2021-03-30",
        "symbol": "IQV",
        "period": "Q1",
        "revenuefromcontractwithcustomerexcludingassessedtax": 193000000,
        "costofgoodsandserviceexcludingdepreciationdepletionandamortization": 160000000,
        "sellinggeneralandadministrativeexpense": 57000000,
        "depreciationdepletionandamortization": 323000000,
        "restructuringcharges": 9000000,
        "operatingincomeloss": 342000000,
        "investmentincomeinterest": 1000000,
        "interestexpense": 99000000,
        "gainslossesonextinguishmentofdebt": -24000000,
        "othernonoperatingincomeexpense": 37000000,
        "incomelossfromcontinuingoperationsbeforeincometaxesminorityinterestandincomelossfromequitymethodinvestments": 257000000,
        "incometaxexpensebenefit": 44000000,
        "incomelossfromcontinuingoperationsafterincometaxesandbeforeequityinearningsofunconsolidatedaffiliates": 213000000,
        "incomelossfromequitymethodinvestments": 4000000,
        "profitloss": 5000000,
        "netincomelossattributabletononcontrollinginterest": 5000000,
        "netincomeloss": 212000000,
        "earningspersharebasic": 1.11,
        "earningspersharediluted": 1.09,
        "weightedaveragenumberofsharesoutstandingbasic": 191500000,
        "weightedaveragenumberofdilutedsharesoutstanding": 194900000,
        "othercomprehensiveincomelosscashflowhedgegainlossbeforereclassificationaftertax": 6000000,
        "othercomprehensiveincomeforeigncurrencytransactionandtranslationgainlossarisingduringperiodnetoftax": -178000000,
        "othercomprehensiveincomelosscashflowhedgegainlossreclassificationaftertax": -1000000,
        "comprehensiveincomenetoftaxincludingportionattributabletononcontrollinginterest": 46000000,
        "comprehensiveincomenetoftaxattributabletononcontrollinginterest": 5000000,
        "comprehensiveincomenetoftax": 41000000,
        "othercomprehensiveincomelosscashflowhedgegainlossbeforereclassificationtax": 1000000,
        "othercomprehensiveincomeforeigncurrencytranslationgainlossarisingduringperiodtax": 62000000,
        "othercomprehensiveincomelosscashflowhedgegainlossreclassificationtax": 1000000
    },
    {
        "date": "2020-12-30",
        "symbol": "IQV",
        "period": "Q4",
        "revenuefromcontractwithcustomerexcludingassessedtax": -553000000,
        "costofgoodsandserviceexcludingdepreciationdepletionandamortization": 157000000,
        "sellinggeneralandadministrativeexpense": 90000000,
        "depreciationdepletionandamortization": 344000000,
        "restructuringcharges": 2000000,
        "operatingincomeloss": 289000000,
        "investmentincomeinterest": 2000000,
        "interestexpense": -301000000,
        "othernonoperatingincomeexpense": -60000000,
        "incomelossfromcontinuingoperationsbeforeincometaxesminorityinterestandincomelossfromequitymethodinvestments": -166000000,
        "incometaxexpensebenefit": -6000000,
        "incomelossfromcontinuingoperationsafterincometaxesandbeforeequityinearningsofunconsolidatedaffiliates": 131000000,
        "incomelossfromequitymethodinvestments": -1000000,
        "profitloss": 101000000,
        "netincomelossattributabletononcontrollinginterest": 11000000,
        "netincomeloss": 119000000,
        "earningspersharebasic": 0.6199999999999999,
        "earningspersharediluted": 0.6099999999999999,
        "weightedaveragenumberofsharesoutstandingbasic": 0,
        "weightedaveragenumberofdilutedsharesoutstanding": 100000,
        "othercomprehensiveincomelosscashflowhedgegainlossbeforereclassificationaftertax": 3000000,
        "othercomprehensiveincomeforeigncurrencytransactionandtranslationgainlossarisingduringperiodnetoftax": 160000000,
        "othercomprehensiveincomelosscashflowhedgegainlossreclassificationaftertax": -4000000,
        "comprehensiveincomenetoftaxincludingportionattributabletononcontrollinginterest": 246000000,
        "comprehensiveincomenetoftaxattributabletononcontrollinginterest": 15000000,
        "comprehensiveincomenetoftax": 231000000,
        "othercomprehensiveincomelosscashflowhedgegainlossbeforereclassificationtax": 1000000,
        "othercomprehensiveincomeforeigncurrencytranslationgainlossarisingduringperiodtax": -62000000
    },
    {
        "date": "2020-09-29",
        "symbol": "IQV",
        "period": "Q3",
        "revenuefromcontractwithcustomerexcludingassessedtax": 2786000000,
        "costofgoodsandserviceexcludingdepreciationdepletionandamortization": 1800000000,
        "sellinggeneralandadministrativeexpense": 460000000,
        "depreciationdepletionandamortization": 319000000,
        "restructuringcharges": 20000000,
        "operatingincomeloss": 187000000,
        "investmentincomeinterest": 1000000,
        "interestexpense": 100000000,
        "othernonoperatingincomeexpense": 14000000,
        "incomelossfromcontinuingoperationsbeforeincometaxesminorityinterestandincomelossfromequitymethodinvestments": 102000000,
        "incometaxexpensebenefit": -3000000,
        "incomelossfromcontinuingoperationsafterincometaxesandbeforeequityinearningsofunconsolidatedaffiliates": 105000000,
        "incomelossfromequitymethodinvestments": 3000000,
        "profitloss": 108000000,
        "netincomelossattributabletononcontrollinginterest": 7000000,
        "netincomeloss": 101000000,
        "earningspersharebasic": 0.53,
        "earningspersharediluted": 0.52,
        "weightedaveragenumberofsharesoutstandingbasic": -191200000,
        "weightedaveragenumberofdilutedsharesoutstanding": -191700000,
        "othercomprehensiveincomelosscashflowhedgegainlossbeforereclassificationaftertax": -1000000,
        "othercomprehensiveincomeforeigncurrencytransactionandtranslationgainlossarisingduringperiodnetoftax": 130000000,
        "othercomprehensiveincomelosscashflowhedgegainlossreclassificationaftertax": -2000000,
        "comprehensiveincomenetoftaxincludingportionattributabletononcontrollinginterest": 239000000,
        "comprehensiveincomenetoftaxattributabletononcontrollinginterest": 11000000,
        "comprehensiveincomenetoftax": 228000000,
        "othercomprehensiveincomelosscashflowhedgegainlossbeforereclassificationtax": -7000000,
        "othercomprehensiveincomeforeigncurrencytranslationgainlossarisingduringperiodtax": -77000000
    },
    {
        "date": "2020-06-29",
        "symbol": "IQV",
        "period": "Q2",
        "revenuefromcontractwithcustomerexcludingassessedtax": 2521000000,
        "costofgoodsandserviceexcludingdepreciationdepletionandamortization": 1704000000,
        "sellinggeneralandadministrativeexpense": 431000000,
        "depreciationdepletionandamortization": 308000000,
        "restructuringcharges": 16000000,
        "operatingincomeloss": 62000000,
        "investmentincomeinterest": 1000000,
        "interestexpense": 108000000,
        "gainslossesonextinguishmentofdebt": -12000000,
        "othernonoperatingincomeexpense": 32000000,
        "incomelossfromcontinuingoperationsbeforeincometaxesminorityinterestandincomelossfromequitymethodinvestments": -25000000,
        "incometaxexpensebenefit": -5000000,
        "incomelossfromcontinuingoperationsafterincometaxesandbeforeequityinearningsofunconsolidatedaffiliates": -20000000,
        "incomelossfromequitymethodinvestments": -1000000,
        "profitloss": -21000000,
        "netincomelossattributabletononcontrollinginterest": 2000000,
        "netincomeloss": -23000000,
        "earningspersharebasic": -0.12,
        "earningspersharediluted": -0.12,
        "weightedaveragenumberofsharesoutstandingbasic": 190900000,
        "weightedaveragenumberofdilutedsharesoutstanding": 190900000,
        "othercomprehensiveincomelosscashflowhedgegainlossbeforereclassificationaftertax": 7000000,
        "othercomprehensiveincomeforeigncurrencytransactionandtranslationgainlossarisingduringperiodnetoftax": 45000000,
        "othercomprehensiveincomelosscashflowhedgegainlossreclassificationaftertax": 12000000,
        "comprehensiveincomenetoftaxincludingportionattributabletononcontrollinginterest": 19000000,
        "comprehensiveincomenetoftaxattributabletononcontrollinginterest": 1000000,
        "comprehensiveincomenetoftax": 18000000,
        "othercomprehensiveincomelosscashflowhedgegainlossbeforereclassificationtax": 3000000,
        "othercomprehensiveincomeforeigncurrencytranslationgainlossarisingduringperiodtax": -29000000,
        "othercomprehensiveincomelosscashflowhedgegainlossreclassificationtax": 1000000
    },
    {
        "date": "2020-03-30",
        "symbol": "IQV",
        "period": "Q1",
        "revenuefromcontractwithcustomerexcludingassessedtax": 2754000000,
        "costofgoodsandserviceexcludingdepreciationdepletionandamortization": 1824000000,
        "sellinggeneralandadministrativeexpense": 407000000,
        "depreciationdepletionandamortization": 316000000,
        "restructuringcharges": 14000000,
        "operatingincomeloss": 193000000,
        "investmentincomeinterest": 2000000,
        "interestexpense": 106000000,
        "othernonoperatingincomeexpense": 13000000,
        "incomelossfromcontinuingoperationsbeforeincometaxesminorityinterestandincomelossfromequitymethodinvestments": 102000000,
        "incometaxexpensebenefit": 17000000,
        "incomelossfromcontinuingoperationsafterincometaxesandbeforeequityinearningsofunconsolidatedaffiliates": 85000000,
        "incomelossfromequitymethodinvestments": 6000000,
        "profitloss": 91000000,
        "netincomelossattributabletononcontrollinginterest": 9000000,
        "netincomeloss": 82000000,
        "earningspersharebasic": 0.43,
        "earningspersharediluted": 0.42,
        "weightedaveragenumberofsharesoutstandingbasic": 191600000,
        "weightedaveragenumberofdilutedsharesoutstanding": 195700000,
        "othercomprehensiveincomelosscashflowhedgegainlossbeforereclassificationaftertax": -39000000,
        "othercomprehensiveincomeforeigncurrencytransactionandtranslationgainlossarisingduringperiodnetoftax": -155000000,
        "othercomprehensiveincomelosscashflowhedgegainlossreclassificationaftertax": -16000000,
        "comprehensiveincomenetoftaxincludingportionattributabletononcontrollinginterest": -87000000,
        "comprehensiveincomenetoftaxattributabletononcontrollinginterest": 5000000,
        "comprehensiveincomenetoftax": -92000000,
        "othercomprehensiveincomelosscashflowhedgegainlossbeforereclassificationtax": -7000000,
        "othercomprehensiveincomeforeigncurrencytranslationgainlossarisingduringperiodtax": 23000000
    },
    {
        "date": "2019-12-30",
        "symbol": "IQV",
        "period": "Q4",
        "revenuefromcontractwithcustomerexcludingassessedtax": 210000000,
        "typeofrevenueextensiblelist": "us-gaap:ServiceMember",
        "typeofcostgoodorserviceextensiblelist": "us-gaap:ServiceMember",
        "sellinggeneralandadministrativeexpense": 103000000,
        "depreciationdepletionandamortization": 314000000,
        "restructuringcharges": 18000000,
        "operatingincomeloss": 166000000,
        "investmentincomeinterest": 2000000,
        "interestexpense": 109000000,
        "incomelossfromcontinuingoperationsbeforeincometaxesminorityinterestandincomelossfromequitymethodinvestments": 600000000,
        "incometaxexpensebenefit": 68000000,
        "incomelossfromcontinuingoperationsafterincometaxesandbeforeequityinearningsofunconsolidatedaffiliates": 28000000,
        "incomelossfromequitymethodinvestments": -8000000,
        "profitloss": -16000000,
        "netincomelossattributabletononcontrollinginterest": 4000000,
        "netincomeloss": 16000000,
        "earningspersharebasic": 0.08999999999999997,
        "earningspersharediluted": 0.08999999999999997,
        "weightedaveragenumberofsharesoutstandingbasic": -800000,
        "weightedaveragenumberofdilutedsharesoutstanding": -900000,
        "othercomprehensiveincomelosscashflowhedgegainlossbeforereclassificationaftertax": 8000000,
        "othercomprehensiveincomeforeigncurrencytransactionandtranslationgainlossarisingduringperiodnetoftax": 90000000,
        "othercomprehensiveincomelosscashflowhedgegainlossreclassificationaftertax": -1000000,
        "comprehensiveincomenetoftaxincludingportionattributabletononcontrollinginterest": 91000000,
        "comprehensiveincomenetoftaxattributabletononcontrollinginterest": 9000000,
        "comprehensiveincomenetoftax": 82000000,
        "othercomprehensiveincomelosscashflowhedgegainlossbeforereclassificationtax": 11000000,
        "othercomprehensiveincomeforeigncurrencytranslationgainlossarisingduringperiodtax": -95000000
    },
    {
        "date": "2019-09-29",
        "symbol": "IQV",
        "period": "Q3",
        "revenuefromcontractwithcustomerexcludingassessedtax": 208000000,
        "typeofrevenueextensiblelist": "us-gaap:ServiceMember",
        "typeofcostgoodorserviceextensiblelist": "us-gaap:ServiceMember",
        "sellinggeneralandadministrativeexpense": 41000000,
        "depreciationdepletionandamortization": 299000000,
        "restructuringcharges": 19000000,
        "operatingincomeloss": 204000000,
        "investmentincomeinterest": 3000000,
        "interestexpense": 114000000,
        "incomelossfromcontinuingoperationsbeforeincometaxesminorityinterestandincomelossfromequitymethodinvestments": 69000000,
        "incometaxexpensebenefit": -1000000,
        "incomelossfromcontinuingoperationsafterincometaxesandbeforeequityinearningsofunconsolidatedaffiliates": 70000000,
        "incomelossfromequitymethodinvestments": -1000000,
        "profitloss": 187000000,
        "netincomelossattributabletononcontrollinginterest": 12000000,
        "netincomeloss": 57000000,
        "earningspersharebasic": 0.2900000000000001,
        "earningspersharediluted": 0.2800000000000001,
        "weightedaveragenumberofsharesoutstandingbasic": -197300000,
        "weightedaveragenumberofdilutedsharesoutstanding": -201800000,
        "othercomprehensiveincomelosscashflowhedgegainlossbeforereclassificationaftertax": -5000000,
        "othercomprehensiveincomeforeigncurrencytransactionandtranslationgainlossarisingduringperiodnetoftax": -131000000,
        "othercomprehensiveincomelosscashflowhedgegainlossreclassificationaftertax": -2000000,
        "comprehensiveincomenetoftaxincludingportionattributabletononcontrollinginterest": -96000000,
        "comprehensiveincomenetoftaxattributabletononcontrollinginterest": 9000000,
        "comprehensiveincomenetoftax": -105000000,
        "othercomprehensiveincomelosscashflowhedgegainlossbeforereclassificationtax": -2000000,
        "othercomprehensiveincomeforeigncurrencytranslationgainlossarisingduringperiodtax": 57000000
    },
    {
        "date": "2019-06-29",
        "symbol": "IQV",
        "period": "Q2",
        "revenuefromcontractwithcustomerexcludingassessedtax": 203000000,
        "typeofrevenueextensiblelist": "us-gaap:ServiceMember",
        "costofservicesexcludingdepreciationdepletionandamortization": 172000000,
        "typeofcostgoodorserviceextensiblelist": "us-gaap:ServiceMember",
        "sellinggeneralandadministrativeexpense": 57000000,
        "depreciationdepletionandamortization": 294000000,
        "restructuringcharges": 14000000,
        "operatingincomeloss": 197000000,
        "investmentincomeinterest": 2000000,
        "interestexpense": 114000000,
        "othernonoperatingincomeexpense": -7000000,
        "incomelossfromcontinuingoperationsbeforeincometaxesminorityinterestandincomelossfromequitymethodinvestments": 78000000,
        "incometaxexpensebenefit": 8000000,
        "incomelossfromcontinuingoperationsafterincometaxesandbeforeequityinearningsofunconsolidatedaffiliates": 70000000,
        "incomelossfromequitymethodinvestments": 1000000,
        "profitloss": 11000000,
        "netincomelossattributabletononcontrollinginterest": 11000000,
        "netincomeloss": 60000000,
        "earningspersharebasic": 0.31,
        "earningspersharediluted": 0.3,
        "weightedaveragenumberofsharesoutstandingbasic": 196200000,
        "weightedaveragenumberofdilutedsharesoutstanding": 200600000,
        "othercomprehensiveincomelosscashflowhedgegainlossbeforereclassificationaftertax": -13000000,
        "othercomprehensiveincomeforeigncurrencytransactionandtranslationgainlossarisingduringperiodnetoftax": -1000000,
        "othercomprehensiveincomelosscashflowhedgegainlossreclassificationaftertax": 3000000,
        "comprehensiveincomenetoftaxincludingportionattributabletononcontrollinginterest": 117000000,
        "comprehensiveincomenetoftaxattributabletononcontrollinginterest": 10000000,
        "comprehensiveincomenetoftax": 107000000,
        "othercomprehensiveincomelosscashflowhedgegainlossbeforereclassificationtax": -4000000,
        "othercomprehensiveincomeforeigncurrencytranslationgainlossarisingduringperiodtax": -22000000
    },
    {
        "date": "2019-03-30",
        "symbol": "IQV",
        "period": "Q1",
        "revenuefromcontractwithcustomerexcludingassessedtax": 193000000,
        "typeofrevenueextensiblelist": "us-gaap:ServiceMember",
        "costofservicesexcludingdepreciationdepletionandamortization": 169000000,
        "typeofcostgoodorserviceextensiblelist": "us-gaap:ServiceMember",
        "sellinggeneralandadministrativeexpense": 39000000,
        "depreciationdepletionandamortization": 295000000,
        "restructuringcharges": 12000000,
        "operatingincomeloss": 210000000,
        "investmentincomeinterest": 2000000,
        "interestexpense": 110000000,
        "othernonoperatingincomeexpense": 7000000,
        "incomelossfromcontinuingoperationsbeforeincometaxesminorityinterestandincomelossfromequitymethodinvestments": 109000000,
        "incometaxexpensebenefit": 41000000,
        "incomelossfromcontinuingoperationsafterincometaxesandbeforeequityinearningsofunconsolidatedaffiliates": 68000000,
        "incomelossfromequitymethodinvestments": -1000000,
        "profitloss": 9000000,
        "netincomelossattributabletononcontrollinginterest": 9000000,
        "netincomeloss": 58000000,
        "earningspersharebasic": 0.29,
        "earningspersharediluted": 0.29,
        "weightedaveragenumberofsharesoutstandingbasic": 197000000,
        "weightedaveragenumberofdilutedsharesoutstanding": 201700000,
        "othercomprehensiveincomelosscashflowhedgegainlossbeforereclassificationaftertax": -5000000,
        "othercomprehensiveincomeforeigncurrencytransactionandtranslationgainlossarisingduringperiodnetoftax": 1000000,
        "othercomprehensiveincomelosscashflowhedgegainlossreclassificationaftertax": 1000000,
        "comprehensiveincomenetoftaxincludingportionattributabletononcontrollinginterest": 30000000,
        "comprehensiveincomenetoftaxattributabletononcontrollinginterest": 10000000,
        "comprehensiveincomenetoftax": 20000000,
        "othercomprehensiveincomelosscashflowhedgegainlossbeforereclassificationtax": -1000000,
        "othercomprehensiveincomeforeigncurrencytranslationgainlossarisingduringperiodtax": 30000000,
        "othercomprehensiveincomelosscashflowhedgegainlossreclassificationtax": 1000000
    },
    {
        "date": "2018-12-30",
        "symbol": "IQV",
        "period": "Q4",
        "typeofrevenueextensiblelist": "us-gaap:ServiceMember",
        "costofservicesexcludingdepreciationdepletionandamortization": 161000000,
        "typeofcostgoodorserviceextensiblelist": "us-gaap:ServiceMember",
        "sellinggeneralandadministrativeexpense": -184000000,
        "depreciationdepletionandamortization": 294000000,
        "restructuringcharges": -33000000,
        "operatingincomeloss": -550000000,
        "investmentincomeinterest": 3000000,
        "interestexpense": 106000000,
        "othernonoperatingincomeexpense": -30000000,
        "incomelossfromcontinuingoperationsbeforeincometaxesminorityinterestandincomelossfromequitymethodinvestments": -261000000,
        "incometaxexpensebenefit": -41000000,
        "incomelossfromcontinuingoperationsafterincometaxesandbeforeequityinearningsofunconsolidatedaffiliates": 50000000,
        "incomelossfromequitymethodinvestments": 2000000,
        "profitloss": 25000000,
        "netincomelossattributabletononcontrollinginterest": 7000000,
        "netincomeloss": 41000000,
        "earningspersharebasic": 0.23000000000000004,
        "earningspersharediluted": 0.23000000000000004,
        "weightedaveragenumberofsharesoutstandingbasic": -411800000,
        "weightedaveragenumberofdilutedsharesoutstanding": -420500000,
        "othercomprehensiveincomeunrealizedgainlossonderivativesarisingduringperiodnetoftax": -7000000,
        "othercomprehensiveincomeforeigncurrencytransactionandtranslationgainlossarisingduringperiodnetoftax": 25000000,
        "comprehensiveincomenetoftaxincludingportionattributabletononcontrollinginterest": 72000000,
        "comprehensiveincomenetoftaxattributabletononcontrollinginterest": 7000000,
        "comprehensiveincomenetoftax": 65000000,
        "othercomprehensiveincomeforeigncurrencytranslationgainlossarisingduringperiodtax": 10000000
    },
    {
        "date": "2018-09-29",
        "symbol": "IQV",
        "period": "Q3",
        "revenuefromcontractwithcustomerexcludingassessedtax": 198000000,
        "typeofrevenueextensiblelist": "us-gaap:ServiceMember",
        "costofservicesexcludingdepreciationdepletionandamortization": 168000000,
        "typeofcostgoodorserviceextensiblelist": "us-gaap:ServiceMember",
        "sellinggeneralandadministrativeexpense": 61000000,
        "depreciationdepletionandamortization": 283000000,
        "restructuringcharges": 23000000,
        "operatingincomeloss": 195000000,
        "investmentincomeinterest": 2000000,
        "interestexpense": 105000000,
        "othernonoperatingincomeexpense": 3000000,
        "incomelossfromcontinuingoperationsbeforeincometaxesminorityinterestandincomelossfromequitymethodinvestments": 86000000,
        "incometaxexpensebenefit": -3000000,
        "incomelossfromcontinuingoperationsafterincometaxesandbeforeequityinearningsofunconsolidatedaffiliates": 89000000,
        "incomelossfromequitymethodinvestments": 2000000,
        "profitloss": 93000000,
        "netincomelossattributabletononcontrollinginterest": 7000000,
        "netincomeloss": 88000000,
        "earningspersharebasic": 0.41,
        "earningspersharediluted": 0.4,
        "weightedaveragenumberofsharesoutstandingbasic": 202300000,
        "weightedaveragenumberofdilutedsharesoutstanding": 206800000,
        "othercomprehensiveincomeunrealizedgainlossonderivativesarisingduringperiodnetoftax": 4000000,
        "othercomprehensiveincomeforeigncurrencytransactionandtranslationgainlossarisingduringperiodnetoftax": -122000000,
        "comprehensiveincomenetoftaxincludingportionattributabletononcontrollinginterest": -51000000,
        "comprehensiveincomenetoftaxattributabletononcontrollinginterest": 5000000,
        "comprehensiveincomenetoftax": -56000000,
        "othercomprehensiveincomeunrealizedgainlossonderivativesarisingduringperiodtax": 1000000,
        "othercomprehensiveincomeforeigncurrencytranslationgainlossarisingduringperiodtax": 12000000,
        "othercomprehensiveincomelossreclassificationadjustmentfromaocionderivativestax": 1000000
    },
    {
        "date": "2018-06-29",
        "symbol": "IQV",
        "period": "Q2",
        "revenuefromcontractwithcustomerexcludingassessedtax": 206000000,
        "typeofrevenueextensiblelist": "us-gaap:ServiceMember",
        "costofservicesexcludingdepreciationdepletionandamortization": 171000000,
        "typeofcostgoodorserviceextensiblelist": "us-gaap:ServiceMember",
        "sellinggeneralandadministrativeexpense": 64000000,
        "depreciationdepletionandamortization": 282000000,
        "restructuringcharges": 17000000,
        "operatingincomeloss": 170000000,
        "investmentincomeinterest": 1000000,
        "interestexpense": 107000000,
        "gainslossesonextinguishmentofdebt": -2000000,
        "othernonoperatingincomeexpense": 26000000,
        "incomelossfromcontinuingoperationsbeforeincometaxesminorityinterestandincomelossfromequitymethodinvestments": 88000000,
        "incometaxexpensebenefit": 24000000,
        "incomelossfromcontinuingoperationsafterincometaxesandbeforeequityinearningsofunconsolidatedaffiliates": 64000000,
        "incomelossfromequitymethodinvestments": 4000000,
        "profitloss": 68000000,
        "netincomelossattributabletononcontrollinginterest": 7000000,
        "netincomeloss": 61000000,
        "earningspersharebasic": 0.3,
        "earningspersharediluted": 0.29,
        "weightedaveragenumberofsharesoutstandingbasic": 205700000,
        "weightedaveragenumberofdilutedsharesoutstanding": 209900000,
        "othercomprehensiveincomeunrealizedgainlossonderivativesarisingduringperiodnetoftax": 3000000,
        "othercomprehensiveincomeforeigncurrencytransactionandtranslationgainlossarisingduringperiodnetoftax": -365000000,
        "othercomprehensiveincomelossreclassificationadjustmentfromaocionderivativesnetoftax": 1000000,
        "comprehensiveincomenetoftaxincludingportionattributabletononcontrollinginterest": -295000000,
        "comprehensiveincomenetoftaxattributabletononcontrollinginterest": 2000000,
        "comprehensiveincomenetoftax": -297000000,
        "othercomprehensiveincomeunrealizedgainlossonderivativesarisingduringperiodtax": 2000000,
        "othercomprehensiveincomeforeigncurrencytranslationgainlossarisingduringperiodtax": 68000000
    },
    {
        "date": "2018-03-30",
        "symbol": "IQV",
        "period": "Q1",
        "salesrevenueservicesnet": 213000000,
        "costofservicesexcludingdepreciationdepletionandamortization": 182000000,
        "sellinggeneralandadministrativeexpense": 61000000,
        "depreciationdepletionandamortization": 282000000,
        "restructuringcharges": 26000000,
        "operatingincomeloss": 183000000,
        "investmentincomeinterest": 2000000,
        "interestexpense": 96000000,
        "othernonoperatingincomeexpense": -4000000,
        "incomelossfromcontinuingoperationsbeforeincometaxesminorityinterestandincomelossfromequitymethodinvestments": 85000000,
        "incometaxexpensebenefit": 19000000,
        "incomelossfromcontinuingoperationsafterincometaxesandbeforeequityinearningsofunconsolidatedaffiliates": 66000000,
        "incomelossfromequitymethodinvestments": 7000000,
        "profitloss": 73000000,
        "netincomelossattributabletononcontrollinginterest": 4000000,
        "netincomeloss": 69000000,
        "earningspersharebasic": 0.33,
        "earningspersharediluted": 0.32,
        "weightedaveragenumberofsharesoutstandingbasic": 207500000,
        "weightedaveragenumberofdilutedsharesoutstanding": 212000000,
        "othercomprehensiveincomeunrealizedgainlossonderivativesarisingduringperiodnetoftax": 1000000,
        "othercomprehensiveincomeforeigncurrencytransactionandtranslationgainlossarisingduringperiodnetoftax": 207000000,
        "othercomprehensiveincomelossreclassificationadjustmentfromaocionderivativesnetoftax": -1000000,
        "comprehensiveincomenetoftaxincludingportionattributabletononcontrollinginterest": 282000000,
        "comprehensiveincomenetoftaxattributabletononcontrollinginterest": 8000000,
        "comprehensiveincomenetoftax": 274000000,
        "othercomprehensiveincomeforeigncurrencytranslationgainlossarisingduringperiodtax": -40000000,
        "othercomprehensiveincomelossreclassificationadjustmentfromaocionderivativestax": -1000000
    },
    {
        "date": "2017-12-30",
        "symbol": "IQV",
        "period": "Q4",
        "salesrevenueservicesnet": 187000000,
        "reimbursementrevenue": 416000000,
        "revenues": 2577000000,
        "costofservicesexcludingdepreciationdepletionandamortization": 1191000000,
        "costofreimbursableexpense": 416000000,
        "sellinggeneralandadministrativeexpense": -176000000,
        "depreciationdepletionandamortization": 278000000,
        "restructuringcharges": -26000000,
        "operatingincomeloss": -517000000,
        "investmentincomeinterest": 2000000,
        "interestexpense": 97000000,
        "othernonoperatingincomeexpense": -21000000,
        "incomelossfromcontinuingoperationsbeforeincometaxesminorityinterestandincomelossfromequitymethodinvestments": -243000000,
        "incomelossfromcontinuingoperationsafterincometaxesandbeforeequityinearningsofunconsolidatedaffiliates": 1081000000,
        "incomelossfromequitymethodinvestments": 3000000,
        "profitloss": 1065000000,
        "netincomelossattributabletononcontrollinginterest": 8000000,
        "netincomeloss": 1076000000,
        "earningspersharebasic": 4.95,
        "earningspersharediluted": 4.840000000000001,
        "weightedaveragenumberofsharesoutstandingbasic": -2900000,
        "weightedaveragenumberofdilutedsharesoutstanding": -2800000,
        "othercomprehensiveincomeunrealizedgainlossonderivativesarisingduringperiodnetoftax": 3000000,
        "othercomprehensiveincomeforeigncurrencytransactionandtranslationgainlossarisingduringperiodnetoftax": 112000000,
        "comprehensiveincomenetoftaxincludingportionattributabletononcontrollinginterest": 1211000000,
        "comprehensiveincomenetoftaxattributabletononcontrollinginterest": 10000000,
        "comprehensiveincomenetoftax": 1201000000,
        "othercomprehensiveincomeunrealizedgainlossonderivativesarisingduringperiodtax": 1000000,
        "othercomprehensiveincomeforeigncurrencytranslationgainlossarisingduringperiodtax": -63000000
    },
    {
        "date": "2017-09-29",
        "symbol": "IQV",
        "period": "Q3",
        "salesrevenueservicesnet": 194000000,
        "reimbursementrevenue": 446000000,
        "revenues": 2465000000,
        "costofservicesexcludingdepreciationdepletionandamortization": 1165000000,
        "costofreimbursableexpense": 446000000,
        "sellinggeneralandadministrativeexpense": 66000000,
        "depreciationdepletionandamortization": 256000000,
        "restructuringcharges": 10000000,
        "operatingincomeloss": 197000000,
        "investmentincomeinterest": 2000000,
        "interestexpense": 93000000,
        "othernonoperatingincomeexpense": -3000000,
        "incomelossfromcontinuingoperationsbeforeincometaxesminorityinterestandincomelossfromequitymethodinvestments": 85000000,
        "incometaxexpensebenefit": 0,
        "incomelossfromcontinuingoperationsafterincometaxesandbeforeequityinearningsofunconsolidatedaffiliates": 85000000,
        "incomelossfromequitymethodinvestments": 4000000,
        "profitloss": 89000000,
        "netincomelossattributabletononcontrollinginterest": 5000000,
        "netincomeloss": 84000000,
        "earningspersharebasic": 0.38999999999999996,
        "earningspersharediluted": 0.38999999999999996,
        "weightedaveragenumberofsharesoutstandingbasic": -3100000,
        "weightedaveragenumberofdilutedsharesoutstanding": -3200000,
        "othercomprehensiveincomeunrealizedgainlossonderivativesarisingduringperiodnetoftax": 2000000,
        "othercomprehensiveincomeforeigncurrencytransactionandtranslationgainlossarisingduringperiodnetoftax": 156000000,
        "comprehensiveincomenetoftaxincludingportionattributabletononcontrollinginterest": 245000000,
        "comprehensiveincomenetoftaxattributabletononcontrollinginterest": 8000000,
        "comprehensiveincomenetoftax": 237000000,
        "othercomprehensiveincomeunrealizedgainlossonderivativesarisingduringperiodtax": -5000000,
        "othercomprehensiveincomeforeigncurrencytranslationgainlossarisingduringperiodtax": -217000000
    },
    {
        "date": "2017-06-29",
        "symbol": "IQV",
        "period": "Q2",
        "salesrevenueservicesnet": 204000000,
        "reimbursementrevenue": 406000000,
        "revenues": 2375000000,
        "costofservicesexcludingdepreciationdepletionandamortization": 1154000000,
        "costofreimbursableexpense": 406000000,
        "sellinggeneralandadministrativeexpense": 59000000,
        "depreciationdepletionandamortization": 245000000,
        "restructuringcharges": 9000000,
        "operatingincomeloss": 151000000,
        "investmentincomeinterest": 1000000,
        "interestexpense": 81000000,
        "gainslossesonextinguishmentofdebt": 0,
        "othernonoperatingincomeexpense": -3000000,
        "incomelossfromcontinuingoperationsbeforeincometaxesminorityinterestandincomelossfromequitymethodinvestments": 68000000,
        "incometaxexpensebenefit": -7000000,
        "incomelossfromcontinuingoperationsafterincometaxesandbeforeequityinearningsofunconsolidatedaffiliates": 75000000,
        "incomelossfromequitymethodinvestments": 4000000,
        "profitloss": 79000000,
        "netincomelossattributabletononcontrollinginterest": 4000000,
        "netincomeloss": 75000000,
        "earningspersharebasic": 0.35000000000000003,
        "earningspersharediluted": 0.34,
        "weightedaveragenumberofsharesoutstandingbasic": -6300000,
        "weightedaveragenumberofdilutedsharesoutstanding": -6300000,
        "othercomprehensiveincomeunrealizedgainlossonderivativesarisingduringperiodnetoftax": -2000000,
        "othercomprehensiveincomeforeigncurrencytransactionandtranslationgainlossarisingduringperiodnetoftax": 217000000,
        "othercomprehensiveincomelossreclassificationadjustmentfromaocionderivativesnetoftax": 0,
        "comprehensiveincomenetoftaxincludingportionattributabletononcontrollinginterest": 294000000,
        "comprehensiveincomenetoftaxattributabletononcontrollinginterest": 7000000,
        "comprehensiveincomenetoftax": 287000000,
        "othercomprehensiveincomeunrealizedgainlossonderivativesarisingduringperiodtax": 2000000,
        "othercomprehensiveincomeforeigncurrencytranslationgainlossarisingduringperiodtax": 80000000
    },
    {
        "date": "2017-03-30",
        "symbol": "IQV",
        "period": "Q1",
        "salesrevenueservicesnet": 198000000,
        "reimbursementrevenue": 411000000,
        "revenues": 2322000000,
        "costofservicesexcludingdepreciationdepletionandamortization": 1112000000,
        "costofreimbursableexpense": 411000000,
        "sellinggeneralandadministrativeexpense": 52000000,
        "depreciationdepletionandamortization": 232000000,
        "restructuringcharges": 19000000,
        "operatingincomeloss": 168000000,
        "investmentincomeinterest": 2000000,
        "interestexpense": 75000000,
        "gainslossesonextinguishmentofdebt": -3000000,
        "othernonoperatingincomeexpense": -3000000,
        "incomelossfromcontinuingoperationsbeforeincometaxesminorityinterestandincomelossfromequitymethodinvestments": 89000000,
        "incometaxexpensebenefit": 12000000,
        "incomelossfromcontinuingoperationsafterincometaxesandbeforeequityinearningsofunconsolidatedaffiliates": 77000000,
        "incomelossfromequitymethodinvestments": -1000000,
        "profitloss": 76000000,
        "netincomelossattributabletononcontrollinginterest": 2000000,
        "netincomeloss": 74000000,
        "earningspersharebasic": 0.32,
        "earningspersharediluted": 0.31,
        "weightedaveragenumberofsharesoutstandingbasic": 230100000,
        "weightedaveragenumberofdilutedsharesoutstanding": 234900000,
        "othercomprehensiveincomeunrealizedgainlossonderivativesarisingduringperiodnetoftax": 1000000,
        "othercomprehensiveincomeforeigncurrencytransactionandtranslationgainlossarisingduringperiodnetoftax": 122000000,
        "othercomprehensiveincomelossreclassificationadjustmentfromaocionderivativesnetoftax": -2000000,
        "comprehensiveincomenetoftaxincludingportionattributabletononcontrollinginterest": 201000000,
        "comprehensiveincomenetoftaxattributabletononcontrollinginterest": 1000000,
        "comprehensiveincomenetoftax": 200000000,
        "othercomprehensiveincomeunrealizedgainlossonderivativesarisingduringperiodtax": 1000000,
        "othercomprehensiveincomeforeigncurrencytranslationgainlossarisingduringperiodtax": -1000000
    },
    {
        "date": "2016-12-30",
        "symbol": "IQV",
        "period": "Q4",
        "salesrevenueservicesnet": 1245400000,
        "reimbursementrevenue": 385578000,
        "revenues": 2338069000,
        "costofreimbursableexpense": 385578000,
        "sellinggeneralandadministrativeexpense": -10929000,
        "restructuringcharges": 21259000,
        "operatingincomeloss": 71929000,
        "investmentincomeinterest": 1830000,
        "interestexpense": 71053000,
        "othernonoperatingincomeexpense": 11370000,
        "incomelossfromcontinuingoperationsbeforeincometaxesminorityinterestandincomelossfromequitymethodinvestments": -444162000,
        "incometaxexpensebenefit": -121912000,
        "incomelossfromcontinuingoperationsafterincometaxesandbeforeequityinearningsofunconsolidatedaffiliates": -171250000,
        "incomelossfromequitymethodinvestments": -3048000,
        "profitloss": -289298000,
        "netincomelossattributabletononcontrollinginterest": 3296000,
        "netincomeloss": -177594000,
        "earningspersharebasic": -1.6800000000000002,
        "earningspersharediluted": -1.65,
        "weightedaveragenumberofsharesoutstandingbasic": -89275000,
        "weightedaveragenumberofdilutedsharesoutstanding": -90635000,
        "othercomprehensiveincomeunrealizedgainlossonderivativesarisingduringperiodnetoftax": 12524000,
        "othercomprehensiveincomeforeigncurrencytransactionandtranslationgainlossarisingduringperiodnetoftax": 18119000,
        "othercomprehensiveincomelossreclassificationadjustmentfromaocionderivativesnetoftax": -7550000,
        "othercomprehensiveincomelossreclassificationadjustmentfromaocipensionandotherpostretirementbenefitplansnetoftax": 572000,
        "comprehensiveincomenetoftaxincludingportionattributabletononcontrollinginterest": -609679000,
        "comprehensiveincomenetoftaxattributabletononcontrollinginterest": -2695000,
        "comprehensiveincomenetoftax": -606984000,
        "othercomprehensiveincomeunrealizedgainlossonderivativesarisingduringperiodtax": 3828000,
        "othercomprehensiveincomeforeigncurrencytranslationgainlossarisingduringperiodtax": -2838000,
        "othercomprehensiveincomelossreclassificationadjustmentfromaocionderivativestax": -2856000
    },
    {
        "date": "2016-09-29",
        "symbol": "IQV",
        "period": "Q3",
        "salesrevenueservicesnet": 262111000,
        "reimbursementrevenue": 360750000,
        "revenues": 1497173000,
        "costofservices": 204153000,
        "costofreimbursableexpense": 360750000,
        "sellinggeneralandadministrativeexpense": 30741000,
        "restructuringcharges": -467000,
        "businesscombinationintegrationrelatedcosts": 3747000,
        "assetimpairmentcharges": 27937000,
        "operatingincomeloss": -30741000,
        "investmentincomeinterest": 706000,
        "interestexpense": 24505000,
        "othernonoperatingincomeexpense": -1667000,
        "incomelossfromcontinuingoperationsbeforeincometaxesminorityinterestandincomelossfromequitymethodinvestments": 142304000,
        "incometaxexpensebenefit": 38525000,
        "incomelossfromcontinuingoperationsafterincometaxesandbeforeequityinearningsofunconsolidatedaffiliates": 103779000,
        "incomelossfromequitymethodinvestments": 195000,
        "profitloss": 103974000,
        "netincomelossattributabletononcontrollinginterest": 4807000,
        "netincomeloss": 99167000,
        "earningspersharebasic": 0.83,
        "earningspersharediluted": 0.82,
        "weightedaveragenumberofsharesoutstandingbasic": 118919000,
        "weightedaveragenumberofdilutedsharesoutstanding": 121156000,
        "othercomprehensiveincomeunrealizedholdinggainlossonsecuritiesarisingduringperiodnetoftax": 18000,
        "othercomprehensiveincomeunrealizedgainlossonderivativesarisingduringperiodnetoftax": -256000,
        "othercomprehensiveincomelosspensionandotherpostretirementbenefitplansadjustmentbeforereclassificationadjustmentsnetoftax": 45000,
        "othercomprehensiveincomeforeigncurrencytransactionandtranslationgainlossarisingduringperiodnetoftax": -10582000,
        "othercomprehensiveincomelossreclassificationadjustmentfromaocionderivativesnetoftax": -5949000,
        "othercomprehensiveincomelossreclassificationadjustmentfromaocipensionandotherpostretirementbenefitplansnetoftax": 147000,
        "comprehensiveincomenetoftaxincludingportionattributabletononcontrollinginterest": 99205000,
        "comprehensiveincomenetoftaxattributabletononcontrollinginterest": 1920000,
        "comprehensiveincomenetoftax": 97285000,
        "othercomprehensiveincomeunrealizedholdinggainlossonsecuritiesarisingduringperiodtax": 12000,
        "othercomprehensiveincomeunrealizedgainlossonderivativesarisingduringperiodtax": 634000,
        "othercomprehensiveincomelosspensionandotherpostretirementbenefitplanstax": -45000,
        "othercomprehensiveincomeforeigncurrencytranslationgainlossarisingduringperiodtax": -1359000,
        "othercomprehensiveincomelossreclassificationadjustmentfromaocionderivativestax": -1713000,
        "othercomprehensiveincomelossreclassificationadjustmentfromaocipensionandotherpostretirementbenefitplanstax": 82000
    },
    {
        "date": "2016-06-29",
        "symbol": "IQV",
        "period": "Q2",
        "salesrevenueservicesnet": 276946000,
        "reimbursementrevenue": 385609000,
        "revenues": 1552673000,
        "costofservices": 211564000,
        "costofreimbursableexpense": 385609000,
        "sellinggeneralandadministrativeexpense": 36916000,
        "restructuringcharges": 571000,
        "operatingincomeloss": -36916000,
        "investmentincomeinterest": 834000,
        "interestexpense": 22483000,
        "othernonoperatingincomeexpense": 2803000,
        "incomelossfromcontinuingoperationsbeforeincometaxesminorityinterestandincomelossfromequitymethodinvestments": 131897000,
        "incometaxexpensebenefit": 36810000,
        "incomelossfromcontinuingoperationsafterincometaxesandbeforeequityinearningsofunconsolidatedaffiliates": 95087000,
        "incomelossfromequitymethodinvestments": -3789000,
        "profitloss": 91298000,
        "netincomelossattributabletononcontrollinginterest": 4539000,
        "netincomeloss": 86759000,
        "earningspersharebasic": 0.7300000000000001,
        "earningspersharediluted": 0.7100000000000001,
        "weightedaveragenumberofsharesoutstandingbasic": 8000,
        "weightedaveragenumberofdilutedsharesoutstanding": 41000,
        "othercomprehensiveincomeunrealizedholdinggainlossonsecuritiesarisingduringperiodnetoftax": 79000,
        "othercomprehensiveincomeunrealizedgainlossonderivativesarisingduringperiodnetoftax": -10343000,
        "othercomprehensiveincomelosspensionandotherpostretirementbenefitplansadjustmentbeforereclassificationadjustmentsnetoftax": 0,
        "othercomprehensiveincomeforeigncurrencytransactionandtranslationgainlossarisingduringperiodnetoftax": -31255000,
        "othercomprehensiveincomelossreclassificationadjustmentfromaocionderivativesnetoftax": -2941000,
        "othercomprehensiveincomelossreclassificationadjustmentfromaocipensionandotherpostretirementbenefitplansnetoftax": 145000,
        "comprehensiveincomenetoftaxincludingportionattributabletononcontrollinginterest": 52865000,
        "comprehensiveincomenetoftaxattributabletononcontrollinginterest": -558000,
        "comprehensiveincomenetoftax": 53423000,
        "othercomprehensiveincomeunrealizedholdinggainlossonsecuritiesarisingduringperiodtax": 49000,
        "othercomprehensiveincomeunrealizedgainlossonderivativesarisingduringperiodtax": -3125000,
        "othercomprehensiveincomelosspensionandotherpostretirementbenefitplanstax": 0,
        "othercomprehensiveincomeforeigncurrencytranslationgainlossarisingduringperiodtax": -3955000,
        "othercomprehensiveincomelossreclassificationadjustmentfromaocionderivativestax": -650000,
        "othercomprehensiveincomelossreclassificationadjustmentfromaocipensionandotherpostretirementbenefitplanstax": 78000
    },
    {
        "date": "2016-03-30",
        "symbol": "IQV",
        "period": "Q1",
        "salesrevenueservicesnet": 270543000,
        "reimbursementrevenue": 382063000,
        "revenues": 1490085000,
        "costofservices": 215926000,
        "costofreimbursableexpense": 382063000,
        "sellinggeneralandadministrativeexpense": 25272000,
        "restructuringcharges": 1637000,
        "operatingincomeloss": -25272000,
        "investmentincomeinterest": 630000,
        "interestexpense": 25959000,
        "othernonoperatingincomeexpense": -4506000,
        "incomelossfromcontinuingoperationsbeforeincometaxesminorityinterestandincomelossfromequitymethodinvestments": 148961000,
        "incometaxexpensebenefit": 42577000,
        "incomelossfromcontinuingoperationsafterincometaxesandbeforeequityinearningsofunconsolidatedaffiliates": 106384000,
        "incomelossfromequitymethodinvestments": 2642000,
        "profitloss": 109026000,
        "netincomelossattributabletononcontrollinginterest": 2358000,
        "netincomeloss": 106668000,
        "earningspersharebasic": 0.89,
        "earningspersharediluted": 0.88,
        "weightedaveragenumberofsharesoutstandingbasic": 119448000,
        "weightedaveragenumberofdilutedsharesoutstanding": 121438000,
        "othercomprehensiveincomeunrealizedholdinggainlossonsecuritiesarisingduringperiodnetoftax": -90000,
        "othercomprehensiveincomeunrealizedgainlossonderivativesarisingduringperiodnetoftax": -8925000,
        "othercomprehensiveincomelosspensionandotherpostretirementbenefitplansadjustmentbeforereclassificationadjustmentsnetoftax": -184000,
        "othercomprehensiveincomeforeigncurrencytransactionandtranslationgainlossarisingduringperiodnetoftax": 7718000,
        "othercomprehensiveincomelossreclassificationadjustmentfromaocionderivativesnetoftax": -4560000,
        "othercomprehensiveincomelossreclassificationadjustmentfromaocipensionandotherpostretirementbenefitplansnetoftax": 136000,
        "comprehensiveincomenetoftaxincludingportionattributabletononcontrollinginterest": 112609000,
        "comprehensiveincomenetoftaxattributabletononcontrollinginterest": 333000,
        "comprehensiveincomenetoftax": 112276000,
        "othercomprehensiveincomeunrealizedholdinggainlossonsecuritiesarisingduringperiodtax": -56000,
        "othercomprehensiveincomeunrealizedgainlossonderivativesarisingduringperiodtax": -4337000,
        "othercomprehensiveincomelosspensionandotherpostretirementbenefitplanstax": -71000,
        "othercomprehensiveincomeforeigncurrencytranslationgainlossarisingduringperiodtax": -848000,
        "othercomprehensiveincomelossreclassificationadjustmentfromaocionderivativestax": -1781000,
        "othercomprehensiveincomelossreclassificationadjustmentfromaocipensionandotherpostretirementbenefitplanstax": 73000
    },
    {
        "date": "2015-12-30",
        "symbol": "IQV",
        "period": "Q4",
        "salesrevenueservicesnet": 282940000,
        "reimbursementrevenue": 393131000,
        "revenues": 1521730000,
        "costofservices": 220852000,
        "costofreimbursableexpense": 393131000,
        "sellinggeneralandadministrativeexpense": -82608000,
        "restructuringcharges": 0,
        "operatingincomeloss": 82608000,
        "investmentincomeinterest": -3446000,
        "interestexpense": 92559000,
        "othernonoperatingincomeexpense": 7857000,
        "incomelossfromcontinuingoperationsbeforeincometaxesminorityinterestandincomelossfromequitymethodinvestments": -380897000,
        "incometaxexpensebenefit": -108510000,
        "incomelossfromcontinuingoperationsafterincometaxesandbeforeequityinearningsofunconsolidatedaffiliates": 107787000,
        "incomelossfromequitymethodinvestments": 300000,
        "profitloss": 389623000,
        "netincomelossattributabletononcontrollinginterest": 3517000,
        "netincomeloss": 104570000,
        "earningspersharebasic": 0.8700000000000001,
        "earningspersharediluted": 0.84,
        "weightedaveragenumberofsharesoutstandingbasic": -690000,
        "weightedaveragenumberofdilutedsharesoutstanding": -813000,
        "othercomprehensiveincomeunrealizedholdinggainlossonsecuritiesarisingduringperiodnetoftax": -53000,
        "othercomprehensiveincomeunrealizedgainlossonderivativesarisingduringperiodnetoftax": -863000,
        "othercomprehensiveincomeforeigncurrencytransactionandtranslationgainlossarisingduringperiodnetoftax": -52943000,
        "othercomprehensiveincomelossreclassificationadjustmentfromaocionderivativesnetoftax": -2493000,
        "othercomprehensiveincomelossreclassificationadjustmentfromaocipensionandotherpostretirementbenefitplansnetoftax": 189000,
        "comprehensiveincomenetoftaxincludingportionattributabletononcontrollinginterest": 90233000,
        "comprehensiveincomenetoftaxattributabletononcontrollinginterest": 1568000,
        "comprehensiveincomenetoftax": 88665000,
        "othercomprehensiveincomeunrealizedholdinggainlossonsecuritiesarisingduringperiodtax": -33000,
        "othercomprehensiveincomeunrealizedgainlossonderivativesarisingduringperiodtax": 8277000,
        "othercomprehensiveincomeforeigncurrencytranslationgainlossarisingduringperiodtax": -1353000,
        "othercomprehensiveincomelossreclassificationadjustmentfromaocionderivativestax": -1203000,
        "othercomprehensiveincomelossreclassificationadjustmentfromaocipensionandotherpostretirementbenefitplanstax": 104000
    },
    {
        "date": "2015-09-29",
        "symbol": "IQV",
        "period": "Q3",
        "salesrevenueservicesnet": 283435000,
        "reimbursementrevenue": 331289000,
        "revenues": 2769883000,
        "costofservices": 221200000,
        "costofreimbursableexpense": 331289000,
        "sellinggeneralandadministrativeexpense": 26471000,
        "restructuringcharges": -10649000,
        "operatingincomeloss": -26471000,
        "investmentincomeinterest": 1141000,
        "interestexpense": -13017000,
        "othernonoperatingincomeexpense": 934000,
        "incomelossfromcontinuingoperationsbeforeincometaxesminorityinterestandincomelossfromequitymethodinvestments": 143669000,
        "incometaxexpensebenefit": 76363000,
        "incomelossfromcontinuingoperationsafterincometaxesandbeforeequityinearningsofunconsolidatedaffiliates": 103477000,
        "incomelossfromequitymethodinvestments": 5362000,
        "profitloss": -173796000,
        "netincomelossattributabletononcontrollinginterest": -2447000,
        "netincomeloss": 111286000,
        "earningspersharebasic": 0.8999999999999999,
        "earningspersharediluted": 0.8900000000000002,
        "weightedaveragenumberofsharesoutstandingbasic": -124610000,
        "weightedaveragenumberofdilutedsharesoutstanding": -127547000,
        "othercomprehensiveincomeunrealizedholdinggainlossonsecuritiesarisingduringperiodnetoftax": -64000,
        "othercomprehensiveincomeunrealizedgainlossonderivativesarisingduringperiodnetoftax": -8440000,
        "othercomprehensiveincomeforeigncurrencytransactionandtranslationgainlossarisingduringperiodnetoftax": 14439000,
        "othercomprehensiveincomelossreclassificationadjustmentfromaocionderivativesnetoftax": -2612000,
        "othercomprehensiveincomelossreclassificationadjustmentfromaocipensionandotherpostretirementbenefitplansnetoftax": 142000,
        "comprehensiveincomenetoftaxincludingportionattributabletononcontrollinginterest": 79654000,
        "comprehensiveincomenetoftaxattributabletononcontrollinginterest": -5013000,
        "comprehensiveincomenetoftax": 84667000,
        "othercomprehensiveincomeunrealizedholdinggainlossonsecuritiesarisingduringperiodtax": -40000,
        "othercomprehensiveincomeunrealizedgainlossonderivativesarisingduringperiodtax": -3885000,
        "othercomprehensiveincomeforeigncurrencytranslationgainlossarisingduringperiodtax": -1563000,
        "othercomprehensiveincomelossreclassificationadjustmentfromaocionderivativestax": -4689000,
        "othercomprehensiveincomelossreclassificationadjustmentfromaocipensionandotherpostretirementbenefitplanstax": 83000
    },
    {
        "date": "2015-06-29",
        "symbol": "IQV",
        "period": "Q2",
        "salesrevenueservicesnet": 287969000,
        "reimbursementrevenue": 369161000,
        "revenues": 1443527000,
        "costofservices": 230395000,
        "costofreimbursableexpense": 369161000,
        "sellinggeneralandadministrativeexpense": 30276000,
        "restructuringcharges": 6234000,
        "operatingincomeloss": -30276000,
        "investmentincomeinterest": 1459000,
        "interestexpense": -3090000,
        "gainslossesonextinguishmentofdebt": -7780000,
        "othernonoperatingincomeexpense": -11659000,
        "incomelossfromcontinuingoperationsbeforeincometaxesminorityinterestandincomelossfromequitymethodinvestments": 114922000,
        "incometaxexpensebenefit": 31700000,
        "incomelossfromcontinuingoperationsafterincometaxesandbeforeequityinearningsofunconsolidatedaffiliates": 83222000,
        "incomelossfromequitymethodinvestments": 1725000,
        "profitloss": 84947000,
        "netincomelossattributabletononcontrollinginterest": -4000,
        "netincomeloss": 84951000,
        "earningspersharebasic": 0.69,
        "earningspersharediluted": 0.67,
        "weightedaveragenumberofsharesoutstandingbasic": 123834000,
        "weightedaveragenumberofdilutedsharesoutstanding": 126536000,
        "othercomprehensiveincomeunrealizedholdinggainlossonsecuritiesarisingduringperiodnetoftax": 14000,
        "othercomprehensiveincomeunrealizedgainlossonderivativesarisingduringperiodnetoftax": 3444000,
        "othercomprehensiveincomeforeigncurrencytransactionandtranslationgainlossarisingduringperiodnetoftax": 13007000,
        "othercomprehensiveincomelossreclassificationadjustmentfromaocionderivativesnetoftax": -3502000,
        "othercomprehensiveincomelossreclassificationadjustmentfromaocipensionandotherpostretirementbenefitplansnetoftax": 147000,
        "comprehensiveincomenetoftaxincludingportionattributabletononcontrollinginterest": 105061000,
        "comprehensiveincomenetoftaxattributabletononcontrollinginterest": -1000,
        "comprehensiveincomenetoftax": 105062000,
        "othercomprehensiveincomeunrealizedholdinggainlossonsecuritiesarisingduringperiodtax": 9000,
        "othercomprehensiveincomeunrealizedgainlossonderivativesarisingduringperiodtax": 327000,
        "othercomprehensiveincomeforeigncurrencytranslationgainlossarisingduringperiodtax": 146000,
        "othercomprehensiveincomelossreclassificationadjustmentfromaocionderivativestax": -1590000,
        "othercomprehensiveincomelossreclassificationadjustmentfromaocipensionandotherpostretirementbenefitplanstax": 85000
    },
    {
        "date": "2015-03-30",
        "symbol": "IQV",
        "period": "Q1",
        "salesrevenueservicesnet": 280445000,
        "reimbursementrevenue": 317619000,
        "revenues": 2479000,
        "costofservices": 224405000,
        "costofreimbursableexpense": 317619000,
        "sellinggeneralandadministrativeexpense": 26576000,
        "restructuringcharges": 5324000,
        "operatingincomeloss": -26576000,
        "investmentincomeinterest": 870000,
        "interestexpense": 25340000,
        "othernonoperatingincomeexpense": 2861000,
        "incomelossfromcontinuingoperationsbeforeincometaxesminorityinterestandincomelossfromequitymethodinvestments": 121608000,
        "incometaxexpensebenefit": -83000,
        "incomelossfromcontinuingoperationsafterincometaxesandbeforeequityinearningsofunconsolidatedaffiliates": 85520000,
        "incomelossfromequitymethodinvestments": 911000,
        "profitloss": 86431000,
        "netincomelossattributabletononcontrollinginterest": 33000,
        "netincomeloss": 86398000,
        "earningspersharebasic": 0.69,
        "earningspersharediluted": 0.68,
        "weightedaveragenumberofsharesoutstandingbasic": 124504000,
        "weightedaveragenumberofdilutedsharesoutstanding": 127454000,
        "othercomprehensiveincomeunrealizedholdinggainlossonsecuritiesarisingduringperiodnetoftax": -165000,
        "othercomprehensiveincomeunrealizedgainlossonderivativesarisingduringperiodnetoftax": -3664000,
        "othercomprehensiveincomeforeigncurrencytransactionandtranslationgainlossarisingduringperiodnetoftax": -30012000,
        "othercomprehensiveincomelossreclassificationadjustmentfromaocionderivativesnetoftax": -3836000,
        "othercomprehensiveincomelossreclassificationadjustmentfromaocipensionandotherpostretirementbenefitplansnetoftax": 140000,
        "comprehensiveincomenetoftaxincludingportionattributabletononcontrollinginterest": 56566000,
        "comprehensiveincomenetoftaxattributabletononcontrollinginterest": 30000,
        "comprehensiveincomenetoftax": 56536000,
        "othercomprehensiveincomeunrealizedholdinggainlossonsecuritiesarisingduringperiodtax": -104000,
        "othercomprehensiveincomeunrealizedgainlossonderivativesarisingduringperiodtax": -1040000,
        "othercomprehensiveincomeforeigncurrencytranslationgainlossarisingduringperiodtax": -2811000,
        "othercomprehensiveincomelossreclassificationadjustmentfromaocionderivativestax": 1656000,
        "othercomprehensiveincomelossreclassificationadjustmentfromaocipensionandotherpostretirementbenefitplanstax": 83000
    },
    {
        "date": "2014-12-30",
        "symbol": "IQV",
        "period": "Q4",
        "salesrevenueservicesnet": 745137000,
        "reimbursementrevenue": 347043000,
        "revenues": -989000,
        "costofservices": 228374000,
        "costofreimbursableexpense": 347043000,
        "sellinggeneralandadministrativeexpense": -81008000,
        "restructuringcharges": 9600000,
        "operatingincomeloss": 81008000,
        "investmentincomeinterest": -2903000,
        "interestexpense": -175141000,
        "incomelossfromcontinuingoperationsbeforeincometaxesminorityinterestandincomelossfromequitymethodinvestments": -370786000,
        "incomelossfromcontinuingoperationsafterincometaxesandbeforeequityinearningsofunconsolidatedaffiliates": 93861000,
        "incomelossfromequitymethodinvestments": -5417000,
        "profitloss": 88326000,
        "netincomelossattributabletononcontrollinginterest": 18000,
        "netincomeloss": 88426000,
        "earningspersharebasic": 0.6999999999999997,
        "earningspersharediluted": 0.6900000000000005,
        "weightedaveragenumberofsharesoutstandingbasic": -786000,
        "weightedaveragenumberofdilutedsharesoutstanding": -820000,
        "othercomprehensiveincomeunrealizedholdinggainlossonsecuritiesarisingduringperiodnetoftax": -131000,
        "othercomprehensiveincomeunrealizedgainlossonderivativesarisingduringperiodnetoftax": -2756000,
        "othercomprehensiveincomeforeigncurrencytransactionandtranslationgainlossarisingduringperiodnetoftax": -24694000,
        "othercomprehensiveincomelossreclassificationadjustmentfromaocionderivativesnetoftax": -2663000,
        "othercomprehensiveincomelossreclassificationadjustmentfromaocipensionandotherpostretirementbenefitplansnetoftax": 110000,
        "comprehensiveincomenetoftaxincludingportionattributabletononcontrollinginterest": 56402000,
        "comprehensiveincomenetoftaxattributabletononcontrollinginterest": 22000,
        "comprehensiveincomenetoftax": 56380000,
        "othercomprehensiveincomeunrealizedholdinggainlossonsecuritiesarisingduringperiodtax": -82000,
        "othercomprehensiveincomeunrealizedgainlossonderivativesarisingduringperiodtax": -777000,
        "othercomprehensiveincomelossreclassificationadjustmentfromaocionderivativestax": 6638000,
        "othercomprehensiveincomelossreclassificationadjustmentfromaocipensionandotherpostretirementbenefitplanstax": 61000
    },
    {
        "date": "2014-09-29",
        "symbol": "IQV",
        "period": "Q3",
        "salesrevenueservicesnet": 289652000,
        "reimbursementrevenue": 339021000,
        "revenues": 614000,
        "costofservices": 232320000,
        "costofreimbursableexpense": 339021000,
        "sellinggeneralandadministrativeexpense": 27120000,
        "restructuringcharges": -1256000,
        "operatingincomeloss": -27120000,
        "investmentincomeinterest": 602000,
        "interestexpense": 25050000,
        "incomelossfromcontinuingoperationsbeforeincometaxesminorityinterestandincomelossfromequitymethodinvestments": 132470000,
        "incomelossfromcontinuingoperationsafterincometaxesandbeforeequityinearningsofunconsolidatedaffiliates": 91210000,
        "incomelossfromequitymethodinvestments": 1523000,
        "profitloss": 92733000,
        "netincomelossattributabletononcontrollinginterest": 79000,
        "netincomeloss": 92654000,
        "earningspersharebasic": 0.73,
        "earningspersharediluted": 0.7099999999999996,
        "weightedaveragenumberofsharesoutstandingbasic": -659000,
        "weightedaveragenumberofdilutedsharesoutstanding": -638000,
        "othercomprehensiveincomeunrealizedholdinggainlossonsecuritiesarisingduringperiodnetoftax": -6000,
        "othercomprehensiveincomeunrealizedgainlossonderivativesarisingduringperiodnetoftax": -3561000,
        "othercomprehensiveincomeforeigncurrencytransactionandtranslationgainlossarisingduringperiodnetoftax": -27280000,
        "othercomprehensiveincomelossreclassificationadjustmentfromaocionderivativesnetoftax": -1449000,
        "othercomprehensiveincomelossreclassificationadjustmentfromaocipensionandotherpostretirementbenefitplansnetoftax": 117000,
        "comprehensiveincomenetoftaxincludingportionattributabletononcontrollinginterest": 63452000,
        "comprehensiveincomenetoftaxattributabletononcontrollinginterest": 87000,
        "comprehensiveincomenetoftax": 63365000,
        "othercomprehensiveincomeunrealizedholdinggainlossonsecuritiesarisingduringperiodtax": -4000,
        "othercomprehensiveincomeunrealizedgainlossonderivativesarisingduringperiodtax": -882000,
        "othercomprehensiveincomelossreclassificationadjustmentfromaocionderivativestax": -1086000,
        "othercomprehensiveincomelossreclassificationadjustmentfromaocipensionandotherpostretirementbenefitplanstax": 70000
    },
    {
        "date": "2014-06-29",
        "symbol": "IQV",
        "period": "Q2",
        "salesrevenueservicesnet": 254289000,
        "reimbursementrevenue": 305554000,
        "revenues": 2258000,
        "costofservices": 209236000,
        "costofreimbursableexpense": 305554000,
        "sellinggeneralandadministrativeexpense": 28116000,
        "restructuringcharges": 948000,
        "operatingincomeloss": -28116000,
        "investmentincomeinterest": 994000,
        "interestexpense": 24799000,
        "othernonoperatingincomeexpense": 0,
        "incomelossfromcontinuingoperationsbeforeincometaxesminorityinterestandincomelossfromequitymethodinvestments": 114139000,
        "incometaxexpensebenefit": 0,
        "incomelossfromcontinuingoperationsafterincometaxesandbeforeequityinearningsofunconsolidatedaffiliates": 81739000,
        "incomelossfromequitymethodinvestments": 3371000,
        "profitloss": 85110000,
        "netincomelossattributabletononcontrollinginterest": -10000,
        "netincomeloss": 85120000,
        "earningspersharebasic": 0.6600000000000001,
        "earningspersharediluted": 0.64,
        "weightedaveragenumberofsharesoutstandingbasic": -459000,
        "weightedaveragenumberofdilutedsharesoutstanding": -499000,
        "othercomprehensiveincomeunrealizedholdinggainlossonsecuritiesarisingduringperiodnetoftax": -2393000,
        "othercomprehensiveincomeunrealizedgainlossonderivativesarisingduringperiodnetoftax": 928000,
        "othercomprehensiveincomeforeigncurrencytransactionandtranslationgainlossarisingduringperiodnetoftax": 3861000,
        "othercomprehensiveincomelossreclassificationadjustmentfromaociforsaleofsecuritiesnetoftax": 0,
        "othercomprehensiveincomelossreclassificationadjustmentfromaocionderivativesnetoftax": -121000,
        "othercomprehensiveincomelossreclassificationadjustmentfromaocipensionandotherpostretirementbenefitplansnetoftax": 121000,
        "comprehensiveincomenetoftaxincludingportionattributabletononcontrollinginterest": 87748000,
        "comprehensiveincomenetoftaxattributabletononcontrollinginterest": -9000,
        "comprehensiveincomenetoftax": 87757000,
        "othercomprehensiveincomeunrealizedholdinggainlossonsecuritiesarisingduringperiodtax": -1498000,
        "othercomprehensiveincomeunrealizedgainlossonderivativesarisingduringperiodtax": 17000,
        "othercomprehensiveincomelossreclassificationadjustmentfromaociforsaleofsecuritiestax": 0,
        "othercomprehensiveincomelossreclassificationadjustmentfromaocionderivativestax": -736000,
        "othercomprehensiveincomelossreclassificationadjustmentfromaocipensionandotherpostretirementbenefitplanstax": 72000
    },
    {
        "date": "2014-03-30",
        "symbol": "IQV",
        "period": "Q1",
        "salesrevenueservicesnet": 234460000,
        "reimbursementrevenue": 302558000,
        "revenues": 1911000,
        "costofservices": 193239000,
        "costofreimbursableexpense": 302558000,
        "sellinggeneralandadministrativeexpense": 27281000,
        "restructuringcharges": 1008000,
        "operatingincomeloss": -27281000,
        "investmentincomeinterest": 1255000,
        "interestexpense": 24703000,
        "othernonoperatingincomeexpense": 5004000,
        "incomelossfromcontinuingoperationsbeforeincometaxesminorityinterestandincomelossfromequitymethodinvestments": 122712000,
        "incometaxexpensebenefit": 1927000,
        "incomelossfromcontinuingoperationsafterincometaxesandbeforeequityinearningsofunconsolidatedaffiliates": 85323000,
        "incomelossfromequitymethodinvestments": 4891000,
        "profitloss": 90214000,
        "netincomelossattributabletononcontrollinginterest": 31000,
        "netincomeloss": 90183000,
        "earningspersharebasic": 0.69,
        "earningspersharediluted": 0.68,
        "weightedaveragenumberofsharesoutstandingbasic": 129898000,
        "weightedaveragenumberofdilutedsharesoutstanding": 133040000,
        "othercomprehensiveincomeunrealizedholdinggainlossonsecuritiesarisingduringperiodnetoftax": 1930000,
        "othercomprehensiveincomeunrealizedgainlossonderivativesarisingduringperiodnetoftax": 322000,
        "othercomprehensiveincomeforeigncurrencytransactionandtranslationgainlossarisingduringperiodnetoftax": 303000,
        "othercomprehensiveincomelossreclassificationadjustmentfromaociforsaleofsecuritiesnetoftax": 3077000,
        "othercomprehensiveincomelossreclassificationadjustmentfromaocionderivativesnetoftax": -375000,
        "othercomprehensiveincomelossreclassificationadjustmentfromaocipensionandotherpostretirementbenefitplansnetoftax": 120000,
        "comprehensiveincomenetoftaxincludingportionattributabletononcontrollinginterest": 90187000,
        "comprehensiveincomenetoftaxattributabletononcontrollinginterest": 21000,
        "comprehensiveincomenetoftax": 90166000,
        "othercomprehensiveincomeunrealizedholdinggainlossonsecuritiesarisingduringperiodtax": 1208000,
        "othercomprehensiveincomeunrealizedgainlossonderivativesarisingduringperiodtax": -125000,
        "othercomprehensiveincomelossreclassificationadjustmentfromaociforsaleofsecuritiestax": 1927000,
        "othercomprehensiveincomelossreclassificationadjustmentfromaocionderivativestax": -794000,
        "othercomprehensiveincomelossreclassificationadjustmentfromaocipensionandotherpostretirementbenefitplanstax": 72000
    },
    {
        "date": "2013-12-30",
        "symbol": "IQV",
        "period": "Q4",
        "salesrevenueservicesnet": 841825000,
        "reimbursementrevenue": 375245000,
        "revenues": -944000,
        "sellinggeneralandadministrativeexpense": 35407000,
        "restructuringcharges": 25968000,
        "operatingincomeloss": -35407000,
        "investmentincomeinterest": -2362000,
        "interestexpense": -105924000,
        "othernonoperatingincomeexpense": 1563000,
        "incomelossfromcontinuingoperationsbeforeincometaxesminorityinterestandincomelossfromequitymethodinvestments": 31617000,
        "incometaxexpensebenefit": 264000,
        "incomelossfromcontinuingoperationsafterincometaxesandbeforeequityinearningsofunconsolidatedaffiliates": -170059000,
        "incomelossfromequitymethodinvestments": 243557000,
        "profitloss": 73498000,
        "netincomelossattributabletononcontrollinginterest": 1066000,
        "netincomeloss": 72996000,
        "earningspersharebasic": 0.5800000000000001,
        "earningspersharediluted": 0.55,
        "weightedaveragenumberofsharesoutstandingbasic": 1680000,
        "weightedaveragenumberofdilutedsharesoutstanding": 1667000,
        "othercomprehensiveincomeunrealizedgainlossonderivativesarisingduringperiodnetoftax": 932000,
        "othercomprehensiveincomeforeigncurrencytransactionandtranslationgainlossarisingduringperiodnetoftax": -2944000,
        "comprehensiveincomenetoftax": 76996000,
        "comprehensiveincomenetoftaxattributabletononcontrollinginterest": -67000,
        "comprehensiveincomenetoftaxincludingportionattributabletononcontrollinginterest": 76512000,
        "othercomprehensiveincomeunrealizedgainlossonderivativesarisingduringperiodtax": 64000,
        "othercomprehensiveincomeforeigncurrencytranslationgainlossarisingduringperiodtax": -87000
    },
    {
        "date": "2013-09-29",
        "symbol": "IQV",
        "period": "Q3",
        "salesrevenueservicesnet": 218483000,
        "reimbursementrevenue": 831818000,
        "revenues": -523896000,
        "sellinggeneralandadministrativeexpense": -335560000,
        "restructuringcharges": -16593000,
        "operatingincomeloss": -19818000,
        "investmentincomeinterest": 1119000,
        "interestexpense": 28756000,
        "othernonoperatingincomeexpense": -3224000,
        "incomelossfromcontinuingoperationsbeforeincometaxesminorityinterestandincomelossfromequitymethodinvestments": 94398000,
        "incometaxexpensebenefit": -41238000,
        "incomelossfromcontinuingoperationsafterincometaxesandbeforeequityinearningsofunconsolidatedaffiliates": 66939000,
        "incomelossfromequitymethodinvestments": -355000,
        "profitloss": 66584000,
        "netincomelossattributabletononcontrollinginterest": -185000,
        "netincomeloss": 66769000,
        "earningspersharebasic": 0.52,
        "earningspersharediluted": 0.51,
        "weightedaveragenumberofsharesoutstandingbasic": 3228000,
        "weightedaveragenumberofdilutedsharesoutstanding": 3536000,
        "othercomprehensiveincomeunrealizedgainlossonderivativesarisingduringperiodnetoftax": -3032000,
        "othercomprehensiveincomeforeigncurrencytransactionandtranslationgainlossarisingduringperiodnetoftax": 8643000,
        "comprehensiveincomenetoftax": 80888000,
        "comprehensiveincomenetoftaxattributabletononcontrollinginterest": -175000,
        "comprehensiveincomenetoftaxincludingportionattributabletononcontrollinginterest": 81063000,
        "othercomprehensiveincomeunrealizedgainlossonderivativesarisingduringperiodtax": -2637000,
        "othercomprehensiveincomeforeigncurrencytranslationgainlossarisingduringperiodtax": -2048000
    },
    {
        "date": "2013-06-29",
        "symbol": "IQV",
        "period": "Q2",
        "salesrevenueservicesnet": -265111000,
        "reimbursementrevenue": -178634000,
        "revenues": -443745000,
        "sellinggeneralandadministrativeexpense": 228838000,
        "restructuringcharges": 3908000,
        "operatingincomeloss": -187927000,
        "investmentincomeinterest": 785000,
        "interestexpense": 31884000,
        "othernonoperatingincomeexpense": -536000,
        "incomelossfromcontinuingoperationsbeforeincometaxesminorityinterestandincomelossfromequitymethodinvestments": 46719000,
        "incometaxexpensebenefit": 8830000,
        "incomelossfromcontinuingoperationsafterincometaxesandbeforeequityinearningsofunconsolidatedaffiliates": 37889000,
        "incomelossfromequitymethodinvestments": 464000,
        "profitloss": 38353000,
        "netincomelossattributabletononcontrollinginterest": -164000,
        "netincomeloss": 38517000,
        "earningspersharebasic": 0.31,
        "earningspersharediluted": 0.3,
        "weightedaveragenumberofsharesoutstandingbasic": 3470000,
        "weightedaveragenumberofdilutedsharesoutstanding": 3919000,
        "othercomprehensiveincomeunrealizedholdinggainlossonsecuritiesarisingduringperiodnetoftax": 0,
        "othercomprehensiveincomeunrealizedgainlossonderivativesarisingduringperiodnetoftax": 3076000,
        "othercomprehensiveincomeforeigncurrencytransactionandtranslationgainlossarisingduringperiodnetoftax": -12735000,
        "comprehensiveincomenetoftax": 28560000,
        "comprehensiveincomenetoftaxattributabletononcontrollinginterest": -158000,
        "comprehensiveincomenetoftaxincludingportionattributabletononcontrollinginterest": 28718000,
        "othercomprehensiveincomeunrealizedholdinggainlossonsecuritiesarisingduringperiodtax": 0,
        "othercomprehensiveincomeunrealizedgainlossonderivativesarisingduringperiodtax": 1641000,
        "othercomprehensiveincomeforeigncurrencytranslationgainlossarisingduringperiodtax": 4305000
    },
    {
        "date": "2013-03-30",
        "symbol": "IQV",
        "period": "Q1",
        "salesrevenueservicesnet": 706307000,
        "reimbursementrevenue": 262776000,
        "revenues": 969083000,
        "costofrevenue": 912515000,
        "sellinggeneralandadministrativeexpense": 199302000,
        "restructuringcharges": 788000,
        "operatingincomeloss": 115165000,
        "investmentincomeinterest": 452000,
        "interestexpense": 36042000,
        "othernonoperatingincomeexpense": 2382000,
        "incomelossfromcontinuingoperationsbeforeincometaxesminorityinterestandincomelossfromequitymethodinvestments": 81957000,
        "incometaxexpensebenefit": 32118000,
        "incomelossfromcontinuingoperationsafterincometaxesandbeforeequityinearningsofunconsolidatedaffiliates": 49839000,
        "incomelossfromequitymethodinvestments": -1683000,
        "profitloss": 48156000,
        "netincomelossattributabletononcontrollinginterest": -153000,
        "netincomeloss": 48309000,
        "earningspersharebasic": 0.42,
        "earningspersharediluted": 0.41,
        "weightedaveragenumberofsharesoutstandingbasic": 115769000,
        "weightedaveragenumberofdilutedsharesoutstanding": 118740000,
        "othercomprehensiveincomeunrealizedholdinggainlossonsecuritiesarisingduringperiodnetoftax": 42000,
        "othercomprehensiveincomeunrealizedgainlossonderivativesarisingduringperiodnetoftax": -618000,
        "othercomprehensiveincomeforeigncurrencytransactionandtranslationgainlossarisingduringperiodnetoftax": -15640000,
        "othercomprehensiveincomelossreclassificationadjustmentonderivativesincludedinnetincomenetoftax": -30000,
        "othercomprehensiveincomelossamortizationpensionandotherpostretirementbenefitplansnetpriorservicecostrecognizedinnetperiodicpensioncostnetoftax": -166000,
        "comprehensiveincomenetoftax": 32076000,
        "comprehensiveincomenetoftaxattributabletononcontrollinginterest": -151000,
        "comprehensiveincomenetoftaxincludingportionattributabletononcontrollinginterest": 32227000,
        "othercomprehensiveincomeunrealizedholdinggainlossonsecuritiesarisingduringperiodtax": 26000,
        "othercomprehensiveincomeunrealizedgainlossonderivativesarisingduringperiodtax": 181000,
        "othercomprehensiveincomeforeigncurrencytranslationgainlossarisingduringperiodtax": -4635000,
        "othercomprehensiveincomelosspensionandotherpostretirementbenefitplansbeforereclassificationadjustmentstax": -34000,
        "othercomprehensiveincomelossreclassificationadjustmentonderivativesincludedinnetincometax": -10000,
        "othercomprehensiveincomeamortizationofdefinedbenefitplannetpriorservicecostrecognizedinnetperiodicpensioncosttax": 101000
    }
]