[
    {
        "date": "2024-09-29",
        "symbol": "APD",
        "period": "Q4",
        "revenues": 3187500000,
        "costofgoodsandservicessold": -6062400000,
        "sellinggeneralandadministrativeexpense": 228000000,
        "researchanddevelopmentexpense": 22100000,
        "otherincomeexpensenet": 15800000,
        "operatingincomeloss": 2424400000,
        "incomelossfromequitymethodinvestments": 177100000,
        "othernonoperatingincomeexpense": 63200000,
        "incomelossfromcontinuingoperationsbeforeincometaxesextraordinaryitemsnoncontrollinginterest": 2503300000,
        "incometaxexpensebenefit": 538400000,
        "profitloss": -701900000,
        "netincomeloss": 1949900000,
        "earningspersharebasic": 8.770000000000001,
        "earningspersharediluted": 8.75,
        "weightedaveragenumberofsharesoutstandingbasic": 222500000,
        "weightedaveragenumberofdilutedsharesoutstanding": 222800000,
        "othercomprehensiveincomeforeigncurrencytransactionandtranslationgainlossarisingduringperiodnetoftax": -116300000,
        "othercomprehensiveincomelosscashflowhedgegainlossbeforereclassificationaftertax": -94200000,
        "othercomprehensiveincomelosscashflowhedgegainlossreclassificationaftertax": 46000000,
        "othercomprehensiveincomelossreclassificationadjustmentfromaocipensionandotherpostretirementbenefitplansnetoftax": 14800000,
        "othercomprehensiveincomelossnetoftax": 274200000,
        "comprehensiveincomenetoftaxincludingportionattributabletononcontrollinginterest": 2225200000,
        "netincomelossattributabletononcontrollinginterest": 1100000,
        "othercomprehensiveincomelossnetoftaxportionattributabletononcontrollinginterest": -89200000,
        "comprehensiveincomenetoftax": 2313300000,
        "othercomprehensiveincomeforeigncurrencytranslationgainlossarisingduringperiodtax": -24000000,
        "othercomprehensiveincomelosscashflowhedgegainlossbeforereclassificationtax": 8800000,
        "othercomprehensiveincomelosscashflowhedgegainlossreclassificationtax": 14700000,
        "othercomprehensiveincomelossreclassificationadjustmentfromaocipensionandotherpostretirementbenefitplanstax": 4900000
    },
    {
        "date": "2024-06-29",
        "symbol": "APD",
        "period": "Q3",
        "revenues": 2985500000,
        "costofgoodsandservicessold": 2005600000,
        "sellinggeneralandadministrativeexpense": 235400000,
        "researchanddevelopmentexpense": 27000000,
        "otherincomeexpensenet": 20100000,
        "operatingincomeloss": 737600000,
        "incomelossfromequitymethodinvestments": 168900000,
        "othernonoperatingincomeexpense": -1300000,
        "incomelossfromcontinuingoperationsbeforeincometaxesextraordinaryitemsnoncontrollinginterest": 849500000,
        "incometaxexpensebenefit": 140600000,
        "profitloss": 708900000,
        "netincomelossattributabletononcontrollinginterest": 12300000,
        "netincomeloss": 696600000,
        "earningspersharebasic": 3.129999999999999,
        "earningspersharediluted": 3.1299999999999994,
        "weightedaveragenumberofsharesoutstandingbasic": 222500000,
        "weightedaveragenumberofdilutedsharesoutstanding": 222800000,
        "othercomprehensiveincomeforeigncurrencytransactionandtranslationgainlossarisingduringperiodnetoftax": -140200000,
        "othercomprehensiveincomelosscashflowhedgegainlossbeforereclassificationaftertax": 13500000,
        "othercomprehensiveincomelosscashflowhedgegainlossreclassificationaftertax": -15500000,
        "othercomprehensiveincomelossreclassificationadjustmentfromaocipensionandotherpostretirementbenefitplansnetoftax": 13800000,
        "othercomprehensiveincomelossnetoftax": -97400000,
        "comprehensiveincomenetoftaxincludingportionattributabletononcontrollinginterest": 611500000,
        "othercomprehensiveincomelossnetoftaxportionattributabletononcontrollinginterest": 17800000,
        "comprehensiveincomenetoftax": 581400000,
        "othercomprehensiveincomeforeigncurrencytranslationgainlossarisingduringperiodtax": 4900000,
        "othercomprehensiveincomelosscashflowhedgegainlossbeforereclassificationtax": -3800000,
        "othercomprehensiveincomelosscashflowhedgegainlossreclassificationtax": -5100000,
        "othercomprehensiveincomelossreclassificationadjustmentfromaocipensionandotherpostretirementbenefitplanstax": 4500000
    },
    {
        "date": "2024-03-30",
        "symbol": "APD",
        "period": "Q2",
        "revenues": 2930200000,
        "costofgoodsandservicessold": 1991500000,
        "sellinggeneralandadministrativeexpense": 240600000,
        "researchanddevelopmentexpense": 25400000,
        "restructuringcharges": 57000000,
        "otherincomeexpensenet": 21500000,
        "operatingincomeloss": 637200000,
        "incomelossfromequitymethodinvestments": 143300000,
        "interestexpense": 59900000,
        "othernonoperatingincomeexpense": -9200000,
        "incomelossfromcontinuingoperationsbeforeincometaxesextraordinaryitemsnoncontrollinginterest": 711400000,
        "incometaxexpensebenefit": 130500000,
        "profitloss": 580900000,
        "netincomelossattributabletononcontrollinginterest": 8500000,
        "netincomeloss": 572400000,
        "earningspersharebasic": 2.57,
        "earningspersharediluted": 2.57,
        "weightedaveragenumberofsharesoutstandingbasic": 222500000,
        "weightedaveragenumberofdilutedsharesoutstanding": 222700000,
        "othercomprehensiveincomeforeigncurrencytransactionandtranslationgainlossarisingduringperiodnetoftax": -223800000,
        "othercomprehensiveincomelosscashflowhedgegainlossbeforereclassificationaftertax": 82300000,
        "othercomprehensiveincomelosscashflowhedgegainlossreclassificationaftertax": -34800000,
        "othercomprehensiveincomelossreclassificationadjustmentfromaocipensionandotherpostretirementbenefitplansnetoftax": 13600000,
        "othercomprehensiveincomelossnetoftax": -93100000,
        "comprehensiveincomenetoftaxincludingportionattributabletononcontrollinginterest": 487800000,
        "othercomprehensiveincomelossnetoftaxportionattributabletononcontrollinginterest": 62500000,
        "comprehensiveincomenetoftax": 416800000,
        "othercomprehensiveincomeforeigncurrencytranslationgainlossarisingduringperiodtax": 16700000,
        "othercomprehensiveincomelosscashflowhedgegainlossbeforereclassificationtax": 200000,
        "othercomprehensiveincomelosscashflowhedgegainlossreclassificationtax": -10600000,
        "othercomprehensiveincomelossreclassificationadjustmentfromaocipensionandotherpostretirementbenefitplanstax": 4500000
    },
    {
        "date": "2023-12-30",
        "symbol": "APD",
        "period": "Q1",
        "revenues": 2997400000,
        "costofgoodsandservicessold": 2067200000,
        "sellinggeneralandadministrativeexpense": 238400000,
        "researchanddevelopmentexpense": 25700000,
        "otherincomeexpensenet": 800000,
        "operatingincomeloss": 666900000,
        "incomelossfromequitymethodinvestments": 158400000,
        "interestexpense": 53500000,
        "othernonoperatingincomeexpense": -14800000,
        "incomelossfromcontinuingoperationsbeforeincometaxesextraordinaryitemsnoncontrollinginterest": 757000000,
        "incometaxexpensebenefit": 135400000,
        "profitloss": 621600000,
        "netincomelossattributabletononcontrollinginterest": 12300000,
        "netincomeloss": 609300000,
        "earningspersharebasic": 2.74,
        "earningspersharediluted": 2.73,
        "weightedaveragenumberofsharesoutstandingbasic": 222500000,
        "weightedaveragenumberofdilutedsharesoutstanding": 222800000,
        "othercomprehensiveincomeforeigncurrencytransactionandtranslationgainlossarisingduringperiodnetoftax": 380600000,
        "othercomprehensiveincomelosscashflowhedgegainlossbeforereclassificationaftertax": -161100000,
        "othercomprehensiveincomelosscashflowhedgegainlossreclassificationaftertax": 42200000,
        "othercomprehensiveincomelossreclassificationadjustmentfromaocipensionandotherpostretirementbenefitplansnetoftax": 13700000,
        "othercomprehensiveincomelossnetoftax": 191000000,
        "comprehensiveincomenetoftaxincludingportionattributabletononcontrollinginterest": 812600000,
        "othercomprehensiveincomelossnetoftaxportionattributabletononcontrollinginterest": -138100000,
        "comprehensiveincomenetoftax": 938400000,
        "othercomprehensiveincomeforeigncurrencytranslationgainlossarisingduringperiodtax": -29800000,
        "othercomprehensiveincomelosscashflowhedgegainlossbeforereclassificationtax": 5500000,
        "othercomprehensiveincomelosscashflowhedgegainlossreclassificationtax": 12800000,
        "othercomprehensiveincomelossreclassificationadjustmentfromaocipensionandotherpostretirementbenefitplanstax": 4200000
    },
    {
        "date": "2023-09-29",
        "symbol": "APD",
        "period": "Q4",
        "revenues": 3191300000,
        "costofgoodsandservicessold": 2207200000,
        "sellinggeneralandadministrativeexpense": 232700000,
        "researchanddevelopmentexpense": 24700000,
        "otherincomeexpensenet": 11900000,
        "operatingincomeloss": 738600000,
        "incomelossfromequitymethodinvestments": 163400000,
        "interestexpense": 48000000,
        "othernonoperatingincomeexpense": -12800000,
        "incomelossfromcontinuingoperationsbeforeincometaxesextraordinaryitemsnoncontrollinginterest": 841200000,
        "incometaxexpensebenefit": 154200000,
        "profitloss": 694400000,
        "netincomeloss": 692600000,
        "earningspersharebasic": 3.119999999999999,
        "earningspersharediluted": 3.11,
        "othercomprehensiveincomeforeigncurrencytransactionandtranslationgainlossarisingduringperiodnetoftax": -233700000,
        "othercomprehensiveincomelosscashflowhedgegainlossbeforereclassificationaftertax": 222000000,
        "othercomprehensiveincomelosscashflowhedgegainlossreclassificationaftertax": -43400000,
        "othercomprehensiveincomelossreclassificationadjustmentfromaocipensionandotherpostretirementbenefitplansnetoftax": 14000000,
        "othercomprehensiveincomelossnetoftax": 30100000,
        "comprehensiveincomenetoftaxincludingportionattributabletononcontrollinginterest": 724500000,
        "netincomelossattributabletononcontrollinginterest": 1800000,
        "othercomprehensiveincomelossnetoftaxportionattributabletononcontrollinginterest": 174700000,
        "comprehensiveincomenetoftax": 548000000,
        "othercomprehensiveincomeforeigncurrencytranslationgainlossarisingduringperiodtax": 20800000,
        "othercomprehensiveincomelosscashflowhedgegainlossbeforereclassificationtax": 5200000,
        "othercomprehensiveincomelosscashflowhedgegainlossreclassificationtax": -13800000,
        "othercomprehensiveincomelossreclassificationadjustmentfromaocipensionandotherpostretirementbenefitplanstax": 4500000
    },
    {
        "date": "2023-06-29",
        "symbol": "APD",
        "period": "Q3",
        "revenues": 3033900000,
        "costofgoodsandservicessold": 2070700000,
        "sellinggeneralandadministrativeexpense": 238700000,
        "researchanddevelopmentexpense": 29300000,
        "otherincomeexpensenet": 8000000,
        "operatingincomeloss": 644200000,
        "incomelossfromequitymethodinvestments": 165000000,
        "interestexpense": 47400000,
        "othernonoperatingincomeexpense": -11700000,
        "incomelossfromcontinuingoperationsbeforeincometaxesextraordinaryitemsnoncontrollinginterest": 750100000,
        "incometaxexpensebenefit": 139600000,
        "profitloss": 610500000,
        "netincomelossattributabletononcontrollinginterest": 14900000,
        "netincomeloss": 595600000,
        "earningspersharebasic": 2.6800000000000006,
        "earningspersharediluted": 2.68,
        "weightedaveragenumberofsharesoutstandingbasic": 0,
        "weightedaveragenumberofdilutedsharesoutstanding": 0,
        "othercomprehensiveincomeforeigncurrencytransactionandtranslationgainlossarisingduringperiodnetoftax": -175800000,
        "othercomprehensiveincomelosscashflowhedgegainlossbeforereclassificationaftertax": 40800000,
        "othercomprehensiveincomelosscashflowhedgegainlossreclassificationaftertax": 24400000,
        "othercomprehensiveincomelossreclassificationadjustmentfromaocipensionandotherpostretirementbenefitplansnetoftax": 13500000,
        "othercomprehensiveincomelossnetoftax": -145900000,
        "comprehensiveincomenetoftaxincludingportionattributabletononcontrollinginterest": 464600000,
        "othercomprehensiveincomelossnetoftaxportionattributabletononcontrollinginterest": -4400000,
        "comprehensiveincomenetoftax": 454100000,
        "othercomprehensiveincomeforeigncurrencytranslationgainlossarisingduringperiodtax": -5000000,
        "othercomprehensiveincomelosscashflowhedgegainlossbeforereclassificationtax": 5800000,
        "othercomprehensiveincomelosscashflowhedgegainlossreclassificationtax": 7600000,
        "othercomprehensiveincomelossreclassificationadjustmentfromaocipensionandotherpostretirementbenefitplanstax": 4600000
    },
    {
        "date": "2023-03-30",
        "symbol": "APD",
        "period": "Q2",
        "revenues": 3200100000,
        "costofgoodsandservicessold": 2282800000,
        "sellinggeneralandadministrativeexpense": 251200000,
        "researchanddevelopmentexpense": 27200000,
        "otherincomeexpensenet": 6500000,
        "operatingincomeloss": 459800000,
        "incomelossfromequitymethodinvestments": 165900000,
        "interestexpense": 40900000,
        "othernonoperatingincomeexpense": -13900000,
        "incomelossfromcontinuingoperationsbeforeincometaxesextraordinaryitemsnoncontrollinginterest": 570900000,
        "incometaxexpensebenefit": 121000000,
        "profitloss": 449900000,
        "netincomelossattributabletononcontrollinginterest": 10100000,
        "netincomeloss": 439800000,
        "earningspersharebasic": 1.9699999999999998,
        "earningspersharediluted": 1.9700000000000002,
        "weightedaveragenumberofsharesoutstandingbasic": 100000,
        "weightedaveragenumberofdilutedsharesoutstanding": 100000,
        "othercomprehensiveincomeforeigncurrencytransactionandtranslationgainlossarisingduringperiodnetoftax": 51000000,
        "othercomprehensiveincomelosscashflowhedgegainlossbeforereclassificationaftertax": -14600000,
        "othercomprehensiveincomelosspensionandotherpostretirementbenefitplansadjustmentbeforereclassificationadjustmentsnetoftax": 0,
        "othercomprehensiveincomelosscashflowhedgegainlossreclassificationaftertax": -5800000,
        "othercomprehensiveincomelossreclassificationadjustmentfromaocipensionandotherpostretirementbenefitplansnetoftax": 14400000,
        "othercomprehensiveincomelossnetoftax": 56300000,
        "comprehensiveincomenetoftaxincludingportionattributabletononcontrollinginterest": 506200000,
        "othercomprehensiveincomelossnetoftaxportionattributabletononcontrollinginterest": 1300000,
        "comprehensiveincomenetoftax": 494800000,
        "othercomprehensiveincomeforeigncurrencytranslationgainlossarisingduringperiodtax": -10600000,
        "othercomprehensiveincomelosscashflowhedgegainlossbeforereclassificationtax": -600000,
        "othercomprehensiveincomelosspensionandotherpostretirementbenefitplansbeforereclassificationadjustmentstax": 0,
        "othercomprehensiveincomelosscashflowhedgegainlossreclassificationtax": -1900000,
        "othercomprehensiveincomelossreclassificationadjustmentfromaocipensionandotherpostretirementbenefitplanstax": 4700000
    },
    {
        "date": "2022-12-30",
        "symbol": "APD",
        "period": "Q1",
        "revenues": 3174700000,
        "costofgoodsandservicessold": 2272300000,
        "sellinggeneralandadministrativeexpense": 234400000,
        "researchanddevelopmentexpense": 24400000,
        "otherincomeexpensenet": 8400000,
        "operatingincomeloss": 652000000,
        "incomelossfromequitymethodinvestments": 110000000,
        "interestexpense": 41200000,
        "othernonoperatingincomeexpense": -600000,
        "incomelossfromcontinuingoperationsbeforeincometaxesextraordinaryitemsnoncontrollinginterest": 720200000,
        "incometaxexpensebenefit": 136400000,
        "profitloss": 583800000,
        "netincomelossattributabletononcontrollinginterest": 11600000,
        "netincomeloss": 572200000,
        "earningspersharebasic": 2.58,
        "earningspersharediluted": 2.57,
        "weightedaveragenumberofsharesoutstandingbasic": 222200000,
        "weightedaveragenumberofdilutedsharesoutstanding": 222600000,
        "othercomprehensiveincomeforeigncurrencytransactionandtranslationgainlossarisingduringperiodnetoftax": 509600000,
        "othercomprehensiveincomelosscashflowhedgegainlossbeforereclassificationaftertax": 121000000,
        "othercomprehensiveincomelosspensionandotherpostretirementbenefitplansadjustmentbeforereclassificationadjustmentsnetoftax": -6700000,
        "othercomprehensiveincomelosscashflowhedgegainlossreclassificationaftertax": 68700000,
        "othercomprehensiveincomelossreclassificationadjustmentfromaocipensionandotherpostretirementbenefitplansnetoftax": 11900000,
        "othercomprehensiveincomelossnetoftax": 580500000,
        "comprehensiveincomenetoftaxincludingportionattributabletononcontrollinginterest": 1164300000,
        "othercomprehensiveincomelossnetoftaxportionattributabletononcontrollinginterest": 12700000,
        "comprehensiveincomenetoftax": 1140000000,
        "othercomprehensiveincomeforeigncurrencytranslationgainlossarisingduringperiodtax": -38000000,
        "othercomprehensiveincomelosscashflowhedgegainlossbeforereclassificationtax": 38200000,
        "othercomprehensiveincomelosspensionandotherpostretirementbenefitplansbeforereclassificationadjustmentstax": -2400000,
        "othercomprehensiveincomelosscashflowhedgegainlossreclassificationtax": 21700000,
        "othercomprehensiveincomelossreclassificationadjustmentfromaocipensionandotherpostretirementbenefitplanstax": 3700000
    },
    {
        "date": "2022-06-29",
        "symbol": "APD",
        "period": "Q3",
        "revenues": 3189300000,
        "costofgoodsandservicessold": 2342100000,
        "sellinggeneralandadministrativeexpense": 216900000,
        "researchanddevelopmentexpense": 24800000,
        "otherincomeexpensenet": 21900000,
        "operatingincomeloss": 627400000,
        "incomelossfromequitymethodinvestments": 116100000,
        "interestexpense": 32700000,
        "othernonoperatingincomeexpense": 10500000,
        "incomelossfromcontinuingoperationsbeforeincometaxesextraordinaryitemsnoncontrollinginterest": 721300000,
        "incometaxexpensebenefit": 134200000,
        "incomelossfromcontinuingoperationsincludingportionattributabletononcontrollinginterest": 587100000,
        "profitloss": 587100000,
        "incomelossfromcontinuingoperationsattributabletononcontrollingentity": 5000000,
        "netincomeloss": 582100000,
        "incomelossfromcontinuingoperations": 582100000,
        "incomelossfromcontinuingoperationsperbasicshare": 2.62,
        "earningspersharebasic": 2.62,
        "incomelossfromcontinuingoperationsperdilutedshare": 2.62,
        "earningspersharediluted": 2.62,
        "weightedaveragenumberofsharesoutstandingbasic": 222000000,
        "weightedaveragenumberofdilutedsharesoutstanding": 222500000,
        "othercomprehensiveincomeforeigncurrencytransactionandtranslationgainlossarisingduringperiodnetoftax": -576100000,
        "othercomprehensiveincomelosscashflowhedgegainlossbeforereclassificationaftertax": -16000000,
        "othercomprehensiveincomelosscashflowhedgegainlossreclassificationaftertax": -11400000,
        "othercomprehensiveincomelossreclassificationadjustmentfromaocipensionandotherpostretirementbenefitplansnetoftax": 17500000,
        "othercomprehensiveincomelossnetoftax": -563200000,
        "comprehensiveincomenetoftaxincludingportionattributabletononcontrollinginterest": 23900000,
        "netincomelossattributabletononcontrollinginterest": 5000000,
        "othercomprehensiveincomelossnetoftaxportionattributabletononcontrollinginterest": -18200000,
        "comprehensiveincomenetoftax": 37100000,
        "othercomprehensiveincomeforeigncurrencytranslationgainlossarisingduringperiodtax": 27700000,
        "othercomprehensiveincomelosscashflowhedgegainlossbeforereclassificationtax": -8400000,
        "othercomprehensiveincomelosscashflowhedgegainlossreclassificationtax": -3700000,
        "othercomprehensiveincomelossreclassificationadjustmentfromaocipensionandotherpostretirementbenefitplanstax": 5700000
    },
    {
        "date": "2022-03-30",
        "symbol": "APD",
        "period": "Q2",
        "revenues": 2945100000,
        "costofgoodsandservicessold": 2151600000,
        "sellinggeneralandadministrativeexpense": 227000000,
        "researchanddevelopmentexpense": 23700000,
        "otherincomeexpensenet": 19100000,
        "operatingincomeloss": 561900000,
        "incomelossfromequitymethodinvestments": 120800000,
        "interestexpense": 32300000,
        "othernonoperatingincomeexpense": 9100000,
        "incomelossfromcontinuingoperationsbeforeincometaxesextraordinaryitemsnoncontrollinginterest": 659500000,
        "incometaxexpensebenefit": 122700000,
        "incomelossfromcontinuingoperationsincludingportionattributabletononcontrollinginterest": 536800000,
        "profitloss": 536800000,
        "incomelossfromcontinuingoperationsattributabletononcontrollingentity": 6300000,
        "netincomeloss": 530500000,
        "incomelossfromcontinuingoperations": 530500000,
        "incomelossfromcontinuingoperationsperbasicshare": 2.39,
        "earningspersharebasic": 2.39,
        "incomelossfromcontinuingoperationsperdilutedshare": 2.38,
        "earningspersharediluted": 2.38,
        "weightedaveragenumberofsharesoutstandingbasic": 222000000,
        "weightedaveragenumberofdilutedsharesoutstanding": 222500000,
        "othercomprehensiveincomeforeigncurrencytransactionandtranslationgainlossarisingduringperiodnetoftax": -58800000,
        "othercomprehensiveincomelosscashflowhedgegainlossbeforereclassificationaftertax": -39400000,
        "othercomprehensiveincomelosscashflowhedgegainlossreclassificationaftertax": -26000000,
        "othercomprehensiveincomelossreclassificationadjustmentfromaocipensionandotherpostretirementbenefitplansnetoftax": 15900000,
        "othercomprehensiveincomelossnetoftax": -56300000,
        "comprehensiveincomenetoftaxincludingportionattributabletononcontrollinginterest": 480500000,
        "netincomelossattributabletononcontrollinginterest": 6300000,
        "othercomprehensiveincomelossnetoftaxportionattributabletononcontrollinginterest": -3000000,
        "comprehensiveincomenetoftax": 477200000,
        "othercomprehensiveincomeforeigncurrencytranslationgainlossarisingduringperiodtax": 9200000,
        "othercomprehensiveincomelosscashflowhedgegainlossbeforereclassificationtax": -15300000,
        "othercomprehensiveincomelosscashflowhedgegainlossreclassificationtax": -8600000,
        "othercomprehensiveincomelossreclassificationadjustmentfromaocipensionandotherpostretirementbenefitplanstax": 5500000
    },
    {
        "date": "2021-12-30",
        "symbol": "APD",
        "period": "Q1",
        "revenues": 2994200000,
        "costofgoodsandservicessold": 2223600000,
        "sellinggeneralandadministrativeexpense": 232800000,
        "researchanddevelopmentexpense": 23300000,
        "otherincomeexpensenet": 8500000,
        "operatingincomeloss": 523000000,
        "incomelossfromequitymethodinvestments": 147800000,
        "interestexpense": 30500000,
        "othernonoperatingincomeexpense": 22600000,
        "incomelossfromcontinuingoperationsbeforeincometaxesextraordinaryitemsnoncontrollinginterest": 662900000,
        "incometaxexpensebenefit": 113300000,
        "incomelossfromcontinuingoperationsincludingportionattributabletononcontrollinginterest": 549600000,
        "profitloss": 549600000,
        "incomelossfromcontinuingoperationsattributabletononcontrollingentity": -10800000,
        "netincomeloss": 560400000,
        "incomelossfromcontinuingoperations": 560400000,
        "incomelossfromcontinuingoperationsperbasicshare": 2.53,
        "earningspersharebasic": 2.53,
        "incomelossfromcontinuingoperationsperdilutedshare": 2.52,
        "earningspersharediluted": 2.52,
        "weightedaveragenumberofsharesoutstandingbasic": 221900000,
        "weightedaveragenumberofdilutedsharesoutstanding": 222600000,
        "othercomprehensiveincomeforeigncurrencytransactionandtranslationgainlossarisingduringperiodnetoftax": 40600000,
        "othercomprehensiveincomelosscashflowhedgegainlossbeforereclassificationaftertax": -500000,
        "othercomprehensiveincomelosscashflowhedgegainlossreclassificationaftertax": -18700000,
        "othercomprehensiveincomelossreclassificationadjustmentfromaocipensionandotherpostretirementbenefitplansnetoftax": 16000000,
        "othercomprehensiveincomelossnetoftax": 74800000,
        "comprehensiveincomenetoftaxincludingportionattributabletononcontrollinginterest": 624400000,
        "netincomelossattributabletononcontrollinginterest": -10800000,
        "othercomprehensiveincomelossnetoftaxportionattributabletononcontrollinginterest": 11200000,
        "comprehensiveincomenetoftax": 624000000,
        "othercomprehensiveincomeforeigncurrencytranslationgainlossarisingduringperiodtax": 7600000,
        "othercomprehensiveincomelosscashflowhedgegainlossbeforereclassificationtax": -11100000,
        "othercomprehensiveincomelosscashflowhedgegainlossreclassificationtax": -6100000,
        "othercomprehensiveincomelossreclassificationadjustmentfromaocipensionandotherpostretirementbenefitplanstax": 5400000
    },
    {
        "date": "2021-09-29",
        "symbol": "APD",
        "period": "Q4",
        "costofgoodsandservicessold": -800000,
        "sellinggeneralandadministrativeexpense": 202100000,
        "researchanddevelopmentexpense": 25700000,
        "otherincomeexpensenet": 9700000.000000004,
        "operatingincomeloss": 616700000,
        "incomelossfromequitymethodinvestments": 91800000,
        "interestexpense": -800000,
        "othernonoperatingincomeexpense": -20000000,
        "incomelossfromcontinuingoperationsbeforeincometaxesextraordinaryitemsnoncontrollinginterest": 692300000,
        "incometaxexpensebenefit": 125300000,
        "incomelossfromcontinuingoperationsincludingportionattributabletononcontrollinginterest": 567000000,
        "profitloss": -850100000,
        "incomelossfromcontinuingoperationsattributabletononcontrollingentity": 8400000,
        "netincomeloss": -19300000,
        "incomelossfromcontinuingoperations": 558600000,
        "incomelossfromcontinuingoperationsperbasicshare": 2.5300000000000002,
        "earningspersharebasic": 2.7500000000000013,
        "incomelossfromcontinuingoperationsperdilutedshare": 2.509999999999999,
        "earningspersharediluted": 2.7399999999999993,
        "othercomprehensiveincomeforeigncurrencytransactionandtranslationgainlossarisingduringperiodnetoftax": 51500000,
        "othercomprehensiveincomelosscashflowhedgegainlossbeforereclassificationaftertax": -13800000,
        "othercomprehensiveincomelosscashflowhedgegainlossreclassificationaftertax": -20000000,
        "othercomprehensiveincomelossreclassificationadjustmentfromaocipensionandotherpostretirementbenefitplansnetoftax": 19300000,
        "othercomprehensiveincomelossnetoftax": 293600000,
        "comprehensiveincomenetoftaxincludingportionattributabletononcontrollinginterest": 786900000,
        "netincomelossattributabletononcontrollinginterest": 8400000,
        "othercomprehensiveincomelossnetoftaxportionattributabletononcontrollinginterest": -300000,
        "comprehensiveincomenetoftax": 776400000,
        "othercomprehensiveincomeforeigncurrencytranslationgainlossarisingduringperiodtax": 17200000,
        "othercomprehensiveincomelosscashflowhedgegainlossbeforereclassificationtax": -5600000,
        "othercomprehensiveincomelosscashflowhedgegainlossreclassificationtax": -6200000,
        "othercomprehensiveincomelossreclassificationadjustmentfromaocipensionandotherpostretirementbenefitplanstax": 6500000
    },
    {
        "date": "2021-06-29",
        "symbol": "APD",
        "period": "Q3",
        "revenues": 2604700000,
        "costofgoodsandservicessold": 1801900000,
        "sellinggeneralandadministrativeexpense": 213300000,
        "researchanddevelopmentexpense": 23200000,
        "otherincomeexpensenet": 10800000,
        "operatingincomeloss": 577100000,
        "incomelossfromequitymethodinvestments": 63200000,
        "interestexpense": 35600000,
        "othernonoperatingincomeexpense": 21100000,
        "incomelossfromcontinuingoperationsbeforeincometaxesextraordinaryitemsnoncontrollinginterest": 625800000,
        "incometaxexpensebenefit": 101700000,
        "incomelossfromcontinuingoperationsincludingportionattributabletononcontrollinginterest": 524100000,
        "profitloss": 532300000,
        "incomelossfromcontinuingoperationsattributabletononcontrollingentity": -1300000,
        "netincomeloss": 533600000,
        "incomelossfromcontinuingoperations": 525400000,
        "incomelossfromcontinuingoperationsperbasicshare": 2.37,
        "earningspersharebasic": 2.4099999999999997,
        "incomelossfromcontinuingoperationsperdilutedshare": 2.3600000000000003,
        "earningspersharediluted": 2.4000000000000004,
        "weightedaveragenumberofsharesoutstandingbasic": 0,
        "weightedaveragenumberofdilutedsharesoutstanding": 0,
        "othercomprehensiveincomeforeigncurrencytransactionandtranslationgainlossarisingduringperiodnetoftax": 128700000,
        "othercomprehensiveincomelosscashflowhedgegainlossbeforereclassificationaftertax": 8500000,
        "othercomprehensiveincomelosscashflowhedgegainlossreclassificationaftertax": 12000000,
        "othercomprehensiveincomelossreclassificationadjustmentfromaocipensionandotherpostretirementbenefitplansnetoftax": 18700000,
        "othercomprehensiveincomelossnetoftax": 143900000,
        "comprehensiveincomenetoftaxincludingportionattributabletononcontrollinginterest": 676200000,
        "netincomelossattributabletononcontrollinginterest": -1300000,
        "othercomprehensiveincomelossnetoftaxportionattributabletononcontrollinginterest": 1400000,
        "comprehensiveincomenetoftax": 676100000,
        "othercomprehensiveincomeforeigncurrencytranslationgainlossarisingduringperiodtax": -3500000,
        "othercomprehensiveincomelosscashflowhedgegainlossbeforereclassificationtax": 7100000,
        "othercomprehensiveincomelosscashflowhedgegainlossreclassificationtax": 3900000,
        "othercomprehensiveincomelossreclassificationadjustmentfromaocipensionandotherpostretirementbenefitplanstax": 6100000
    },
    {
        "date": "2021-03-30",
        "symbol": "APD",
        "period": "Q2",
        "revenues": 2502000000,
        "costofgoodsandservicessold": 1745500000,
        "sellinggeneralandadministrativeexpense": 210300000,
        "researchanddevelopmentexpense": 21100000,
        "otherincomeexpensenet": 9800000,
        "operatingincomeloss": 548500000,
        "incomelossfromequitymethodinvestments": 69800000,
        "interestexpense": 36100000,
        "othernonoperatingincomeexpense": 16800000,
        "incomelossfromcontinuingoperationsbeforeincometaxesextraordinaryitemsnoncontrollinginterest": 599000000,
        "incometaxexpensebenefit": 121900000,
        "incomelossfromcontinuingoperationsincludingportionattributabletononcontrollinginterest": 477100000,
        "incomelossfromdiscontinuedoperationsnetoftax": 0,
        "profitloss": 477100000,
        "incomelossfromcontinuingoperationsattributabletononcontrollingentity": 4000000,
        "netincomeloss": 473100000,
        "incomelossfromcontinuingoperations": 473100000,
        "incomelossfromdiscontinuedoperationsnetoftaxattributabletoreportingentity": 0,
        "incomelossfromcontinuingoperationsperbasicshare": 2.13,
        "incomelossfromdiscontinuedoperationsnetoftaxperbasicshare": 0,
        "earningspersharebasic": 2.1299999999999994,
        "incomelossfromcontinuingoperationsperdilutedshare": 2.13,
        "incomelossfromdiscontinuedoperationsnetoftaxperdilutedshare": 0,
        "earningspersharediluted": 2.12,
        "weightedaveragenumberofsharesoutstandingbasic": 100000,
        "weightedaveragenumberofdilutedsharesoutstanding": -100000,
        "othercomprehensiveincomeforeigncurrencytransactionandtranslationgainlossarisingduringperiodnetoftax": -144600000,
        "othercomprehensiveincomelosscashflowhedgegainlossbeforereclassificationaftertax": -5200000,
        "othercomprehensiveincomelosscashflowhedgegainlossreclassificationaftertax": -36000000,
        "othercomprehensiveincomelossreclassificationadjustmentfromaocipensionandotherpostretirementbenefitplansnetoftax": 18300000,
        "othercomprehensiveincomelossnetoftax": -95500000,
        "comprehensiveincomenetoftaxincludingportionattributabletononcontrollinginterest": 381600000,
        "netincomelossattributabletononcontrollinginterest": 4000000,
        "othercomprehensiveincomelossnetoftaxportionattributabletononcontrollinginterest": 15600000,
        "comprehensiveincomenetoftax": 362000000,
        "othercomprehensiveincomeforeigncurrencytranslationgainlossarisingduringperiodtax": 22600000,
        "othercomprehensiveincomelosscashflowhedgegainlossbeforereclassificationtax": -13200000,
        "othercomprehensiveincomelosscashflowhedgegainlossreclassificationtax": -12000000,
        "othercomprehensiveincomelossreclassificationadjustmentfromaocipensionandotherpostretirementbenefitplanstax": 5900000
    },
    {
        "date": "2020-12-30",
        "symbol": "APD",
        "period": "Q1",
        "revenues": 2375200000,
        "costofgoodsandservicessold": 1632400000,
        "sellinggeneralandadministrativeexpense": 202700000,
        "researchanddevelopmentexpense": 23500000,
        "otherincomeexpensenet": 22500000,
        "operatingincomeloss": 539100000,
        "incomelossfromequitymethodinvestments": 69300000,
        "interestexpense": 36700000,
        "othernonoperatingincomeexpense": 18600000,
        "incomelossfromcontinuingoperationsbeforeincometaxesextraordinaryitemsnoncontrollinginterest": 590300000,
        "incometaxexpensebenefit": 113900000,
        "incomelossfromcontinuingoperationsincludingportionattributabletononcontrollinginterest": 476400000,
        "incomelossfromdiscontinuedoperationsnetoftax": 10300000,
        "profitloss": 486700000,
        "incomelossfromcontinuingoperationsattributabletononcontrollingentity": 4700000,
        "netincomeloss": 482000000,
        "incomelossfromcontinuingoperations": 471700000,
        "incomelossfromdiscontinuedoperationsnetoftaxattributabletoreportingentity": 10300000,
        "incomelossfromcontinuingoperationsperbasicshare": 2.13,
        "incomelossfromdiscontinuedoperationsnetoftaxperbasicshare": 0.05,
        "earningspersharebasic": 2.18,
        "incomelossfromcontinuingoperationsperdilutedshare": 2.12,
        "incomelossfromdiscontinuedoperationsnetoftaxperdilutedshare": 0.05,
        "earningspersharediluted": 2.17,
        "weightedaveragenumberofsharesoutstandingbasic": 221500000,
        "weightedaveragenumberofdilutedsharesoutstanding": 222600000,
        "othercomprehensiveincomeforeigncurrencytransactionandtranslationgainlossarisingduringperiodnetoftax": 415700000,
        "othercomprehensiveincomelosscashflowhedgegainlossbeforereclassificationaftertax": 13800000,
        "othercomprehensiveincomelosscashflowhedgegainlossreclassificationaftertax": 1300000,
        "othercomprehensiveincomelossreclassificationadjustmentfromaocipensionandotherpostretirementbenefitplansnetoftax": 18300000,
        "othercomprehensiveincomelossnetoftax": 446500000,
        "comprehensiveincomenetoftaxincludingportionattributabletononcontrollinginterest": 933200000,
        "netincomelossattributabletononcontrollinginterest": 4700000,
        "othercomprehensiveincomelossnetoftaxportionattributabletononcontrollinginterest": 19700000,
        "comprehensiveincomenetoftax": 908800000,
        "othercomprehensiveincomeforeigncurrencytranslationgainlossarisingduringperiodtax": -24200000,
        "othercomprehensiveincomelosscashflowhedgegainlossbeforereclassificationtax": 2700000,
        "othercomprehensiveincomelosscashflowhedgegainlossreclassificationtax": 800000,
        "othercomprehensiveincomelossreclassificationadjustmentfromaocipensionandotherpostretirementbenefitplanstax": 5900000
    },
    {
        "date": "2020-09-29",
        "symbol": "APD",
        "period": "Q4",
        "revenues": 2320100000,
        "costofgoodsandservicessold": 1566500000,
        "sellinggeneralandadministrativeexpense": 195600000,
        "researchanddevelopmentexpense": 27100000,
        "otherincomeexpensenet": 29300000,
        "operatingincomeloss": 560200000,
        "incomelossfromequitymethodinvestments": 67200000,
        "interestexpense": 21200000,
        "othernonoperatingincomeexpense": 1600000,
        "incomelossfromcontinuingoperationsbeforeincometaxesextraordinaryitemsnoncontrollinginterest": 594600000,
        "incometaxexpensebenefit": 99900000,
        "profitloss": 494700000,
        "netincomeloss": -8500000,
        "earningspersharebasic": 2.1999999999999997,
        "earningspersharediluted": 2.19,
        "weightedaveragenumberofsharesoutstandingbasic": 100000,
        "weightedaveragenumberofdilutedsharesoutstanding": 0,
        "othercomprehensiveincomeforeigncurrencytransactionandtranslationgainlossarisingduringperiodnetoftax": -35600000,
        "othercomprehensiveincomelosscashflowhedgegainlossbeforereclassificationaftertax": 25400000,
        "othercomprehensiveincomelosscashflowhedgegainlossreclassificationaftertax": 14600000,
        "othercomprehensiveincomelossreclassificationadjustmentfromaocipensionandotherpostretirementbenefitplansnetoftax": 21800000,
        "othercomprehensiveincomelossnetoftax": -56700000,
        "comprehensiveincomenetoftaxincludingportionattributabletononcontrollinginterest": 720500000,
        "netincomelossattributabletononcontrollinginterest": 7900000,
        "othercomprehensiveincomelossnetoftaxportionattributabletononcontrollinginterest": 7200000,
        "comprehensiveincomenetoftax": 699800000,
        "othercomprehensiveincomeforeigncurrencytranslationgainlossarisingduringperiodtax": -19100000,
        "othercomprehensiveincomelosscashflowhedgegainlossbeforereclassificationtax": 7000000,
        "othercomprehensiveincomelosscashflowhedgegainlossreclassificationtax": 4800000,
        "othercomprehensiveincomelossreclassificationadjustmentfromaocipensionandotherpostretirementbenefitplanstax": 7700000
    },
    {
        "date": "2020-06-29",
        "symbol": "APD",
        "period": "Q3",
        "revenues": 2065200000,
        "costofgoodsandservicessold": 1344900000,
        "sellinggeneralandadministrativeexpense": 176900000,
        "researchanddevelopmentexpense": 19900000,
        "otherincomeexpensenet": 15700000,
        "operatingincomeloss": 539200000,
        "incomelossfromequitymethodinvestments": 51200000,
        "interestexpense": 50100000,
        "othernonoperatingincomeexpense": 12900000,
        "incomelossfromcontinuingoperationsbeforeincometaxesextraordinaryitemsnoncontrollinginterest": 566400000,
        "incometaxexpensebenefit": 109300000,
        "profitloss": 457100000,
        "netincomeloss": 941800000,
        "earningspersharebasic": 2.02,
        "earningspersharediluted": 2.0100000000000002,
        "weightedaveragenumberofsharesoutstandingbasic": -221000000,
        "weightedaveragenumberofdilutedsharesoutstanding": -222200000,
        "othercomprehensiveincomeforeigncurrencytransactionandtranslationgainlossarisingduringperiodnetoftax": 403200000,
        "othercomprehensiveincomelosscashflowhedgegainlossbeforereclassificationaftertax": 23400000,
        "othercomprehensiveincomelosscashflowhedgegainlossreclassificationaftertax": 22500000,
        "othercomprehensiveincomelossreclassificationadjustmentfromaocipensionandotherpostretirementbenefitplansnetoftax": 19800000,
        "othercomprehensiveincomelossnetoftax": 409400000,
        "comprehensiveincomenetoftaxincludingportionattributabletononcontrollinginterest": 584000000,
        "netincomelossattributabletononcontrollinginterest": 10600000,
        "othercomprehensiveincomelossnetoftaxportionattributabletononcontrollinginterest": 7400000,
        "comprehensiveincomenetoftax": 571600000,
        "othercomprehensiveincomeforeigncurrencytranslationgainlossarisingduringperiodtax": -10800000,
        "othercomprehensiveincomelosscashflowhedgegainlossbeforereclassificationtax": 8100000,
        "othercomprehensiveincomelosscashflowhedgegainlossreclassificationtax": 7100000,
        "othercomprehensiveincomelossreclassificationadjustmentfromaocipensionandotherpostretirementbenefitplanstax": 6400000
    },
    {
        "date": "2020-03-30",
        "symbol": "APD",
        "period": "Q2",
        "profitloss": 490400000,
        "othercomprehensiveincomeforeigncurrencytransactionandtranslationgainlossarisingduringperiodnetoftax": -398200000,
        "othercomprehensiveincomelosscashflowhedgegainlossbeforereclassificationaftertax": -27400000,
        "othercomprehensiveincomelosscashflowhedgegainlossreclassificationaftertax": 17000000,
        "othercomprehensiveincomelossreclassificationadjustmentfromaocipensionandotherpostretirementbenefitplansnetoftax": 21200000,
        "othercomprehensiveincomelossnetoftax": -421400000,
        "comprehensiveincomenetoftaxincludingportionattributabletononcontrollinginterest": 69000000,
        "netincomelossattributabletononcontrollinginterest": 12600000,
        "othercomprehensiveincomelossnetoftaxportionattributabletononcontrollinginterest": -31800000,
        "comprehensiveincomenetoftax": 88200000,
        "othercomprehensiveincomeforeigncurrencytranslationgainlossarisingduringperiodtax": 11300000,
        "othercomprehensiveincomelosscashflowhedgegainlossbeforereclassificationtax": 6000000,
        "othercomprehensiveincomelosscashflowhedgegainlossreclassificationtax": 5000000,
        "othercomprehensiveincomelossreclassificationadjustmentfromaocipensionandotherpostretirementbenefitplanstax": 6500000,
        "revenues": 2216300000,
        "costofgoodsandservicessold": 1460100000,
        "sellinggeneralandadministrativeexpense": 201700000,
        "researchanddevelopmentexpense": 19200000,
        "gainlossondispositionofassets": 33800000,
        "otherincomeexpensenet": 8100000,
        "operatingincomeloss": 577200000,
        "incomelossfromequitymethodinvestments": 88200000,
        "interestexpense": 19300000,
        "othernonoperatingincomeexpense": 7100000,
        "incomelossfromcontinuingoperationsbeforeincometaxesextraordinaryitemsnoncontrollinginterest": 653200000,
        "incometaxexpensebenefit": 148500000,
        "incomelossfromcontinuingoperationsincludingportionattributabletononcontrollinginterest": 504700000,
        "incomelossfromdiscontinuedoperationsnetoftax": -14300000,
        "incomelossfromcontinuingoperationsattributabletononcontrollingentity": 12600000,
        "netincomeloss": 477800000,
        "incomelossfromcontinuingoperations": 492100000,
        "incomelossfromdiscontinuedoperationsnetoftaxattributabletoreportingentity": -14300000,
        "incomelossfromcontinuingoperationsperbasicshare": 2.22,
        "incomelossfromdiscontinuedoperationsnetoftaxperbasicshare": -0.06,
        "earningspersharebasic": 2.16,
        "incomelossfromcontinuingoperationsperdilutedshare": 2.21,
        "incomelossfromdiscontinuedoperationsnetoftaxperdilutedshare": -0.06,
        "earningspersharediluted": 2.15,
        "weightedaveragenumberofsharesoutstandingbasic": 221200000,
        "weightedaveragenumberofdilutedsharesoutstanding": 222300000
    },
    {
        "date": "2019-12-30",
        "symbol": "APD",
        "period": "Q1",
        "profitloss": 488900000,
        "othercomprehensiveincomeforeigncurrencytransactionandtranslationgainlossarisingduringperiodnetoftax": 264000000,
        "othercomprehensiveincomelosscashflowhedgegainlossbeforereclassificationaftertax": 22100000,
        "othercomprehensiveincomelosscashflowhedgegainlossreclassificationaftertax": 3600000,
        "othercomprehensiveincomelossreclassificationadjustmentfromaocipensionandotherpostretirementbenefitplansnetoftax": 19700000,
        "othercomprehensiveincomelossnetoftax": 302200000,
        "comprehensiveincomenetoftaxincludingportionattributabletononcontrollinginterest": 791100000,
        "netincomelossattributabletononcontrollinginterest": 13300000,
        "othercomprehensiveincomelossnetoftaxportionattributabletononcontrollinginterest": 15200000,
        "comprehensiveincomenetoftax": 762600000,
        "othercomprehensiveincomeforeigncurrencytranslationgainlossarisingduringperiodtax": -10800000,
        "othercomprehensiveincomelosscashflowhedgegainlossbeforereclassificationtax": 2600000,
        "othercomprehensiveincomelosscashflowhedgegainlossreclassificationtax": 800000,
        "othercomprehensiveincomelossreclassificationadjustmentfromaocipensionandotherpostretirementbenefitplanstax": 6500000,
        "revenues": 2254700000,
        "costofgoodsandservicessold": 1486600000,
        "sellinggeneralandadministrativeexpense": 201700000,
        "researchanddevelopmentexpense": 17700000,
        "otherincomeexpensenet": 12300000,
        "operatingincomeloss": 561000000,
        "incomelossfromequitymethodinvestments": 58200000,
        "interestexpense": 18700000,
        "othernonoperatingincomeexpense": 9100000,
        "incomelossfromcontinuingoperationsbeforeincometaxesextraordinaryitemsnoncontrollinginterest": 609600000,
        "incometaxexpensebenefit": 120700000,
        "netincomeloss": 475600000,
        "earningspersharebasic": 2.15,
        "earningspersharediluted": 2.14,
        "weightedaveragenumberofsharesoutstandingbasic": 220900000,
        "weightedaveragenumberofdilutedsharesoutstanding": 222200000
    },
    {
        "date": "2019-09-29",
        "symbol": "APD",
        "period": "Q4",
        "profitloss": 518700000,
        "othercomprehensiveincomeforeigncurrencytransactionandtranslationgainlossarisingduringperiodnetoftax": -290600000,
        "othercomprehensiveincomeunrealizedgainlossonderivativesarisingduringperiodnetoftax": -5900000,
        "othercomprehensiveincomelossreclassificationadjustmentfromaocionderivativesnetoftax": 8400000,
        "othercomprehensiveincomelossreclassificationadjustmentfromaocipensionandotherpostretirementbenefitplansnetoftax": 14500000,
        "othercomprehensiveincomelossnetoftax": -531200000,
        "comprehensiveincomenetoftaxincludingportionattributabletononcontrollinginterest": -94000000,
        "netincomelossattributabletononcontrollinginterest": 15500000,
        "othercomprehensiveincomelossnetoftaxportionattributabletononcontrollinginterest": -18400000,
        "comprehensiveincomenetoftax": -91000000,
        "othercomprehensiveincomeforeigncurrencytranslationgainlossarisingduringperiodtax": 15500000,
        "othercomprehensiveincomeunrealizedgainlossonderivativesarisingduringperiodtax": 3400000,
        "othercomprehensiveincomelossreclassificationadjustmentfromaocionderivativestax": 2700000,
        "othercomprehensiveincomelossreclassificationadjustmentfromaocipensionandotherpostretirementbenefitplanstax": 4700000,
        "revenues": 127800000,
        "costofgoodsandservicessold": 1490800000,
        "sellinggeneralandadministrativeexpense": 181900000,
        "researchanddevelopmentexpense": 22900000,
        "otherincomeexpensenet": 14400000,
        "operatingincomeloss": 158200000,
        "incomelossfromequitymethodinvestments": 59900000,
        "interestexpense": -3400000,
        "othernonoperatingincomeexpense": 16900000,
        "incomelossfromcontinuingoperationsbeforeincometaxesextraordinaryitemsnoncontrollinginterest": 649900000,
        "incometaxexpensebenefit": 131200000,
        "incomelossfromcontinuingoperationsincludingportionattributabletononcontrollinginterest": 518700000,
        "incomelossfromcontinuingoperationsattributabletononcontrollingentity": 15500000,
        "netincomeloss": 140500000,
        "incomelossfromcontinuingoperations": 503200000,
        "incomelossfromcontinuingoperationsperbasicshare": 2.2800000000000002,
        "earningspersharebasic": 2.2800000000000002,
        "incomelossfromcontinuingoperationsperdilutedshare": 2.2600000000000007,
        "earningspersharediluted": 2.2600000000000007,
        "weightedaveragenumberofsharesoutstandingbasic": 100000,
        "weightedaveragenumberofdilutedsharesoutstanding": 200000
    },
    {
        "date": "2019-06-29",
        "symbol": "APD",
        "period": "Q3",
        "profitloss": 500200000,
        "othercomprehensiveincomeforeigncurrencytransactionandtranslationgainlossarisingduringperiodnetoftax": -48800000,
        "othercomprehensiveincomeunrealizedgainlossonderivativesarisingduringperiodnetoftax": 7500000,
        "othercomprehensiveincomelossreclassificationadjustmentfromaocionderivativesnetoftax": 13100000,
        "othercomprehensiveincomelossreclassificationadjustmentfromaocipensionandotherpostretirementbenefitplansnetoftax": 14800000,
        "othercomprehensiveincomelossnetoftax": -42200000,
        "comprehensiveincomenetoftaxincludingportionattributabletononcontrollinginterest": 458000000,
        "netincomelossattributabletononcontrollinginterest": 12200000,
        "othercomprehensiveincomelossnetoftaxportionattributabletononcontrollinginterest": -5600000,
        "comprehensiveincomenetoftax": 451400000,
        "othercomprehensiveincomeforeigncurrencytranslationgainlossarisingduringperiodtax": -3300000,
        "othercomprehensiveincomeunrealizedgainlossonderivativesarisingduringperiodtax": 4500000,
        "othercomprehensiveincomelossreclassificationadjustmentfromaocionderivativestax": 3500000,
        "othercomprehensiveincomelossreclassificationadjustmentfromaocipensionandotherpostretirementbenefitplanstax": 4800000,
        "revenues": 2224000000,
        "costofgoodsandservicessold": 1466000000,
        "sellinggeneralandadministrativeexpense": 188500000,
        "researchanddevelopmentexpense": 18100000,
        "otherincomeexpensenet": 14700000,
        "operatingincomeloss": 569700000,
        "incomelossfromequitymethodinvestments": 56400000,
        "interestexpense": 34200000,
        "othernonoperatingincomeexpense": 17600000,
        "incomelossfromcontinuingoperationsbeforeincometaxesextraordinaryitemsnoncontrollinginterest": 609500000,
        "incometaxexpensebenefit": 109300000,
        "incomelossfromcontinuingoperationsincludingportionattributabletononcontrollinginterest": 500200000,
        "incomelossfromcontinuingoperationsattributabletononcontrollingentity": 12200000,
        "netincomeloss": 488000000,
        "incomelossfromcontinuingoperations": 488000000,
        "incomelossfromcontinuingoperationsperbasicshare": 2.2199999999999998,
        "earningspersharebasic": 2.2199999999999998,
        "incomelossfromcontinuingoperationsperdilutedshare": 2.1999999999999993,
        "earningspersharediluted": 2.1999999999999993,
        "weightedaveragenumberofsharesoutstandingbasic": 200000,
        "weightedaveragenumberofdilutedsharesoutstanding": 200000
    },
    {
        "date": "2019-03-30",
        "symbol": "APD",
        "period": "Q2",
        "profitloss": 433500000,
        "othercomprehensiveincomeforeigncurrencytransactionandtranslationgainlossarisingduringperiodnetoftax": 51300000,
        "othercomprehensiveincomeunrealizedgainlossonderivativesarisingduringperiodnetoftax": -35400000,
        "othercomprehensiveincomelosspensionandotherpostretirementbenefitplansadjustmentbeforereclassificationadjustmentsnetoftax": 0,
        "othercomprehensiveincomelossreclassificationadjustmentfromaocionderivativesnetoftax": -36900000,
        "othercomprehensiveincomelossreclassificationadjustmentfromaocipensionandotherpostretirementbenefitplansnetoftax": 18700000,
        "othercomprehensiveincomelossnetoftax": -10000000,
        "comprehensiveincomenetoftaxincludingportionattributabletononcontrollinginterest": 505000000,
        "netincomelossattributabletononcontrollinginterest": 12200000,
        "othercomprehensiveincomelossnetoftaxportionattributabletononcontrollinginterest": 5000000,
        "comprehensiveincomenetoftax": 487700000,
        "othercomprehensiveincomeforeigncurrencytranslationgainlossarisingduringperiodtax": 8000000,
        "othercomprehensiveincomeunrealizedgainlossonderivativesarisingduringperiodtax": -8700000,
        "othercomprehensiveincomelosspensionandotherpostretirementbenefitplansbeforereclassificationadjustmentstax": 0,
        "othercomprehensiveincomelossreclassificationadjustmentfromaocionderivativestax": -11500000,
        "othercomprehensiveincomelossreclassificationadjustmentfromaocipensionandotherpostretirementbenefitplanstax": 6000000,
        "revenues": 4343100000,
        "costofgoodsandservicessold": 1474700000,
        "sellinggeneralandadministrativeexpense": 190000000,
        "researchanddevelopmentexpense": 16900000,
        "otherincomeexpensenet": 11600000,
        "operatingincomeloss": 961500000,
        "incomelossfromequitymethodinvestments": 46200000,
        "interestexpense": 68900000,
        "othernonoperatingincomeexpense": 13700000,
        "incomelossfromcontinuingoperationsbeforeincometaxesextraordinaryitemsnoncontrollinginterest": 541000000,
        "incometaxexpensebenefit": 107500000,
        "incomelossfromcontinuingoperationsincludingportionattributabletononcontrollinginterest": 433500000,
        "incomelossfromcontinuingoperationsattributabletononcontrollingentity": 12200000,
        "netincomeloss": 784000000,
        "incomelossfromcontinuingoperations": 421300000,
        "incomelossfromcontinuingoperationsperbasicshare": 1.9100000000000001,
        "earningspersharebasic": 1.9100000000000001,
        "incomelossfromcontinuingoperationsperdilutedshare": 1.91,
        "earningspersharediluted": 1.91,
        "weightedaveragenumberofsharesoutstandingbasic": 100000,
        "weightedaveragenumberofdilutedsharesoutstanding": 200000
    },
    {
        "date": "2018-12-30",
        "symbol": "APD",
        "period": "Q1",
        "profitloss": 357000000,
        "othercomprehensiveincomeforeigncurrencytransactionandtranslationgainlossarisingduringperiodnetoftax": -68100000,
        "othercomprehensiveincomeunrealizedgainlossonderivativesarisingduringperiodnetoftax": -10300000,
        "othercomprehensiveincomelosspensionandotherpostretirementbenefitplansadjustmentbeforereclassificationadjustmentsnetoftax": 3900000,
        "othercomprehensiveincomelossreclassificationadjustmentfromaocionderivativesnetoftax": 3100000,
        "othercomprehensiveincomelossreclassificationadjustmentfromaocipensionandotherpostretirementbenefitplansnetoftax": 15200000,
        "othercomprehensiveincomelossnetoftax": -70200000,
        "comprehensiveincomenetoftaxincludingportionattributabletononcontrollinginterest": 286800000,
        "netincomelossattributabletononcontrollinginterest": 9500000,
        "othercomprehensiveincomelossnetoftaxportionattributabletononcontrollinginterest": -900000,
        "comprehensiveincomenetoftax": 278200000,
        "othercomprehensiveincomeforeigncurrencytranslationgainlossarisingduringperiodtax": 4900000,
        "othercomprehensiveincomeunrealizedgainlossonderivativesarisingduringperiodtax": -700000,
        "othercomprehensiveincomelosspensionandotherpostretirementbenefitplansbeforereclassificationadjustmentstax": 800000,
        "othercomprehensiveincomelossreclassificationadjustmentfromaocionderivativestax": 800000,
        "othercomprehensiveincomelossreclassificationadjustmentfromaocipensionandotherpostretirementbenefitplanstax": 5000000,
        "revenues": 2224000000,
        "costofgoodsandservicessold": 1544000000,
        "facilityclosuregainloss": -29000000,
        "sellinggeneralandadministrativeexpense": 189600000,
        "researchanddevelopmentexpense": 15000000,
        "otherincomeexpensenet": 8600000,
        "operatingincomeloss": 455000000,
        "incomelossfromequitymethodinvestments": 52900000,
        "interestexpense": 37300000,
        "othernonoperatingincomeexpense": 18500000,
        "incomelossfromcontinuingoperationsbeforeincometaxesextraordinaryitemsnoncontrollinginterest": 489100000,
        "incometaxexpensebenefit": 132100000,
        "incomelossfromcontinuingoperationsincludingportionattributabletononcontrollinginterest": 357000000,
        "incomelossfromcontinuingoperationsattributabletononcontrollingentity": 9500000,
        "netincomeloss": 347500000,
        "incomelossfromcontinuingoperations": 347500000,
        "incomelossfromcontinuingoperationsperbasicshare": 1.58,
        "earningspersharebasic": 1.58,
        "incomelossfromcontinuingoperationsperdilutedshare": 1.57,
        "earningspersharediluted": 1.57,
        "weightedaveragenumberofsharesoutstandingbasic": 219900000,
        "weightedaveragenumberofdilutedsharesoutstanding": 221000000
    },
    {
        "date": "2018-09-29",
        "symbol": "APD",
        "period": "Q4",
        "profitloss": 459700000,
        "othercomprehensiveincomeforeigncurrencytransactionandtranslationgainlossarisingduringperiodnetoftax": -114200000,
        "othercomprehensiveincomeunrealizedgainlossonderivativesarisingduringperiodnetoftax": 10500000,
        "othercomprehensiveincomelossreclassificationadjustmentfromaocionderivativesnetoftax": 6000000,
        "othercomprehensiveincomelossreclassificationadjustmentfromaocipensionandotherpostretirementbenefitplansnetoftax": 57600000,
        "othercomprehensiveincomelossnetoftax": -3500000,
        "comprehensiveincomenetoftaxincludingportionattributabletononcontrollinginterest": 587000000,
        "netincomelossattributabletononcontrollinginterest": 6800000,
        "othercomprehensiveincomelossnetoftaxportionattributabletononcontrollinginterest": -8600000,
        "comprehensiveincomenetoftax": 588800000,
        "othercomprehensiveincomeforeigncurrencytranslationgainlossarisingduringperiodtax": 15700000,
        "othercomprehensiveincomeunrealizedgainlossonderivativesarisingduringperiodtax": 2200000,
        "othercomprehensiveincomelossreclassificationadjustmentfromaocionderivativestax": 2100000,
        "othercomprehensiveincomelossreclassificationadjustmentfromaocipensionandotherpostretirementbenefitplanstax": -71600000,
        "costofgoodsandservicessold": 1565800000,
        "sellinggeneralandadministrativeexpense": 186000000,
        "researchanddevelopmentexpense": 20400000,
        "otherincomeexpensenet": -13700000,
        "operatingincomeloss": 533700000,
        "incomelossfromequitymethodinvestments": 91700000,
        "interestexpense": 6800000,
        "othernonoperatingincomeexpense": -28600000,
        "incomelossfromcontinuingoperationsbeforeincometaxesextraordinaryitemsnoncontrollinginterest": -1462000000,
        "incometaxexpensebenefit": 69200000,
        "incomelossfromcontinuingoperationsincludingportionattributabletononcontrollinginterest": 459700000,
        "incomelossfromcontinuingoperationsattributabletononcontrollingentity": 6800000,
        "netincomeloss": 275400000,
        "incomelossfromcontinuingoperations": 452900000,
        "incomelossfromcontinuingoperationsperbasicshare": 2.07,
        "earningspersharebasic": 2.07,
        "incomelossfromcontinuingoperationsperdilutedshare": 2.05,
        "earningspersharediluted": 2.05,
        "weightedaveragenumberofsharesoutstandingbasic": 0
    },
    {
        "date": "2018-06-29",
        "symbol": "APD",
        "period": "Q3",
        "profitloss": 487900000,
        "othercomprehensiveincomeforeigncurrencytransactionandtranslationgainlossarisingduringperiodnetoftax": -392400000,
        "othercomprehensiveincomeunrealizedgainlossonderivativesarisingduringperiodnetoftax": 27100000,
        "othercomprehensiveincomelossreclassificationadjustmentfromaocionderivativesnetoftax": 17700000,
        "othercomprehensiveincomelossreclassificationadjustmentfromaocipensionandotherpostretirementbenefitplansnetoftax": 26000000,
        "othercomprehensiveincomelossnetoftax": -357000000,
        "comprehensiveincomenetoftaxincludingportionattributabletononcontrollinginterest": 130900000,
        "netincomelossattributabletononcontrollinginterest": 14000000,
        "othercomprehensiveincomelossnetoftaxportionattributabletononcontrollinginterest": -14500000,
        "comprehensiveincomenetoftax": 131400000,
        "othercomprehensiveincomeforeigncurrencytranslationgainlossarisingduringperiodtax": 5200000,
        "othercomprehensiveincomeunrealizedgainlossonderivativesarisingduringperiodtax": 8800000,
        "othercomprehensiveincomelossreclassificationadjustmentfromaocionderivativestax": 5500000,
        "othercomprehensiveincomelossreclassificationadjustmentfromaocipensionandotherpostretirementbenefitplanstax": 7800000,
        "salesrevenuenet": 2259000000,
        "costofgoodsandservicessold": 1545400000,
        "sellinggeneralandadministrativeexpense": 188600000,
        "researchanddevelopmentexpense": 15000000,
        "otherincomeexpensenet": 5800000,
        "operatingincomeloss": 515800000,
        "incomelossfromequitymethodinvestments": 58100000,
        "interestexpense": 34900000,
        "othernonoperatingincomeexpense": 12800000,
        "incomelossfromcontinuingoperationsbeforeincometaxesextraordinaryitemsnoncontrollinginterest": 551800000,
        "incometaxexpensebenefit": 107100000,
        "incomelossfromcontinuingoperationsincludingportionattributabletononcontrollinginterest": 444700000,
        "incomelossfromcontinuingoperationsattributabletononcontrollingentity": 14000000,
        "netincomeloss": 473900000,
        "incomelossfromcontinuingoperations": 430700000,
        "incomelossfromcontinuingoperationsperbasicshare": 1.9600000000000004,
        "earningspersharebasic": 2.15,
        "incomelossfromcontinuingoperationsperdilutedshare": 1.9500000000000004,
        "earningspersharediluted": 2.1400000000000006,
        "weightedaveragenumberofsharesoutstandingbasic": 100000,
        "weightedaveragenumberofdilutedsharesoutstanding": 0,
        "commonstockdividendspersharedeclared": 1.0999999999999999
    },
    {
        "date": "2018-03-30",
        "symbol": "APD",
        "period": "Q2",
        "profitloss": 423600000,
        "othercomprehensiveincomeforeigncurrencytransactionandtranslationgainlossarisingduringperiodnetoftax": 125600000,
        "othercomprehensiveincomeunrealizedgainlossonderivativesarisingduringperiodnetoftax": 17800000,
        "othercomprehensiveincomelossforeigncurrencytransactionandtranslationreclassificationadjustmentfromaocirealizeduponsaleorliquidationnetoftax": 0,
        "othercomprehensiveincomelossreclassificationadjustmentfromaocionderivativesnetoftax": 7500000,
        "othercomprehensiveincomelossreclassificationadjustmentfromaocipensionandotherpostretirementbenefitplansnetoftax": 26600000,
        "othercomprehensiveincomelossnetoftax": 293300000,
        "comprehensiveincomenetoftaxincludingportionattributabletononcontrollinginterest": 586100000,
        "netincomelossattributabletononcontrollinginterest": 7200000,
        "othercomprehensiveincomelossnetoftaxportionattributabletononcontrollinginterest": 2200000,
        "comprehensiveincomenetoftax": 576700000,
        "othercomprehensiveincomeforeigncurrencytranslationgainlossarisingduringperiodtax": -13200000,
        "othercomprehensiveincomeunrealizedgainlossonderivativesarisingduringperiodtax": 4000000,
        "othercomprehensiveincomelossreclassificationadjustmentfromaocionderivativestax": 3300000,
        "othercomprehensiveincomelossreclassificationadjustmentfromaocipensionandotherpostretirementbenefitplanstax": 7900000,
        "salesrevenuenet": 4282300000,
        "costofgoodsandservicessold": 1506500000,
        "sellinggeneralandadministrativeexpense": 194600000,
        "researchanddevelopmentexpense": 14500000,
        "otherincomeexpensenet": 36000000,
        "operatingincomeloss": 455400000,
        "incomelossfromequitymethodinvestments": 11200000,
        "interestexpense": 59000000,
        "othernonoperatingincomeexpense": 11100000,
        "incomelossfromcontinuingoperationsbeforeincometaxesextraordinaryitemsnoncontrollinginterest": 479800000,
        "incometaxexpensebenefit": 56200000,
        "incomelossfromcontinuingoperationsincludingportionattributabletononcontrollinginterest": 423600000,
        "incomelossfromdiscontinuedoperationsnetoftax": 0,
        "incomelossfromcontinuingoperationsattributabletononcontrollingentity": 7200000,
        "netincomeloss": 593900000,
        "incomelossfromcontinuingoperations": 416400000,
        "incomelossfromdiscontinuedoperationsnetoftaxattributabletoreportingentity": 0,
        "incomelossfromcontinuingoperationsperbasicshare": 1.9,
        "earningspersharebasic": 1.9,
        "incomelossfromcontinuingoperationsperdilutedshare": 1.89,
        "earningspersharediluted": 1.89,
        "weightedaveragenumberofsharesoutstandingbasic": 300000,
        "weightedaveragenumberofdilutedsharesoutstanding": 300000,
        "commonstockdividendspersharedeclared": 1.0999999999999999
    },
    {
        "date": "2017-12-30",
        "symbol": "APD",
        "period": "Q1",
        "profitloss": 161700000,
        "othercomprehensiveincomeforeigncurrencytransactionandtranslationgainlossarisingduringperiodnetoftax": 136400000,
        "othercomprehensiveincomeunrealizedgainlossonderivativesarisingduringperiodnetoftax": -9500000,
        "othercomprehensiveincomelossforeigncurrencytransactionandtranslationreclassificationadjustmentfromaocirealizeduponsaleorliquidationnetoftax": -3100000,
        "othercomprehensiveincomelossreclassificationadjustmentfromaocionderivativesnetoftax": -800000,
        "othercomprehensiveincomelossreclassificationadjustmentfromaocipensionandotherpostretirementbenefitplansnetoftax": 22900000,
        "othercomprehensiveincomelossnetoftax": 153700000,
        "comprehensiveincomenetoftaxincludingportionattributabletononcontrollinginterest": 315400000,
        "netincomelossattributabletononcontrollinginterest": 7100000,
        "othercomprehensiveincomelossnetoftaxportionattributabletononcontrollinginterest": 1900000,
        "comprehensiveincomenetoftax": 306400000,
        "othercomprehensiveincomeforeigncurrencytranslationgainlossarisingduringperiodtax": -6600000,
        "othercomprehensiveincomeunrealizedgainlossonderivativesarisingduringperiodtax": -5300000,
        "othercomprehensiveincomelossreclassificationadjustmentfromaocionderivativestax": -1700000,
        "othercomprehensiveincomelossreclassificationadjustmentfromaocipensionandotherpostretirementbenefitplanstax": 11000000,
        "salesrevenuenet": 2216600000,
        "costofgoodsandservicessold": 1571800000,
        "sellinggeneralandadministrativeexpense": 191600000,
        "researchanddevelopmentexpense": 14600000,
        "otherincomeexpensenet": 22100000,
        "operatingincomeloss": 460700000,
        "incomelossfromequitymethodinvestments": 13800000,
        "interestexpense": 29800000,
        "othernonoperatingincomeexpense": 9800000,
        "incomelossfromcontinuingoperationsbeforeincometaxesextraordinaryitemsnoncontrollinginterest": 454500000,
        "incometaxexpensebenefit": 291800000,
        "incomelossfromcontinuingoperationsincludingportionattributabletononcontrollinginterest": 162700000,
        "incomelossfromdiscontinuedoperationsnetoftax": -1000000,
        "incomelossfromcontinuingoperationsattributabletononcontrollingentity": 7100000,
        "netincomeloss": 154600000,
        "incomelossfromcontinuingoperations": 155600000,
        "incomelossfromdiscontinuedoperationsnetoftaxattributabletoreportingentity": -1000000,
        "incomelossfromcontinuingoperationsperbasicshare": 0.71,
        "earningspersharebasic": 0.71,
        "incomelossfromcontinuingoperationsperdilutedshare": 0.7,
        "earningspersharediluted": 0.7,
        "weightedaveragenumberofsharesoutstandingbasic": 218900000,
        "weightedaveragenumberofdilutedsharesoutstanding": 220400000,
        "commonstockdividendspersharedeclared": 0.95
    },
    {
        "date": "2017-06-29",
        "symbol": "APD",
        "period": "Q3",
        "profitloss": 104100000,
        "othercomprehensiveincomeforeigncurrencytransactionandtranslationgainlossarisingduringperiodnetoftax": 141400000,
        "othercomprehensiveincomeunrealizedgainlossonderivativesarisingduringperiodnetoftax": 23000000,
        "othercomprehensiveincomelossreclassificationadjustmentfromaocionderivativesnetoftax": 23600000,
        "othercomprehensiveincomelossreclassificationadjustmentfromaocipensionandotherpostretirementbenefitplansnetoftax": 27700000,
        "othercomprehensiveincomelossnetoftax": 176600000,
        "comprehensiveincomenetoftaxincludingportionattributabletononcontrollinginterest": 280900000,
        "netincomelossattributabletononcontrollinginterest": 2200000,
        "othercomprehensiveincomelossnetoftaxportionattributabletononcontrollinginterest": 200000,
        "comprehensiveincomenetoftax": 278500000,
        "othercomprehensiveincomeforeigncurrencytranslationgainlossarisingduringperiodtax": -33100000,
        "othercomprehensiveincomeunrealizedgainlossonderivativesarisingduringperiodtax": 9600000,
        "othercomprehensiveincomelossreclassificationadjustmentfromaocionderivativestax": 7900000,
        "othercomprehensiveincomelossreclassificationadjustmentfromaocipensionandotherpostretirementbenefitplanstax": 12800000,
        "salesrevenuenet": 14400000,
        "costofgoodsandservicessold": 1486200000,
        "sellinggeneralandadministrativeexpense": 184500000,
        "researchanddevelopmentexpense": 14600000,
        "restructuringandrelatedcostincurredcost": 42700000,
        "otherincomeexpensenet": 29000000,
        "operatingincomeloss": -44400000,
        "incomelossfromequitymethodinvestments": 300000,
        "interestexpense": 1100000,
        "incomelossfromcontinuingoperationsbeforeincometaxesextraordinaryitemsnoncontrollinginterest": 195700000,
        "incometaxexpensebenefit": 89300000,
        "incomelossfromcontinuingoperationsincludingportionattributabletononcontrollinginterest": 106400000,
        "incomelossfromdiscontinuedoperationsnetoftax": 0,
        "incomelossfromcontinuingoperationsattributabletononcontrollingentity": 2200000,
        "netincomeloss": 88700000,
        "incomelossfromcontinuingoperations": 104200000,
        "incomelossfromdiscontinuedoperationsnetoftaxattributabletoreportingentity": -2300000,
        "incomelossfromcontinuingoperationsperbasicshare": 0.48,
        "incomelossfromdiscontinuedoperationsnetoftaxperbasicshare": -0.019999999999998935,
        "earningspersharebasic": 0.4599999999999982,
        "incomelossfromcontinuingoperationsperdilutedshare": 0.4700000000000002,
        "incomelossfromdiscontinuedoperationsnetoftaxperdilutedshare": -0.009999999999999148,
        "earningspersharediluted": 0.4599999999999982,
        "weightedaveragenumberofsharesoutstandingbasic": 100000,
        "weightedaveragenumberofdilutedsharesoutstanding": 200000,
        "commonstockdividendspersharedeclared": 0.9499999999999996
    },
    {
        "date": "2017-03-30",
        "symbol": "APD",
        "period": "Q2",
        "profitloss": 2135700000,
        "othercomprehensiveincomeforeigncurrencytransactionandtranslationgainlossarisingduringperiodnetoftax": 149600000,
        "othercomprehensiveincomeunrealizedgainlossonderivativesarisingduringperiodnetoftax": -15400000,
        "othercomprehensiveincomelossreclassificationadjustmentfromaocionderivativesnetoftax": -5800000,
        "othercomprehensiveincomelossreclassificationadjustmentfromaocipensionandotherpostretirementbenefitplansnetoftax": 30100000,
        "othercomprehensiveincomelossnetoftax": 221100000,
        "comprehensiveincomenetoftaxincludingportionattributabletononcontrollinginterest": 2358700000,
        "netincomelossattributabletononcontrollinginterest": 5700000,
        "othercomprehensiveincomelossnetoftaxportionattributabletononcontrollinginterest": 5000000,
        "comprehensiveincomenetoftax": 2348000000,
        "othercomprehensiveincomeforeigncurrencytranslationgainlossarisingduringperiodtax": -8000000,
        "othercomprehensiveincomeunrealizedgainlossonderivativesarisingduringperiodtax": -5700000,
        "othercomprehensiveincomelossreclassificationadjustmentfromaocionderivativestax": -2700000,
        "othercomprehensiveincomelossreclassificationadjustmentfromaocipensionandotherpostretirementbenefitplanstax": 13700000,
        "salesrevenuenet": -1826400000,
        "costofgoodsandservicessold": 1403800000,
        "sellinggeneralandadministrativeexpense": 177900000,
        "researchanddevelopmentexpense": 14800000,
        "businessseparationcosts": 0,
        "restructuringandrelatedcostincurredcost": 10300000,
        "otherincomeexpensenet": -51300000,
        "operatingincomeloss": -398100000,
        "incomelossfromequitymethodinvestments": -37700000,
        "interestexpense": -30500000,
        "incomelossfromcontinuingoperationsbeforeincometaxesextraordinaryitemsnoncontrollinginterest": 404600000,
        "incometaxexpensebenefit": 94500000,
        "incomelossfromcontinuingoperationsincludingportionattributabletononcontrollinginterest": 310100000,
        "incomelossfromdiscontinuedoperationsnetoftax": 900000,
        "incomelossfromcontinuingoperationsattributabletononcontrollingentity": 5700000,
        "netincomeloss": -331200000,
        "incomelossfromcontinuingoperations": 304400000,
        "incomelossfromdiscontinuedoperationsnetoftaxattributabletoreportingentity": 1825600000,
        "incomelossfromcontinuingoperationsperbasicshare": 1.39,
        "incomelossfromdiscontinuedoperationsnetoftaxperbasicshare": 8.389999999999999,
        "earningspersharebasic": 9.780000000000001,
        "incomelossfromcontinuingoperationsperdilutedshare": 1.38,
        "incomelossfromdiscontinuedoperationsnetoftaxperdilutedshare": 8.309999999999999,
        "earningspersharediluted": 9.690000000000001,
        "weightedaveragenumberofsharesoutstandingbasic": 100000,
        "weightedaveragenumberofdilutedsharesoutstanding": -100000,
        "commonstockdividendspersharedeclared": 0.9500000000000001
    },
    {
        "date": "2016-12-30",
        "symbol": "APD",
        "period": "Q1",
        "profitloss": 306400000,
        "othercomprehensiveincomeforeigncurrencytransactionandtranslationgainlossarisingduringperiodnetoftax": -281200000,
        "othercomprehensiveincomeunrealizedgainlossonderivativesarisingduringperiodnetoftax": -9800000,
        "othercomprehensiveincomelossreclassificationadjustmentfromaocionderivativesnetoftax": -25600000,
        "othercomprehensiveincomelossreclassificationadjustmentfromaocipensionandotherpostretirementbenefitplansnetoftax": 27400000,
        "othercomprehensiveincomelossnetoftax": -238000000,
        "comprehensiveincomenetoftaxincludingportionattributabletononcontrollinginterest": 68400000,
        "netincomelossattributabletononcontrollinginterest": 6600000,
        "othercomprehensiveincomelossnetoftaxportionattributabletononcontrollinginterest": -3100000,
        "comprehensiveincomenetoftax": 64900000,
        "othercomprehensiveincomeforeigncurrencytranslationgainlossarisingduringperiodtax": 32300000,
        "othercomprehensiveincomeunrealizedgainlossonderivativesarisingduringperiodtax": -10700000,
        "othercomprehensiveincomelossreclassificationadjustmentfromaocionderivativestax": -10600000,
        "othercomprehensiveincomelossreclassificationadjustmentfromaocipensionandotherpostretirementbenefitplanstax": 12900000,
        "salesrevenuenet": 1882500000,
        "costofgoodsandservicessold": 1318100000,
        "sellinggeneralandadministrativeexpense": 165700000,
        "researchanddevelopmentexpense": 15100000,
        "businessseparationcosts": 30200000,
        "restructuringandrelatedcostincurredcost": 53400000,
        "otherincomeexpensenet": 24700000,
        "operatingincomeloss": 328100000,
        "incomelossfromequitymethodinvestments": 38000000,
        "interestexpense": 29500000,
        "incomelossfromcontinuingoperationsbeforeincometaxesextraordinaryitemsnoncontrollinginterest": 336600000,
        "incometaxexpensebenefit": 78400000,
        "incomelossfromcontinuingoperationsincludingportionattributabletononcontrollinginterest": 258200000,
        "incomelossfromdiscontinuedoperationsnetoftax": 48200000,
        "incomelossfromcontinuingoperationsattributabletononcontrollingentity": 6600000,
        "netincomeloss": 299800000,
        "incomelossfromcontinuingoperations": 251600000,
        "incomelossfromdiscontinuedoperationsnetoftaxattributabletoreportingentity": 48200000,
        "incomelossfromcontinuingoperationsperbasicshare": 1.16,
        "incomelossfromdiscontinuedoperationsnetoftaxperbasicshare": 0.22,
        "earningspersharebasic": 1.38,
        "incomelossfromcontinuingoperationsperdilutedshare": 1.15,
        "incomelossfromdiscontinuedoperationsnetoftaxperdilutedshare": 0.22,
        "earningspersharediluted": 1.37,
        "weightedaveragenumberofsharesoutstandingbasic": 217700000,
        "weightedaveragenumberofdilutedsharesoutstanding": 219700000,
        "commonstockdividendspersharedeclared": 0.86
    },
    {
        "date": "2016-06-29",
        "symbol": "APD",
        "period": "Q3",
        "salesrevenuenet": 447600000,
        "costofgoodsandservicessold": 1639300000,
        "sellinggeneralandadministrativeexpense": 212000000,
        "researchanddevelopmentexpense": 34100000,
        "businessseparationcosts": 9500000,
        "restructuringandrelatedcostincurredcost": 14200000,
        "definedbenefitplanrecognizednetgainlossduetosettlements1": -1000000,
        "otherincomeexpensenet": -5500000,
        "operatingincomeloss": 234500000,
        "incomelossfromequitymethodinvestments": 42400000,
        "interestexpense": 3500000,
        "incomelossfromcontinuingoperationsbeforeincometaxesextraordinaryitemsnoncontrollinginterest": 542500000,
        "incometaxexpensebenefit": 179500000,
        "incomelossfromcontinuingoperationsincludingportionattributabletononcontrollinginterest": 363000000,
        "incomelossfromdiscontinuedoperationsnetoftax": -8900000,
        "profitloss": 354100000,
        "netincomelossattributabletononcontrollinginterest": 7300000,
        "netincomeloss": 346800000,
        "incomelossfromcontinuingoperations": 355700000,
        "incomelossfromdiscontinuedoperationsnetoftaxattributabletoreportingentity": -8900000,
        "incomelossfromcontinuingoperationsperbasicshare": 1.64,
        "incomelossfromdiscontinuedoperationsnetoftaxperbasicshare": -0.04,
        "earningspersharebasic": 1.6,
        "incomelossfromcontinuingoperationsperdilutedshare": 1.63,
        "incomelossfromdiscontinuedoperationsnetoftaxperdilutedshare": -0.04,
        "earningspersharediluted": 1.59,
        "weightedaveragenumberofsharesoutstandingbasic": 216600000,
        "weightedaveragenumberofdilutedsharesoutstanding": 218500000,
        "commonstockdividendspersharedeclared": 0.86,
        "othercomprehensiveincomeforeigncurrencytranslationgainlossarisingduringperiodtax": 11500000,
        "othercomprehensiveincomeunrealizedgainlossonderivativesarisingduringperiodtax": -7100000,
        "othercomprehensiveincomelossreclassificationadjustmentfromaocionderivativestax": -4000000,
        "othercomprehensiveincomelossreclassificationadjustmentfromaocipensionandotherpostretirementbenefitplanstax": 10500000,
        "othercomprehensiveincomeforeigncurrencytransactionandtranslationgainlossarisingduringperiodnetoftax": -89000000,
        "othercomprehensiveincomeunrealizedgainlossonderivativesarisingduringperiodnetoftax": -22200000,
        "othercomprehensiveincomelossforeigncurrencytransactionandtranslationreclassificationadjustmentfromaocirealizeduponsaleorliquidationnetoftax": 100000,
        "othercomprehensiveincomelossreclassificationadjustmentfromaocionderivativesnetoftax": -10000000,
        "othercomprehensiveincomelossreclassificationadjustmentfromaocipensionandotherpostretirementbenefitplansnetoftax": 21600000,
        "othercomprehensiveincomelossnetoftax": -700000,
        "comprehensiveincomenetoftaxincludingportionattributabletononcontrollinginterest": 274400000,
        "othercomprehensiveincomelossnetoftaxportionattributabletononcontrollinginterest": -700000,
        "comprehensiveincomenetoftax": 267800000
    },
    {
        "date": "2016-03-30",
        "symbol": "APD",
        "period": "Q2",
        "salesrevenuenet": 65700000,
        "costofgoodsandservicessold": 1519000000,
        "sellinggeneralandadministrativeexpense": 207100000,
        "researchanddevelopmentexpense": 32700000,
        "businessseparationcosts": 7400000,
        "restructuringandrelatedcostincurredcost": 8600000,
        "definedbenefitplanrecognizednetgainlossduetosettlements1": -2600000,
        "otherincomeexpensenet": 13600000,
        "operatingincomeloss": -4500000,
        "incomelossfromequitymethodinvestments": 17400000,
        "interestexpense": 1200000,
        "incomelossfromcontinuingoperationsbeforeincometaxesextraordinaryitemsnoncontrollinginterest": 520100000,
        "incometaxexpensebenefit": 132500000,
        "incomelossfromcontinuingoperationsincludingportionattributabletononcontrollinginterest": 387600000,
        "incomelossfromdiscontinuedoperationsnetoftax": -853100000,
        "profitloss": -465500000,
        "netincomelossattributabletononcontrollinginterest": 7800000,
        "netincomeloss": -400000,
        "incomelossfromcontinuingoperations": 379800000,
        "incomelossfromdiscontinuedoperationsnetoftaxattributabletoreportingentity": -853100000,
        "incomelossfromcontinuingoperationsperbasicshare": 1.76,
        "incomelossfromdiscontinuedoperationsnetoftaxperbasicshare": -3.95,
        "earningspersharebasic": -2.19,
        "incomelossfromcontinuingoperationsperdilutedshare": 1.74,
        "incomelossfromdiscontinuedoperationsnetoftaxperdilutedshare": -3.91,
        "earningspersharediluted": -2.17,
        "weightedaveragenumberofsharesoutstandingbasic": 216100000,
        "weightedaveragenumberofdilutedsharesoutstanding": 217900000,
        "commonstockdividendspersharedeclared": 0.86,
        "othercomprehensiveincomeforeigncurrencytranslationgainlossarisingduringperiodtax": -19100000,
        "othercomprehensiveincomeunrealizedgainlossonderivativesarisingduringperiodtax": 10200000,
        "othercomprehensiveincomelossreclassificationadjustmentfromaocionderivativestax": 500000,
        "othercomprehensiveincomelossreclassificationadjustmentfromaocipensionandotherpostretirementbenefitplanstax": 11300000,
        "othercomprehensiveincomeforeigncurrencytransactionandtranslationgainlossarisingduringperiodnetoftax": 139900000,
        "othercomprehensiveincomeunrealizedgainlossonderivativesarisingduringperiodnetoftax": 12800000,
        "othercomprehensiveincomelossforeigncurrencytransactionandtranslationreclassificationadjustmentfromaocirealizeduponsaleorliquidationnetoftax": -400000,
        "othercomprehensiveincomelossreclassificationadjustmentfromaocionderivativesnetoftax": 11100000,
        "othercomprehensiveincomelossreclassificationadjustmentfromaocipensionandotherpostretirementbenefitplansnetoftax": 22700000,
        "othercomprehensiveincomelossnetoftax": 2800000,
        "comprehensiveincomenetoftaxincludingportionattributabletononcontrollinginterest": -300800000,
        "othercomprehensiveincomelossnetoftaxportionattributabletononcontrollinginterest": -100000,
        "comprehensiveincomenetoftax": -311400000
    },
    {
        "date": "2015-12-30",
        "symbol": "APD",
        "period": "Q1",
        "salesrevenuenet": 104300000,
        "costofgoodsandservicessold": 1598000000,
        "sellinggeneralandadministrativeexpense": 212000000,
        "researchanddevelopmentexpense": 32400000,
        "businessseparationcosts": 12000000,
        "projectsuspensioncosts": 14300000,
        "otherincomeexpensenet": -2400000,
        "operatingincomeloss": -5200000,
        "incomelossfromequitymethodinvestments": 14500000,
        "interestexpense": 22200000,
        "incomelossfromcontinuingoperationsbeforeincometaxesextraordinaryitemsnoncontrollinginterest": 504500000,
        "incometaxexpensebenefit": 132500000,
        "incomelossfromcontinuingoperationsincludingportionattributabletononcontrollinginterest": 372000000,
        "profitloss": 372000000,
        "netincomelossattributabletononcontrollinginterest": 8400000,
        "netincomeloss": 363600000,
        "incomelossfromcontinuingoperations": 363600000,
        "incomelossfromcontinuingoperationsperbasicshare": 1.68,
        "earningspersharebasic": 1.68,
        "incomelossfromcontinuingoperationsperdilutedshare": 1.67,
        "earningspersharediluted": 1.67,
        "weightedaveragenumberofsharesoutstandingbasic": 215800000,
        "weightedaveragenumberofdilutedsharesoutstanding": 217600000,
        "commonstockdividendspersharedeclared": 0.81,
        "othercomprehensiveincomeforeigncurrencytranslationgainlossarisingduringperiodtax": -6700000,
        "othercomprehensiveincomeunrealizedgainlossonderivativesarisingduringperiodtax": 4800000,
        "othercomprehensiveincomelossreclassificationadjustmentfromaocionderivativestax": 8000000,
        "othercomprehensiveincomelossreclassificationadjustmentfromaocipensionandotherpostretirementbenefitplanstax": -10100000,
        "othercomprehensiveincomeforeigncurrencytransactionandtranslationgainlossarisingduringperiodnetoftax": -102900000,
        "othercomprehensiveincomeunrealizedgainlossonderivativesarisingduringperiodnetoftax": 16000000,
        "othercomprehensiveincomelossforeigncurrencytransactionandtranslationreclassificationadjustmentfromaocirealizeduponsaleorliquidationnetoftax": -2400000,
        "othercomprehensiveincomelossreclassificationadjustmentfromaocionderivativesnetoftax": 19300000,
        "othercomprehensiveincomelossreclassificationadjustmentfromaocipensionandotherpostretirementbenefitplansnetoftax": 21100000,
        "othercomprehensiveincomelossnetoftax": -82700000,
        "comprehensiveincomenetoftaxincludingportionattributabletononcontrollinginterest": 289300000,
        "comprehensiveincomenetoftax": 280900000
    },
    {
        "date": "2015-06-29",
        "symbol": "APD",
        "period": "Q3",
        "salesrevenuenet": -3378200000,
        "costofgoodsandservicessold": 1716400000,
        "sellinggeneralandadministrativeexpense": 242200000,
        "researchanddevelopmentexpense": 33800000,
        "reorganizationandrestructuringactions": -52100000,
        "otherincomeexpensenet": 47600000,
        "operatingincomeloss": -647000000,
        "incomelossfromequitymethodinvestments": 42400000,
        "interestexpense": 1300000,
        "incomelossfromcontinuingoperationsbeforeincometaxesextraordinaryitemsnoncontrollinginterest": 436700000,
        "incometaxexpensebenefit": 103500000,
        "incomelossfromcontinuingoperationsincludingportionattributabletononcontrollinginterest": 333200000,
        "profitloss": 333200000,
        "netincomelossattributabletononcontrollinginterest": 14400000,
        "netincomeloss": 982900000,
        "incomelossfromcontinuingoperations": 318800000,
        "incomelossfromcontinuingoperationsperbasicshare": 1.4799999999999995,
        "earningspersharebasic": 1.4799999999999995,
        "incomelossfromcontinuingoperationsperdilutedshare": 1.4699999999999998,
        "earningspersharediluted": 1.4699999999999998,
        "weightedaveragenumberofsharesoutstandingbasic": 300000,
        "weightedaveragenumberofdilutedsharesoutstanding": 200000,
        "commonstockdividendspersharedeclared": 0.81,
        "othercomprehensiveincomeforeigncurrencytranslationgainlossarisingduringperiodtax": -30800000,
        "othercomprehensiveincomeunrealizedgainlossonderivativesarisingduringperiodtax": -4500000,
        "othercomprehensiveincomelossreclassificationadjustmentfromaocionderivativestax": -500000,
        "othercomprehensiveincomelossreclassificationadjustmentfromaocipensionandotherpostretirementbenefitplanstax": 10700000,
        "othercomprehensiveincomeforeigncurrencytransactionandtranslationgainlossarisingduringperiodnetoftax": 73000000,
        "othercomprehensiveincomeunrealizedgainlossonderivativesarisingduringperiodnetoftax": -13600000,
        "othercomprehensiveincomelossreclassificationadjustmentfromaocionderivativesnetoftax": -1600000,
        "othercomprehensiveincomelossreclassificationadjustmentfromaocipensionandotherpostretirementbenefitplansnetoftax": 22200000,
        "othercomprehensiveincomelossnetoftax": -343400000,
        "comprehensiveincomenetoftaxincludingportionattributabletononcontrollinginterest": 418400000,
        "othercomprehensiveincomelossnetoftaxportionattributabletononcontrollinginterest": -3100000,
        "comprehensiveincomenetoftax": 402500000
    },
    {
        "date": "2015-03-30",
        "symbol": "APD",
        "period": "Q2",
        "salesrevenuenet": 4915700000,
        "costofgoodsandservicessold": 1699600000,
        "sellinggeneralandadministrativeexpense": 240900000,
        "researchanddevelopmentexpense": 36300000,
        "reorganizationandrestructuringactions": 85100000,
        "businesscombinationstepacquisitionequityinterestinacquireeremeasurementgain": 0,
        "otherincomeexpensenet": -16000000,
        "operatingincomeloss": 442400000,
        "incomelossfromequitymethodinvestments": 33000000,
        "interestexpense": -28400000,
        "incomelossfromcontinuingoperationsbeforeincometaxesextraordinaryitemsnoncontrollinginterest": 384000000,
        "incometaxexpensebenefit": 87100000,
        "incomelossfromcontinuingoperationsincludingportionattributabletononcontrollinginterest": 296900000,
        "profitloss": 296900000,
        "netincomelossattributabletononcontrollinginterest": 6900000,
        "netincomeloss": -374100000,
        "incomelossfromcontinuingoperations": 290000000,
        "incomelossfromcontinuingoperationsperbasicshare": 1.35,
        "earningspersharebasic": 1.35,
        "incomelossfromcontinuingoperationsperdilutedshare": 1.33,
        "earningspersharediluted": 1.33,
        "weightedaveragenumberofsharesoutstandingbasic": 300000,
        "weightedaveragenumberofdilutedsharesoutstanding": 400000,
        "commonstockdividendspersharedeclared": 0.81,
        "othercomprehensiveincomeforeigncurrencytranslationgainlossarisingduringperiodtax": 61400000,
        "othercomprehensiveincomeunrealizedgainlossonderivativesarisingduringperiodtax": -1400000,
        "othercomprehensiveincomelossreclassificationadjustmentfromaocionderivativestax": -6200000,
        "othercomprehensiveincomelossreclassificationadjustmentfromaocipensionandotherpostretirementbenefitplanstax": 34900000,
        "othercomprehensiveincomeforeigncurrencytransactionandtranslationgainlossarisingduringperiodnetoftax": -232100000,
        "othercomprehensiveincomeunrealizedgainlossonderivativesarisingduringperiodnetoftax": -400000,
        "othercomprehensiveincomelossreclassificationadjustmentfromaocionderivativesnetoftax": -17600000,
        "othercomprehensiveincomelossreclassificationadjustmentfromaocipensionandotherpostretirementbenefitplansnetoftax": 28600000,
        "othercomprehensiveincomelossnetoftax": 17200000,
        "comprehensiveincomenetoftaxincludingportionattributabletononcontrollinginterest": 106000000,
        "othercomprehensiveincomelossnetoftaxportionattributabletononcontrollinginterest": 5200000,
        "comprehensiveincomenetoftax": 98500000
    },
    {
        "date": "2014-12-30",
        "symbol": "APD",
        "period": "Q1",
        "salesrevenuenet": 59600000,
        "costofgoodsandservicessold": 1831000000,
        "sellinggeneralandadministrativeexpense": 258200000,
        "researchanddevelopmentexpense": 35400000,
        "reorganizationandrestructuringactions": 2700000,
        "businesscombinationstepacquisitionequityinterestinacquireeremeasurementgain": 17900000,
        "otherincomeexpensenet": -14100000,
        "operatingincomeloss": 444500000,
        "incomelossfromequitymethodinvestments": 43100000,
        "interestexpense": 29100000,
        "incomelossfromcontinuingoperationsbeforeincometaxesextraordinaryitemsnoncontrollinginterest": 444000000,
        "incometaxexpensebenefit": 106500000,
        "incomelossfromcontinuingoperationsincludingportionattributabletononcontrollinginterest": 337500000,
        "profitloss": 337500000,
        "netincomelossattributabletononcontrollinginterest": 12900000,
        "netincomeloss": 324600000,
        "incomelossfromcontinuingoperations": 324600000,
        "incomelossfromcontinuingoperationsperbasicshare": 1.52,
        "earningspersharebasic": 1.52,
        "incomelossfromcontinuingoperationsperdilutedshare": 1.5,
        "earningspersharediluted": 1.5,
        "weightedaveragenumberofsharesoutstandingbasic": 214200000,
        "weightedaveragenumberofdilutedsharesoutstanding": 216600000,
        "commonstockdividendspersharedeclared": 0.77,
        "othercomprehensiveincomeforeigncurrencytranslationgainlossarisingduringperiodtax": 16100000,
        "othercomprehensiveincomeunrealizedgainlossonderivativesarisingduringperiodtax": -11400000,
        "othercomprehensiveincomelossreclassificationadjustmentfromaocionderivativestax": -5400000,
        "othercomprehensiveincomelossreclassificationadjustmentfromaocipensionandotherpostretirementbenefitplanstax": -10100000,
        "othercomprehensiveincomeforeigncurrencytransactionandtranslationgainlossarisingduringperiodnetoftax": -244400000,
        "othercomprehensiveincomeunrealizedgainlossonderivativesarisingduringperiodnetoftax": -23800000,
        "othercomprehensiveincomelossreclassificationadjustmentfromaocionderivativesnetoftax": -13500000,
        "othercomprehensiveincomelossreclassificationadjustmentfromaocipensionandotherpostretirementbenefitplansnetoftax": 20900000,
        "othercomprehensiveincomelossnetoftax": -10300000,
        "comprehensiveincomenetoftaxincludingportionattributabletononcontrollinginterest": 103700000,
        "othercomprehensiveincomelossnetoftaxportionattributabletononcontrollinginterest": -5100000,
        "comprehensiveincomenetoftax": 95900000
    },
    {
        "date": "2014-06-29",
        "symbol": "APD",
        "period": "Q3",
        "salesrevenuenet": 1567800000,
        "costofgoodsandservicessold": 1918700000,
        "sellinggeneralandadministrativeexpense": 272000000,
        "researchanddevelopmentexpense": 33800000,
        "otherincomeexpensenet": -2700000,
        "operatingincomeloss": 415400000,
        "incomelossfromequitymethodinvestments": 43100000,
        "interestexpense": -700000,
        "incomelossfromcontinuingoperationsbeforeincometaxesextraordinaryitemsnoncontrollinginterest": 425600000,
        "incometaxexpensebenefit": 102100000,
        "incomelossfromcontinuingoperationsincludingportionattributabletononcontrollinginterest": 323500000,
        "profitloss": 323500000,
        "netincomelossattributabletononcontrollinginterest": 9500000,
        "netincomeloss": -20300000,
        "incomelossfromcontinuingoperations": 314000000,
        "incomelossfromcontinuingoperationsperbasicshare": 1.4799999999999998,
        "earningspersharebasic": 1.4799999999999995,
        "incomelossfromcontinuingoperationsperdilutedshare": 1.4599999999999997,
        "earningspersharediluted": 1.46,
        "weightedaveragenumberofsharesoutstandingbasic": 300000,
        "weightedaveragenumberofdilutedsharesoutstanding": 300000,
        "commonstockdividendspersharedeclared": 0.77,
        "othercomprehensiveincomeforeigncurrencytransactionandtranslationgainlossarisingduringperiodnetoftax": 108000000,
        "othercomprehensiveincomeunrealizedgainlossonderivativesarisingduringperiodnetoftax": -16900000,
        "othercomprehensiveincomelossreclassificationadjustmentfromaocionderivativesnetoftax": -900000,
        "othercomprehensiveincomelossreclassificationadjustmentfromaocipensionandotherpostretirementbenefitplansnetoftax": 20300000,
        "othercomprehensiveincomelossnetoftax": 20300000,
        "comprehensiveincomenetoftaxincludingportionattributabletononcontrollinginterest": 435800000,
        "othercomprehensiveincomelossnetoftaxportionattributabletononcontrollinginterest": 0,
        "comprehensiveincomenetoftax": 424100000,
        "othercomprehensiveincomeforeigncurrencytranslationgainlossarisingduringperiodtax": 4000000,
        "othercomprehensiveincomeunrealizedgainlossonderivativesarisingduringperiodtax": -8200000,
        "othercomprehensiveincomelossreclassificationadjustmentfromaocionderivativestax": -200000,
        "othercomprehensiveincomelossreclassificationadjustmentfromaocipensionandotherpostretirementbenefitplanstax": -9500000
    },
    {
        "date": "2014-03-30",
        "symbol": "APD",
        "period": "Q2",
        "salesrevenuenet": 110200000,
        "costofgoodsandservicessold": 1917600000,
        "sellinggeneralandadministrativeexpense": 263400000,
        "researchanddevelopmentexpense": 33200000,
        "otherincomeexpensenet": 11100000,
        "operatingincomeloss": 781600000,
        "incomelossfromequitymethodinvestments": 30400000,
        "interestexpense": -500000,
        "incomelossfromcontinuingoperationsbeforeincometaxesextraordinaryitemsnoncontrollinginterest": 383600000,
        "incometaxexpensebenefit": 92100000,
        "incomelossfromcontinuingoperationsincludingportionattributabletononcontrollinginterest": 291500000,
        "incomelossfromdiscontinuedoperationsnetoftax": 0,
        "profitloss": 291500000,
        "netincomelossattributabletononcontrollinginterest": 8000000,
        "netincomeloss": -20600000,
        "incomelossfromcontinuingoperations": 283500000,
        "incomelossfromdiscontinuedoperationsnetoftaxattributabletoreportingentity": 0,
        "incomelossfromcontinuingoperationsperbasicshare": 1.3299999999999998,
        "incomelossfromdiscontinuedoperationsnetoftaxperbasicshare": 0,
        "earningspersharebasic": 1.33,
        "incomelossfromcontinuingoperationsperdilutedshare": 1.32,
        "incomelossfromdiscontinuedoperationsnetoftaxperdilutedshare": 0,
        "earningspersharediluted": 1.3199999999999998,
        "weightedaveragenumberofsharesoutstandingbasic": 300000,
        "weightedaveragenumberofdilutedsharesoutstanding": 300000,
        "commonstockdividendspersharedeclared": 0.77,
        "othercomprehensiveincomeforeigncurrencytransactionandtranslationgainlossarisingduringperiodnetoftax": -85600000,
        "othercomprehensiveincomeunrealizedgainlossonderivativesarisingduringperiodnetoftax": 4600000,
        "othercomprehensiveincomelossreclassificationadjustmentfromaocionderivativesnetoftax": 10800000,
        "othercomprehensiveincomelossreclassificationadjustmentfromaocipensionandotherpostretirementbenefitplansnetoftax": 20600000,
        "othercomprehensiveincomelossnetoftax": 20600000,
        "comprehensiveincomenetoftaxincludingportionattributabletononcontrollinginterest": 220300000,
        "othercomprehensiveincomelossnetoftaxportionattributabletononcontrollinginterest": 1200000,
        "comprehensiveincomenetoftax": 215800000,
        "othercomprehensiveincomeforeigncurrencytranslationgainlossarisingduringperiodtax": -8100000,
        "othercomprehensiveincomeunrealizedgainlossonderivativesarisingduringperiodtax": 500000,
        "othercomprehensiveincomelossreclassificationadjustmentfromaocionderivativestax": 3600000,
        "othercomprehensiveincomelossreclassificationadjustmentfromaocipensionandotherpostretirementbenefitplanstax": -9600000
    },
    {
        "date": "2013-12-30",
        "symbol": "APD",
        "period": "Q1",
        "salesrevenuenet": 110600000,
        "costofgoodsandservicessold": 1865900000,
        "sellinggeneralandadministrativeexpense": 280900000,
        "researchanddevelopmentexpense": 33500000,
        "otherincomeexpensenet": 11900000,
        "operatingincomeloss": -5200000,
        "incomelossfromequitymethodinvestments": 38200000,
        "interestexpense": -200000,
        "incomelossfromcontinuingoperationsbeforeincometaxesextraordinaryitemsnoncontrollinginterest": 390500000,
        "incometaxexpensebenefit": 94500000,
        "incomelossfromcontinuingoperationsincludingportionattributabletononcontrollinginterest": 296000000,
        "incomelossfromdiscontinuedoperationsnetoftax": 3100000,
        "profitloss": 299100000,
        "netincomelossattributabletononcontrollinginterest": 8900000,
        "netincomeloss": -20000000,
        "incomelossfromcontinuingoperations": 287100000,
        "incomelossfromdiscontinuedoperationsnetoftaxattributabletoreportingentity": 3100000,
        "incomelossfromcontinuingoperationsperbasicshare": 1.36,
        "incomelossfromdiscontinuedoperationsnetoftaxperbasicshare": 0.01,
        "earningspersharebasic": 1.37,
        "incomelossfromcontinuingoperationsperdilutedshare": 1.34,
        "incomelossfromdiscontinuedoperationsnetoftaxperdilutedshare": 0.01,
        "earningspersharediluted": 1.35,
        "weightedaveragenumberofsharesoutstandingbasic": 211800000,
        "weightedaveragenumberofdilutedsharesoutstanding": 214300000,
        "commonstockdividendspersharedeclared": 0.71,
        "othercomprehensiveincomeforeigncurrencytransactionandtranslationgainlossarisingduringperiodnetoftax": 31400000,
        "othercomprehensiveincomeunrealizedgainlossonderivativesarisingduringperiodnetoftax": 13100000,
        "othercomprehensiveincomelossreclassificationadjustmentfromaocionderivativesnetoftax": 11900000,
        "othercomprehensiveincomelossreclassificationadjustmentfromaocipensionandotherpostretirementbenefitplansnetoftax": 20000000,
        "othercomprehensiveincomelossnetoftax": 20000000,
        "comprehensiveincomenetoftaxincludingportionattributabletononcontrollinginterest": 351700000,
        "othercomprehensiveincomelossnetoftaxportionattributabletononcontrollinginterest": -1100000,
        "comprehensiveincomenetoftax": 343900000,
        "othercomprehensiveincomeforeigncurrencytranslationgainlossarisingduringperiodtax": -13600000,
        "othercomprehensiveincomeunrealizedgainlossonderivativesarisingduringperiodtax": 4800000,
        "othercomprehensiveincomelossreclassificationadjustmentfromaocionderivativestax": 4400000,
        "othercomprehensiveincomelossreclassificationadjustmentfromaocipensionandotherpostretirementbenefitplanstax": -9600000
    },
    {
        "date": "2013-06-29",
        "symbol": "APD",
        "period": "Q3",
        "salesrevenuenet": 1124400000,
        "costofgoodsandservicessold": 1875500000,
        "sellinggeneralandadministrativeexpense": 271300000,
        "researchanddevelopmentexpense": 33500000,
        "otherincomeexpensenet": 16100000,
        "operatingincomeloss": 772800000,
        "incomelossfromequitymethodinvestments": 44200000,
        "interestexpense": 35400000,
        "incomelossfromcontinuingoperationsbeforeincometaxesextraordinaryitemsnoncontrollinginterest": 391900000,
        "incometaxexpensebenefit": 94100000,
        "incomelossfromcontinuingoperationsincludingportionattributabletononcontrollinginterest": 297800000,
        "incomelossfromdiscontinuedoperationsnetoftax": 600000,
        "profitloss": 298400000,
        "netincomelossattributabletononcontrollinginterest": 10000000,
        "netincomeloss": 288400000,
        "incomelossfromcontinuingoperations": 287800000,
        "incomelossfromdiscontinuedoperationsnetoftaxattributabletoreportingentity": 600000,
        "incomelossfromcontinuingoperationsperbasicshare": 1.3800000000000001,
        "incomelossfromdiscontinuedoperationsnetoftaxperbasicshare": 0,
        "earningspersharebasic": 1.38,
        "incomelossfromcontinuingoperationsperdilutedshare": 1.36,
        "incomelossfromdiscontinuedoperationsnetoftaxperdilutedshare": -0.01,
        "earningspersharediluted": 1.35,
        "weightedaveragenumberofsharesoutstandingbasic": -209100000,
        "weightedaveragenumberofdilutedsharesoutstanding": -211700000,
        "commonstockdividendspersharedeclared": 0.7100000000000001,
        "othercomprehensiveincomeforeigncurrencytransactionandtranslationgainlossarisingduringperiodnetoftax": -99800000,
        "othercomprehensiveincomeunrealizedgainlossonderivativesarisingduringperiodnetoftax": 12000000,
        "othercomprehensiveincomelossnetoftax": -1400000,
        "comprehensiveincomenetoftaxincludingportionattributabletononcontrollinginterest": 240800000,
        "othercomprehensiveincomelossnetoftaxportionattributabletononcontrollinginterest": -1400000,
        "comprehensiveincomenetoftax": 232200000,
        "othercomprehensiveincomeforeigncurrencytranslationgainlossarisingduringperiodtax": -6800000,
        "othercomprehensiveincomeunrealizedgainlossonderivativesarisingduringperiodtax": 5500000
    },
    {
        "date": "2013-03-30",
        "symbol": "APD",
        "period": "Q2",
        "salesrevenuenet": 179200000,
        "costofgoodsandservicessold": 1813600000,
        "sellinggeneralandadministrativeexpense": 266600000,
        "researchanddevelopmentexpense": 32300000,
        "otherincomeexpensenet": 18000000,
        "operatingincomeloss": 389400000,
        "incomelossfromequitymethodinvestments": 39800000,
        "interestexpense": 35200000,
        "incomelossfromcontinuingoperationsbeforeincometaxesextraordinaryitemsnoncontrollinginterest": 394300000,
        "incometaxexpensebenefit": 95800000,
        "incomelossfromcontinuingoperationsincludingportionattributabletononcontrollinginterest": 298500000,
        "incomelossfromdiscontinuedoperationsnetoftax": 1100000,
        "profitloss": 299600000,
        "netincomelossattributabletononcontrollinginterest": 9200000,
        "netincomeloss": 290400000,
        "incomelossfromcontinuingoperations": 289300000,
        "incomelossfromdiscontinuedoperationsnetoftaxattributabletoreportingentity": 1100000,
        "incomelossfromcontinuingoperationsperbasicshare": 1.38,
        "incomelossfromdiscontinuedoperationsnetoftaxperbasicshare": 0.01,
        "earningspersharebasic": 1.39,
        "incomelossfromcontinuingoperationsperdilutedshare": 1.37,
        "incomelossfromdiscontinuedoperationsnetoftaxperdilutedshare": 0.01,
        "earningspersharediluted": 1.38,
        "weightedaveragenumberofsharesoutstandingbasic": 208400000,
        "weightedaveragenumberofdilutedsharesoutstanding": 211000000,
        "commonstockdividendspersharedeclared": 0.71,
        "othercomprehensiveincomeforeigncurrencytransactionandtranslationgainlossarisingduringperiodnetoftax": -162800000,
        "othercomprehensiveincomeunrealizedgainlossonderivativesarisingduringperiodnetoftax": -2500000,
        "othercomprehensiveincomelossreclassificationadjustmentfromaocionderivativesnetoftax": -6600000,
        "othercomprehensiveincomelossreclassificationadjustmentfromaocipensionandotherpostretirementbenefitplansnetoftax": 24200000,
        "othercomprehensiveincomelossnetoftax": -2800000,
        "comprehensiveincomenetoftaxincludingportionattributabletononcontrollinginterest": 165100000,
        "othercomprehensiveincomelossnetoftaxportionattributabletononcontrollinginterest": -2800000,
        "comprehensiveincomenetoftax": 158700000,
        "othercomprehensiveincomeforeigncurrencytranslationgainlossarisingduringperiodtax": 13300000,
        "othercomprehensiveincomeunrealizedgainlossonderivativesarisingduringperiodtax": -400000,
        "othercomprehensiveincomelossreclassificationadjustmentfromaocionderivativestax": -2300000,
        "othercomprehensiveincomelossreclassificationadjustmentfromaocipensionandotherpostretirementbenefitplanstax": -12900000
    },
    {
        "date": "2012-12-30",
        "symbol": "APD",
        "period": "Q1",
        "salesrevenuenet": 647600000,
        "costofgoodsandservicessold": 1900100000,
        "sellinggeneralandadministrativeexpense": 268200000,
        "researchanddevelopmentexpense": 33300000,
        "otherincomeexpensenet": 11600000,
        "operatingincomeloss": -6400000,
        "incomelossfromequitymethodinvestments": 41400000,
        "interestexpense": 35800000,
        "incomelossfromcontinuingoperationsbeforeincometaxesextraordinaryitemsnoncontrollinginterest": 378000000,
        "incometaxexpensebenefit": 92200000,
        "incomelossfromcontinuingoperationsincludingportionattributabletononcontrollinginterest": 285800000,
        "incomelossfromdiscontinuedoperationsnetoftax": 1400000,
        "profitloss": 287200000,
        "netincomelossattributabletononcontrollinginterest": 8900000,
        "netincomeloss": 278300000,
        "incomelossfromcontinuingoperations": 276900000,
        "incomelossfromdiscontinuedoperationsnetoftaxattributabletoreportingentity": 1400000,
        "incomelossfromcontinuingoperationsperbasicshare": 1.32,
        "incomelossfromdiscontinuedoperationsnetoftaxperbasicshare": 0.01,
        "earningspersharebasic": 1.33,
        "incomelossfromcontinuingoperationsperdilutedshare": 1.3,
        "incomelossfromdiscontinuedoperationsnetoftaxperdilutedshare": 0.01,
        "earningspersharediluted": 1.31,
        "weightedaveragenumberofsharesoutstandingbasic": 210000000,
        "weightedaveragenumberofdilutedsharesoutstanding": 212600000,
        "commonstockdividendspersharedeclared": 0.64,
        "othercomprehensiveincomeforeigncurrencytranslationgainlossarisingduringperiodtax": -13600000,
        "othercomprehensiveincomeunrealizedgainlossonderivativesarisingduringperiodtax": 5800000,
        "othercomprehensiveincomelossreclassificationadjustmentonderivativesincludedinnetincometax": -4500000,
        "othercomprehensiveincomelossreclassificationpensionandotherpostretirementbenefitplansnetgainlossrecognizedinnetperiodicbenefitcosttax": 12900000,
        "othercomprehensiveincomeforeigncurrencytransactionandtranslationgainlossarisingduringperiodnetoftax": 78400000,
        "othercomprehensiveincomeunrealizedgainlossonderivativesarisingduringperiodnetoftax": 16000000,
        "othercomprehensiveincomelossreclassificationadjustmentonderivativesincludedinnetincomenetoftax": -14300000,
        "othercomprehensiveincomereclassificationofdefinedbenefitplansnetgainlossrecognizedinnetperiodicbenefitcostnetoftax": 24400000,
        "othercomprehensiveincomelossnetoftax": 1100000,
        "comprehensiveincomenetoftaxincludingportionattributabletononcontrollinginterest": 391700000,
        "othercomprehensiveincomelossnetoftaxportionattributabletononcontrollinginterest": 1100000,
        "comprehensiveincomenetoftax": 381700000
    },
    {
        "date": "2012-06-29",
        "symbol": "APD",
        "period": "Q3",
        "salesrevenuenet": -1374100000,
        "costofgoodsandservicessold": 1638800000,
        "sellinggeneralandadministrativeexpense": 212600000,
        "researchanddevelopmentexpense": 32400000,
        "otherincomeexpensenet": 11300000,
        "operatingincomeloss": 984900000,
        "incomelossfromequitymethodinvestments": 41700000,
        "interestexpense": 26000000,
        "incomelossfromcontinuingoperationsbeforeincometaxesextraordinaryitemsnoncontrollinginterest": 467600000,
        "incometaxexpensebenefit": 124600000,
        "profitloss": -521700000,
        "netincomelossattributabletononcontrollinginterest": 8000000,
        "netincomeloss": 484500000,
        "earningspersharebasic": 2.29,
        "earningspersharediluted": 2.25,
        "weightedaveragenumberofsharesoutstandingbasic": -210400000,
        "weightedaveragenumberofdilutedsharesoutstanding": -214300000,
        "commonstockdividendspersharedeclared": 0.6400000000000002,
        "othercomprehensiveincomeforeigncurrencytransactionandtranslationgainlossarisingduringperiodnetoftax": -88700000,
        "othercomprehensiveincomeunrealizedgainlossonderivativesarisingduringperiodnetoftax": -3900000,
        "othercomprehensiveincomereclassificationadjustmentonderivativesincludedinnetincomenetoftax": 2200000,
        "othercomprehensiveincomereclassificationofdefinedbenefitplansnetgainlossrecognizedinnetperiodicbenefitcostnetoftax": 16100000,
        "othercomprehensiveincomelossnetoftaxperiodincreasedecrease": -122600000,
        "comprehensiveincomenetoftaxincludingportionattributabletononcontrollinginterest": -644300000,
        "comprehensiveincomenetoftaxattributabletononcontrollinginterest": 6600000,
        "comprehensiveincomenetoftax": 358800000,
        "othercomprehensiveincomeforeigncurrencytranslationgainlossarisingduringperiodtax": 22800000,
        "othercomprehensiveincomeunrealizedgainlossonderivativesarisingduringperiodtax": -4600000,
        "othercomprehensiveincomereclassificationadjustmentonderivativesincludedinnetincometax": 200000,
        "othercomprehensiveincomereclassificationofdefinedbenefitplansnetgainlossrecognizedinnetperiodicbenefitcosttax": -8800000
    },
    {
        "date": "2012-03-30",
        "symbol": "APD",
        "period": "Q2",
        "salesrevenuenet": 783500000,
        "costofgoodsandservicessold": 1715800000,
        "sellinggeneralandadministrativeexpense": 237300000,
        "researchanddevelopmentexpense": 29800000,
        "restructuringcharges": 3800000,
        "otherincomeexpensenet": 13300000,
        "operatingincomeloss": 125400000,
        "incomelossfromequitymethodinvestments": 35500000,
        "interestexpense": 29400000,
        "incomelossfromcontinuingoperationsbeforeincometaxesextraordinaryitemsnoncontrollinginterest": 294000000,
        "incometaxexpensebenefit": 8800000,
        "incomelossfromcontinuingoperationsincludingportionattributabletononcontrollinginterest": 285200000,
        "incomelossfromdiscontinuedoperationsnetoftax": 17000000,
        "profitloss": 296000000,
        "netincomelossattributabletononcontrollinginterest": 6200000,
        "netincomeloss": 296000000,
        "incomelossfromcontinuingoperations": 279000000,
        "incomelossfromdiscontinuedoperationsnetoftaxattributabletoreportingentity": 17000000,
        "incomelossfromcontinuingoperationsperbasicshare": 1.32,
        "incomelossfromdiscontinuedoperationsnetoftaxperbasicshare": 0.08,
        "earningspersharebasic": 1.4,
        "incomelossfromcontinuingoperationsperdilutedshare": 1.3,
        "incomelossfromdiscontinuedoperationsnetoftaxperdilutedshare": 0.08,
        "earningspersharediluted": 1.38,
        "weightedaveragenumberofsharesoutstandingbasic": 211100000,
        "weightedaveragenumberofdilutedsharesoutstanding": 215000000,
        "commonstockdividendspersharedeclared": 0.64,
        "othercomprehensiveincomeforeigncurrencytransactionandtranslationgainlossarisingduringperiodnetoftax": 130400000,
        "othercomprehensiveincomeunrealizedgainlossonderivativesarisingduringperiodnetoftax": -1000000,
        "othercomprehensiveincomereclassificationadjustmentonderivativesincludedinnetincomenetoftax": -2100000,
        "othercomprehensiveincomereclassificationofdefinedbenefitplansnetgainlossrecognizedinnetperiodicbenefitcostnetoftax": 16000000,
        "othercomprehensiveincomelossnetoftaxperiodincreasedecrease": 147500000,
        "comprehensiveincomenetoftaxincludingportionattributabletononcontrollinginterest": 443500000,
        "comprehensiveincomenetoftaxattributabletononcontrollinginterest": 9600000,
        "comprehensiveincomenetoftax": 443500000,
        "othercomprehensiveincomeforeigncurrencytranslationgainlossarisingduringperiodtax": -18000000,
        "othercomprehensiveincomeunrealizedgainlossonderivativesarisingduringperiodtax": 1100000,
        "othercomprehensiveincomereclassificationadjustmentonderivativesincludedinnetincometax": -300000,
        "othercomprehensiveincomereclassificationofdefinedbenefitplansnetgainlossrecognizedinnetperiodicbenefitcosttax": -8900000
    },
    {
        "date": "2011-12-30",
        "symbol": "APD",
        "period": "Q1",
        "salesrevenuenet": 2423100000,
        "costofgoodsandservicessold": 1774300000,
        "sellinggeneralandadministrativeexpense": 248900000,
        "researchanddevelopmentexpense": 28100000,
        "otherincomeexpensenet": 12900000,
        "operatingincomeloss": 111400000,
        "incomelossfromequitymethodinvestments": 37100000,
        "interestexpense": 29400000,
        "incomelossfromcontinuingoperationsbeforeincometaxesextraordinaryitemsnoncontrollinginterest": 392400000,
        "incometaxexpensebenefit": 136100000,
        "profitloss": 248100000,
        "netincomelossattributabletononcontrollinginterest": 8200000,
        "netincomeloss": 248100000,
        "earningspersharebasic": 1.18,
        "earningspersharediluted": 1.16,
        "weightedaveragenumberofsharesoutstandingbasic": 210300000,
        "weightedaveragenumberofdilutedsharesoutstanding": 213900000,
        "commonstockdividendspersharedeclared": 0.58,
        "othercomprehensiveincomeforeigncurrencytransactionandtranslationgainlossarisingduringperiodnetoftax": -39000000,
        "othercomprehensiveincomeunrealizedgainlossonderivativesarisingduringperiodnetoftax": -9200000,
        "othercomprehensiveincomereclassificationadjustmentonderivativesincludedinnetincomenetoftax": -9900000,
        "othercomprehensiveincomereclassificationofdefinedbenefitplansnetgainlossrecognizedinnetperiodicbenefitcostnetoftax": 16100000,
        "othercomprehensiveincomelossnetoftaxperiodincreasedecrease": -22200000,
        "comprehensiveincomenetoftaxincludingportionattributabletononcontrollinginterest": 225900000,
        "comprehensiveincomenetoftaxattributabletononcontrollinginterest": 8900000,
        "comprehensiveincomenetoftax": 225900000,
        "othercomprehensiveincomeforeigncurrencytranslationgainlossarisingduringperiodtax": 14000000,
        "othercomprehensiveincomeunrealizedgainlossonderivativesarisingduringperiodtax": -3400000,
        "othercomprehensiveincomereclassificationadjustmentonderivativesincludedinnetincometax": -4100000,
        "othercomprehensiveincomereclassificationofdefinedbenefitplansnetgainlossrecognizedinnetperiodicbenefitcosttax": -8900000
    },
    {
        "date": "2011-06-29",
        "symbol": "APD",
        "period": "Q3",
        "salesrevenuenet": 2577800000,
        "costofgoodsandservicessold": 1882100000,
        "sellinggeneralandadministrativeexpense": 252900000,
        "researchanddevelopmentexpense": 29300000,
        "otherincomeexpensenet": 3300000,
        "operatingincomeloss": 459500000,
        "incomelossfromequitymethodinvestments": 39700000,
        "interestexpense": 26500000,
        "incometaxexpensebenefit": 103900000,
        "profitloss": 326500000,
        "netincomelossattributabletononcontrollinginterest": 8500000,
        "netincomeloss": 326500000,
        "earningspersharebasic": 1.54,
        "earningspersharediluted": 1.5000000000000004,
        "weightedaveragenumberofsharesoutstandingbasic": -214500000,
        "weightedaveragenumberofdilutedsharesoutstanding": -219600000,
        "commonstockdividendspersharedeclared": 0.5799999999999998,
        "othercomprehensiveincomeforeigncurrencytransactionandtranslationgainlossarisingduringperiodnetoftax": 99300000,
        "othercomprehensiveincomeunrealizedgainlossonderivativesarisingduringperiodnetoftax": 5600000,
        "othercomprehensiveincomeunrealizedholdinggainlossonsecuritiesarisingduringperiodnetoftax": 0,
        "othercomprehensiveincomereclassificationadjustmentonderivativesincludedinnetincomenetoftax": 4900000,
        "othercomprehensiveincomeavailableforsalesecuritiesadjustmentnetoftaxperiodincreasedecrease": 0,
        "othercomprehensiveincomereclassificationofdefinedbenefitplansnetgainlossrecognizedinnetperiodicbenefitcostnetoftax": 16800000,
        "othercomprehensiveincomelossnetoftaxperiodincreasedecrease": 116800000,
        "comprehensiveincomenetoftaxincludingportionattributabletononcontrollinginterest": 443300000,
        "comprehensiveincomenetoftaxattributabletononcontrollinginterest": 11900000,
        "comprehensiveincomenetoftax": 443300000,
        "othercomprehensiveincomeforeigncurrencytranslationgainlossarisingduringperiodtax": 50500000,
        "othercomprehensiveincomeunrealizedgainlossonderivativesarisingduringperiodtax": 4000000,
        "othercomprehensiveincomeunrealizedholdinggainlossonsecuritiesarisingduringperiodtax": -100000,
        "othercomprehensiveincomereclassificationadjustmentonderivativesincludedinnetincometax": 3300000,
        "othercomprehensiveincomeavailableforsalesecuritiestax": 0,
        "othercomprehensiveincomereclassificationofdefinedbenefitplansnetgainlossrecognizedinnetperiodicbenefitcosttax": -8600000
    },
    {
        "date": "2011-03-30",
        "symbol": "APD",
        "period": "Q2",
        "salesrevenuenet": 2501300000,
        "costofgoodsandservicessold": 1802500000,
        "sellinggeneralandadministrativeexpense": 259400000,
        "researchanddevelopmentexpense": 27900000,
        "amortizationofcreditfacilityfeesgainonsaleofstockandacquisitionrelatedcosts": 5000000,
        "otherincomeexpensenet": 13000000,
        "operatingincomeloss": 419500000,
        "incomelossfromequitymethodinvestments": 31700000,
        "interestexpense": 29400000,
        "incomelossfromcontinuingoperationsbeforetaxes": 421800000,
        "incometaxexpensebenefit": 110300000,
        "profitloss": 304300000,
        "netincomelossattributabletononcontrollinginterest": 7200000,
        "netincomeloss": 304300000,
        "earningspersharebasic": 1.42,
        "earningspersharediluted": 1.39,
        "weightedaveragenumberofsharesoutstandingbasic": 213800000,
        "weightedaveragenumberofdilutedsharesoutstanding": 218800000,
        "commonstockdividendspersharedeclared": 0.58,
        "othercomprehensiveincomeforeigncurrencytransactionandtranslationgainlossarisingduringperiodnetoftax": 116300000,
        "othercomprehensiveincomeunrealizedgainlossonderivativesarisingduringperiodnetoftax": 8600000,
        "othercomprehensiveincomeunrealizedholdinggainlossonsecuritiesarisingduringperiodnetoftax": 600000,
        "othercomprehensiveincomereclassificationadjustmentonderivativesincludedinnetincomenetoftax": 1600000,
        "othercomprehensiveincomeavailableforsalesecuritiesadjustmentnetoftaxperiodincreasedecrease": -15900000,
        "othercomprehensiveincomereclassificationofdefinedbenefitplansnetgainlossrecognizedinnetperiodicbenefitcostnetoftax": 17100000,
        "othercomprehensiveincomelossnetoftaxperiodincreasedecrease": 125100000,
        "comprehensiveincomenetoftaxincludingportionattributabletononcontrollinginterest": 429400000,
        "comprehensiveincomenetoftaxattributabletononcontrollinginterest": 7300000,
        "comprehensiveincomenetoftax": 429400000,
        "othercomprehensiveincomeforeigncurrencytranslationgainlossarisingduringperiodtax": -34100000,
        "othercomprehensiveincomeunrealizedgainlossonderivativesarisingduringperiodtax": 5300000,
        "othercomprehensiveincomeunrealizedholdinggainlossonsecuritiesarisingduringperiodtax": -100000,
        "othercomprehensiveincomereclassificationadjustmentonderivativesincludedinnetincometax": 1200000,
        "othercomprehensiveincomeavailableforsalesecuritiestax": -9200000,
        "othercomprehensiveincomereclassificationofdefinedbenefitplansnetgainlossrecognizedinnetperiodicbenefitcosttax": -8800000
    },
    {
        "date": "2010-12-30",
        "symbol": "APD",
        "period": "Q1",
        "salesrevenuenet": 2391700000,
        "costofgoodsandservicessold": 1720500000,
        "sellinggeneralandadministrativeexpense": 244600000,
        "researchanddevelopmentexpense": 29200000,
        "businesscombinationacquisitionrelatedcosts": 43500000,
        "otherincomeexpensenet": 6700000,
        "operatingincomeloss": 360600000,
        "incomelossfromequitymethodinvestments": 27800000,
        "interestexpense": 31000000,
        "incomelossfromcontinuingoperationsbeforetaxes": 357400000,
        "incometaxexpensebenefit": 81500000,
        "profitloss": 268600000,
        "netincomelossattributabletononcontrollinginterest": 7300000,
        "netincomeloss": 268600000,
        "earningspersharebasic": 1.25,
        "earningspersharediluted": 1.23,
        "weightedaveragenumberofsharesoutstandingbasic": 214200000,
        "weightedaveragenumberofdilutedsharesoutstanding": 219200000,
        "commonstockdividendspersharedeclared": 0.49,
        "othercomprehensiveincomeforeigncurrencytransactionandtranslationgainlossarisingduringperiodnetoftax": 40100000,
        "othercomprehensiveincomeunrealizedgainlossonderivativesarisingduringperiodnetoftax": -6100000,
        "othercomprehensiveincomeunrealizedholdinggainlossonsecuritiesarisingduringperiodnetoftax": -5200000,
        "othercomprehensiveincomereclassificationadjustmentonderivativesincludedinnetincomenetoftax": -7000000,
        "othercomprehensiveincomeavailableforsalesecuritiesadjustmentnetoftaxperiodincreasedecrease": -200000,
        "othercomprehensiveincomereclassificationofdefinedbenefitplansnetgainlossrecognizedinnetperiodicbenefitcostnetoftax": 16500000,
        "othercomprehensiveincomelossnetoftaxperiodincreasedecrease": 52100000,
        "comprehensiveincomenetoftaxincludingportionattributabletononcontrollinginterest": 320700000,
        "comprehensiveincomenetoftaxattributabletononcontrollinginterest": 15100000,
        "comprehensiveincomenetoftax": 320700000,
        "othercomprehensiveincomeforeigncurrencytranslationgainlossarisingduringperiodtax": 15200000,
        "othercomprehensiveincomeunrealizedgainlossonderivativesarisingduringperiodtax": -4000000,
        "othercomprehensiveincomeunrealizedholdinggainlossonsecuritiesarisingduringperiodtax": -3100000,
        "othercomprehensiveincomereclassificationadjustmentonderivativesincludedinnetincometax": -4200000,
        "othercomprehensiveincomeavailableforsalesecuritiestax": -100000,
        "othercomprehensiveincomereclassificationofdefinedbenefitplansnetgainlossrecognizedinnetperiodicbenefitcosttax": -8700000
    },
    {
        "date": "2010-06-29",
        "symbol": "APD",
        "period": "Q3",
        "salesrevenuenet": 2252300000,
        "costofgoodsandservicessold": 1611000000,
        "sellinggeneralandadministrativeexpense": 241200000,
        "researchanddevelopmentexpense": 29300000,
        "businesscombinationacquisitionrelatedcosts": 37900000,
        "customerbankruptcy": -1800000,
        "definedbenefitplanrecognizednetgainlossduetosettlements": 6300000,
        "otherincomeexpensenet": 8000000,
        "operatingincomeloss": 336400000,
        "incomelossfromequitymethodinvestments": 32500000,
        "interestexpense": 30000000,
        "incomelossfromcontinuingoperationsbeforetaxes": 338900000,
        "incometaxexpensebenefit": 77600000,
        "incomelossfromcontinuingoperationsincludingportionattributabletononcontrollinginterest": 261300000,
        "profitloss": 253200000,
        "netincomelossattributabletononcontrollinginterest": 8100000,
        "netincomeloss": 253200000,
        "incomelossfromcontinuingoperations": 253200000,
        "incomelossfromcontinuingoperationsperbasicshare": 1.19,
        "earningspersharebasic": 1.19,
        "incomelossfromcontinuingoperationsperdilutedshare": 1.17,
        "earningspersharediluted": 1.17,
        "weightedaveragenumberofsharesoutstandingbasic": 212300000,
        "weightedaveragenumberofdilutedsharesoutstanding": 216900000,
        "commonstockdividendspersharedeclared": 0.49,
        "othercomprehensiveincomeforeigncurrencytransactionandtranslationgainlossarisingduringperiodnetoftax": -193300000,
        "othercomprehensiveincomeunrealizedgainlossonderivativesarisingduringperiodnetoftax": -16000000,
        "othercomprehensiveincomeunrealizedholdinggainlossonsecuritiesarisingduringperiodnetoftax": -2000000,
        "othercomprehensiveincomedefinedbenefitplansnetunamortizedgainlossarisingduringperiodnetoftax": 4100000,
        "othercomprehensiveincomeforeigncurrencytransactionandtranslationreclassificationadjustmentrealizeduponsaleorliquidationnetoftax": -700000,
        "othercomprehensiveincomereclassificationadjustmentonderivativesincludedinnetincomenetoftax": 15700000,
        "othercomprehensiveincomereclassificationofdefinedbenefitplansnetgainlossrecognizedinnetperiodicbenefitcostnetoftax": 16100000,
        "othercomprehensiveincomelossnetoftaxperiodincreasedecrease": -176100000,
        "comprehensiveincomenetoftaxincludingportionattributabletononcontrollinginterest": 77100000,
        "comprehensiveincomenetoftaxattributabletononcontrollinginterest": 5700000,
        "comprehensiveincomenetoftax": 77100000,
        "othercomprehensiveincomeforeigncurrencytranslationgainlossarisingduringperiodtax": 54500000,
        "othercomprehensiveincomeunrealizedgainlossonderivativesarisingduringperiodtax": -9700000,
        "othercomprehensiveincomeunrealizedholdinggainlossonsecuritiesarisingduringperiodtax": -1200000,
        "othercomprehensiveincomedefinedbenefitplansnetunamortizedgainlossarisingduringperiodtax": 2600000,
        "othercomprehensiveincomereclassificationadjustmentonderivativesincludedinnetincometax": 9400000,
        "othercomprehensiveincomereclassificationofdefinedbenefitplansnetgainlossrecognizedinnetperiodicbenefitcosttax": 8700000
    },
    {
        "date": "2010-03-30",
        "symbol": "APD",
        "period": "Q2",
        "salesrevenuenet": 2249000000,
        "costofgoodsandservicessold": 1628700000,
        "sellinggeneralandadministrativeexpense": 240400000,
        "researchanddevelopmentexpense": 26300000,
        "businesscombinationacquisitionrelatedcosts": 23400000,
        "otherincomeexpensenet": 10400000,
        "operatingincomeloss": 340600000,
        "incomelossfromequitymethodinvestments": 32200000,
        "interestexpense": 29500000,
        "incomelossfromcontinuingoperationsbeforetaxes": 343300000,
        "incometaxexpensebenefit": 84900000,
        "incomelossfromcontinuingoperationsincludingportionattributabletononcontrollinginterest": 258400000,
        "profitloss": 258400000,
        "netincomelossattributabletononcontrollinginterest": 6400000,
        "netincomeloss": 252000000,
        "incomelossfromcontinuingoperations": 252000000,
        "incomelossfromcontinuingoperationsperbasicshare": 1.19,
        "earningspersharebasic": 1.19,
        "incomelossfromcontinuingoperationsperdilutedshare": 1.16,
        "earningspersharediluted": 1.16,
        "weightedaveragenumberofsharesoutstandingbasic": 212100000,
        "weightedaveragenumberofdilutedsharesoutstanding": 216900000,
        "commonstockdividendspersharedeclared": 0.49,
        "othercomprehensiveincomeforeigncurrencytranslationgainlossarisingduringperiodtax": 43900000,
        "othercomprehensiveincomeunrealizedgainlossonderivativesarisingduringperiodtax": -3700000,
        "othercomprehensiveincomeunrealizedholdinggainlossonsecuritiesarisingduringperiodtax": 9500000,
        "othercomprehensiveincomereclassificationadjustmentonderivativesincludedinnetincometax": 2800000,
        "othercomprehensiveincomepensionandpostretirementbenefitsreclassificationtax": 6100000,
        "othercomprehensiveincomeforeigncurrencytransactionandtranslationgainlossarisingduringperiodnetoftax": 34400000,
        "othercomprehensiveincomeunrealizedgainlossonderivativesarisingduringperiodnetoftax": -6900000,
        "othercomprehensiveincomeunrealizedholdinggainlossonsecuritiesarisingduringperiodnetoftax": 16400000,
        "othercomprehensiveincomereclassificationadjustmentonderivativesincludedinnetincomenetoftax": 5300000,
        "othercomprehensiveincomepensionandpostretirementbenefitsreclassificationnetoftax": 11300000,
        "othercomprehensiveincomelossnetoftaxperiodincreasedecrease": 60500000,
        "comprehensiveincomenetoftaxincludingportionattributabletononcontrollinginterest": 318900000,
        "comprehensiveincomenetoftaxattributabletononcontrollinginterest": 6100000,
        "comprehensiveincomenetoftax": 312800000
    },
    {
        "date": "2009-12-30",
        "symbol": "APD",
        "period": "Q1",
        "salesrevenuenet": 2173500000,
        "costofgoodsandservicessold": 1568600000,
        "sellinggeneralandadministrativeexpense": 244100000,
        "researchanddevelopmentexpense": 27200000,
        "otherincomeexpensenet": 11400000,
        "operatingincomeloss": 345000000,
        "incomelossfromequitymethodinvestments": 26900000,
        "interestexpense": 31600000,
        "incomelossfromcontinuingoperationsbeforetaxes": 340300000,
        "incometaxexpensebenefit": 83500000,
        "incomelossfromcontinuingoperationsincludingportionattributabletononcontrollinginterest": 256800000,
        "profitloss": 256800000,
        "netincomelossattributabletononcontrollinginterest": 5000000,
        "netincomeloss": 251800000,
        "incomelossfromcontinuingoperations": 251800000,
        "incomelossfromcontinuingoperationsperbasicshare": 1.19,
        "earningspersharebasic": 1.19,
        "incomelossfromcontinuingoperationsperdilutedshare": 1.16,
        "earningspersharediluted": 1.16,
        "weightedaveragenumberofsharesoutstandingbasic": 211700000,
        "weightedaveragenumberofdilutedsharesoutstanding": 217000000,
        "commonstockdividendspersharedeclared": 0.45,
        "othercomprehensiveincomeforeigncurrencytranslationgainlossarisingduringperiodtax": 8300000,
        "othercomprehensiveincomeunrealizedgainlossonderivativesarisingduringperiodtax": -1100000,
        "othercomprehensiveincomeunrealizedholdinggainlossonsecuritiesarisingduringperiodtax": 100000,
        "othercomprehensiveincomereclassificationadjustmentonderivativesincludedinnetincometax": 800000,
        "othercomprehensiveincomepensionandpostretirementbenefitsreclassificationtax": 6500000,
        "othercomprehensiveincomeforeigncurrencytransactionandtranslationgainlossarisingduringperiodnetoftax": 34900000,
        "othercomprehensiveincomeunrealizedgainlossonderivativesarisingduringperiodnetoftax": -2400000,
        "othercomprehensiveincomeunrealizedholdinggainlossonsecuritiesarisingduringperiodnetoftax": 100000,
        "othercomprehensiveincomereclassificationadjustmentonderivativesincludedinnetincomenetoftax": 2500000,
        "othercomprehensiveincomepensionandpostretirementbenefitsreclassificationnetoftax": 12400000,
        "othercomprehensiveincomelossnetoftaxperiodincreasedecrease": 47500000,
        "comprehensiveincomenetoftaxincludingportionattributabletononcontrollinginterest": 304300000,
        "comprehensiveincomenetoftaxattributabletononcontrollinginterest": 5900000,
        "comprehensiveincomenetoftax": 298400000
    }
]