[
    {
        "date": "2024-07-30",
        "symbol": "SNPS",
        "period": "Q3",
        "revenuefromcontractwithcustomerexcludingassessedtax": 1525749000,
        "costofgoodsandservicessold": 96630000,
        "costdepreciationamortizationanddepletion": 14510000,
        "costofrevenue": 290676000,
        "grossprofit": 1235073000,
        "researchanddevelopmentexpense": 508872000,
        "sellingandmarketingexpense": 211491000,
        "generalandadministrativeexpense": 150437000,
        "otherdepreciationandamortization": 4062000,
        "operatingexpenses": 874862000,
        "operatingincomeloss": 360211000,
        "nonoperatingincomeexpense": 31784000,
        "incomelossfromcontinuingoperationsbeforeincometaxesextraordinaryitemsnoncontrollinginterest": 391995000,
        "incometaxexpensebenefit": -30712000,
        "incomelossfromcontinuingoperationsincludingportionattributabletononcontrollinginterest": 422707000,
        "incomelossfromdiscontinuedoperationsnetoftax": -17813000,
        "profitloss": 404894000,
        "netincomelossattributabletononcontrollinginterest": -3161000,
        "netincomeloss": 408055000,
        "incomelossfromcontinuingoperations": 425868000,
        "incomelossfromdiscontinuedoperationsnetoftaxattributabletoreportingentity": -17813000,
        "incomelossfromcontinuingoperationsperbasicshare": 2.78,
        "incomelossfromdiscontinuedoperationsnetoftaxperbasicshare": -0.12,
        "earningspersharebasic": 2.66,
        "incomelossfromcontinuingoperationsperdilutedshare": 2.73,
        "incomelossfromdiscontinuedoperationsnetoftaxperdilutedshare": -0.12,
        "earningspersharediluted": 2.61,
        "weightedaveragenumberofsharesoutstandingbasic": 153417000,
        "weightedaveragenumberofdilutedsharesoutstanding": 156131000,
        "othercomprehensiveincomelossforeigncurrencytransactionandtranslationadjustmentnetoftax": 4913000,
        "othercomprehensiveincomelossavailableforsalesecuritiesadjustmentnetoftax": 885000,
        "othercomprehensiveincomelosscashflowhedgegainlossbeforereclassificationaftertax": 4181000,
        "othercomprehensiveincomelosscashflowhedgegainlossreclassificationaftertax": 2078000,
        "othercomprehensiveincomelossnetoftax": 7901000,
        "comprehensiveincomenetoftaxincludingportionattributabletononcontrollinginterest": 412795000,
        "comprehensiveincomenetoftax": 415956000,
        "othercomprehensiveincomelosscashflowhedgegainlossbeforereclassificationtax": -1989000,
        "othercomprehensiveincomelosscashflowhedgegainlossreclassificationtax": 348000
    },
    {
        "date": "2024-04-29",
        "symbol": "SNPS",
        "period": "Q2",
        "revenuefromcontractwithcustomerexcludingassessedtax": 781714000,
        "costofgoodsandservicessold": 198719000,
        "costdepreciationamortizationanddepletion": 13500000,
        "costofrevenue": 300397000,
        "grossprofit": 1154315000,
        "researchanddevelopmentexpense": 493136000,
        "sellingandmarketingexpense": 209783000,
        "generalandadministrativeexpense": 114763000,
        "otherdepreciationandamortization": 4561000,
        "operatingexpenses": 822243000,
        "operatingincomeloss": 332072000,
        "nonoperatingincomeexpense": 9458000,
        "incomelossfromcontinuingoperationsbeforeincometaxesextraordinaryitemsnoncontrollinginterest": 341530000,
        "incometaxexpensebenefit": 45437000,
        "incomelossfromcontinuingoperationsincludingportionattributabletononcontrollinginterest": 296093000,
        "incomelossfromdiscontinuedoperationsnetoftax": -7004000,
        "profitloss": 289089000,
        "netincomelossattributabletononcontrollinginterest": -3018000,
        "netincomeloss": 292107000,
        "incomelossfromcontinuingoperations": 299111000,
        "incomelossfromdiscontinuedoperationsnetoftaxattributabletoreportingentity": -7004000,
        "incomelossfromcontinuingoperationsperbasicshare": 1.96,
        "incomelossfromdiscontinuedoperationsnetoftaxperbasicshare": -0.05,
        "earningspersharebasic": 1.91,
        "incomelossfromcontinuingoperationsperdilutedshare": 1.92,
        "incomelossfromdiscontinuedoperationsnetoftaxperdilutedshare": -0.04,
        "earningspersharediluted": 1.88,
        "weightedaveragenumberofsharesoutstandingbasic": 152971000,
        "weightedaveragenumberofdilutedsharesoutstanding": 155770000,
        "othercomprehensiveincomelossforeigncurrencytransactionandtranslationadjustmentnetoftax": -18677000,
        "othercomprehensiveincomelossavailableforsalesecuritiesadjustmentnetoftax": -133000,
        "othercomprehensiveincomelosscashflowhedgegainlossbeforereclassificationaftertax": -7135000,
        "othercomprehensiveincomelosscashflowhedgegainlossreclassificationaftertax": -1156000,
        "othercomprehensiveincomelossnetoftax": -24789000,
        "comprehensiveincomenetoftaxincludingportionattributabletononcontrollinginterest": 264300000,
        "comprehensiveincomenetoftax": 267318000,
        "othercomprehensiveincomelosscashflowhedgegainlossbeforereclassificationtax": 3022000,
        "othercomprehensiveincomelosscashflowhedgegainlossreclassificationtax": -741000
    },
    {
        "date": "2023-10-30",
        "symbol": "SNPS",
        "period": "Q4",
        "revenuefromcontractwithcustomerexcludingassessedtax": 1441581000,
        "costofgoodsandservicessold": 296606000,
        "costdepreciationamortizationanddepletion": 19978000,
        "costofrevenue": 332343000,
        "grossprofit": 1266785000,
        "researchanddevelopmentexpense": 488485000,
        "sellingandmarketingexpense": 228982000,
        "generalandadministrativeexpense": 112150000,
        "otherdepreciationandamortization": 8029000,
        "restructuringcharges": -1382000,
        "operatingexpenses": 1661708000,
        "operatingincomeloss": 670920000,
        "nonoperatingincomeexpense": -20830000,
        "incomelossfromcontinuingoperationsbeforeincometaxesextraordinaryitemsnoncontrollinginterest": 409691000,
        "incometaxexpensebenefit": 63196000,
        "profitloss": 346495000,
        "netincomelossattributabletononcontrollinginterest": -2695000,
        "netincomeloss": 629083000,
        "earningspersharebasic": 2.3,
        "earningspersharediluted": 2.24,
        "weightedaveragenumberofsharesoutstandingbasic": 152146000,
        "weightedaveragenumberofdilutedsharesoutstanding": 155195000,
        "othercomprehensiveincomelossforeigncurrencytransactionandtranslationadjustmentnetoftax": -33209000,
        "othercomprehensiveincomelossavailableforsalesecuritiesadjustmentnetoftax": 187000,
        "othercomprehensiveincomelosscashflowhedgegainlossbeforereclassificationaftertax": -18503000,
        "othercomprehensiveincomelosscashflowhedgegainlossreclassificationaftertax": -2395000,
        "othercomprehensiveincomelossnetoftax": -49130000,
        "comprehensiveincomenetoftaxincludingportionattributabletononcontrollinginterest": 297365000,
        "comprehensiveincomenetoftax": 300060000,
        "othercomprehensiveincomelosscashflowhedgegainlossbeforereclassificationtax": 1761000,
        "othercomprehensiveincomelosscashflowhedgegainlossreclassificationtax": -18760000
    },
    {
        "date": "2023-07-30",
        "symbol": "SNPS",
        "period": "Q3",
        "revenuefromcontractwithcustomerexcludingassessedtax": 922874000,
        "costofgoodsandservicessold": 190809000,
        "costdepreciationamortizationanddepletion": 18374000,
        "costofrevenue": 307482000,
        "grossprofit": 1179806000,
        "researchanddevelopmentexpense": 507402000,
        "sellingandmarketingexpense": 227134000,
        "generalandadministrativeexpense": 109714000,
        "otherdepreciationandamortization": 6697000,
        "restructuringcharges": 33385000,
        "operatingexpenses": 884332000,
        "operatingincomeloss": 295474000,
        "nonoperatingincomeexpense": 25808000,
        "incomelossfromcontinuingoperationsbeforeincometaxesextraordinaryitemsnoncontrollinginterest": 321282000,
        "incometaxexpensebenefit": -11773000,
        "profitloss": 333055000,
        "netincomelossattributabletononcontrollinginterest": -3197000,
        "netincomeloss": 336252000,
        "earningspersharebasic": 2.21,
        "earningspersharediluted": 2.17,
        "weightedaveragenumberofsharesoutstandingbasic": 152023000,
        "weightedaveragenumberofdilutedsharesoutstanding": 154947000,
        "othercomprehensiveincomelossforeigncurrencytransactionandtranslationadjustmentnetoftax": -12232000,
        "othercomprehensiveincomelossavailableforsalesecuritiesadjustmentnetoftax": -212000,
        "othercomprehensiveincomelosscashflowhedgegainlossbeforereclassificationaftertax": 5907000,
        "othercomprehensiveincomelosscashflowhedgegainlossreclassificationaftertax": -5250000,
        "othercomprehensiveincomelossnetoftax": -1287000,
        "comprehensiveincomenetoftaxincludingportionattributabletononcontrollinginterest": 331768000,
        "comprehensiveincomenetoftax": 334965000,
        "othercomprehensiveincomelosscashflowhedgegainlossbeforereclassificationtax": 2147000,
        "othercomprehensiveincomelosscashflowhedgegainlossreclassificationtax": 2111000
    },
    {
        "date": "2023-04-29",
        "symbol": "SNPS",
        "period": "Q2",
        "revenuefromcontractwithcustomerexcludingassessedtax": 808196000,
        "costofgoodsandservicessold": 184732000,
        "costdepreciationamortizationanddepletion": 17872000,
        "costofrevenue": 298014000,
        "grossprofit": 1096849000,
        "researchanddevelopmentexpense": 485597000,
        "sellingandmarketingexpense": 222115000,
        "generalandadministrativeexpense": 91083000,
        "otherdepreciationandamortization": 6582000,
        "restructuringcharges": 4140000,
        "operatingexpenses": 809517000,
        "operatingincomeloss": 287332000,
        "nonoperatingincomeexpense": 4253000,
        "incomelossfromcontinuingoperationsbeforeincometaxesextraordinaryitemsnoncontrollinginterest": 291585000,
        "incometaxexpensebenefit": 21637000,
        "profitloss": 269948000,
        "netincomelossattributabletononcontrollinginterest": -2962000,
        "netincomeloss": 272910000,
        "earningspersharebasic": 1.79,
        "earningspersharediluted": 1.76,
        "weightedaveragenumberofsharesoutstandingbasic": 152187000,
        "weightedaveragenumberofdilutedsharesoutstanding": 154730000,
        "othercomprehensiveincomelossforeigncurrencytransactionandtranslationadjustmentnetoftax": -8788000,
        "othercomprehensiveincomelossavailableforsalesecuritiesadjustmentnetoftax": 380000,
        "othercomprehensiveincomelosscashflowhedgegainlossbeforereclassificationaftertax": -4530000,
        "othercomprehensiveincomelosscashflowhedgegainlossreclassificationaftertax": -9274000,
        "othercomprehensiveincomelossnetoftax": -3664000,
        "comprehensiveincomenetoftaxincludingportionattributabletononcontrollinginterest": 266284000,
        "comprehensiveincomenetoftax": 269246000,
        "othercomprehensiveincomelosscashflowhedgegainlossbeforereclassificationtax": 1959000,
        "othercomprehensiveincomelosscashflowhedgegainlossreclassificationtax": 3497000
    },
    {
        "date": "2023-01-30",
        "symbol": "SNPS",
        "period": "Q1",
        "revenuefromcontractwithcustomerexcludingassessedtax": 210981000,
        "costofgoodsandservicessold": 91347000,
        "costdepreciationamortizationanddepletion": 18640000,
        "costofrevenue": 284354000,
        "grossprofit": 1076986000,
        "researchanddevelopmentexpense": 465329000,
        "sellingandmarketingexpense": 210785000,
        "generalandadministrativeexpense": 97364000,
        "otherdepreciationandamortization": 6717000,
        "restructuringcharges": 40859000,
        "operatingexpenses": -4390000,
        "operatingincomeloss": 15533000,
        "nonoperatingincomeexpense": 23292000,
        "incomelossfromcontinuingoperationsbeforeincometaxesextraordinaryitemsnoncontrollinginterest": 279224000,
        "incometaxexpensebenefit": 10597000,
        "profitloss": 268627000,
        "netincomelossattributabletononcontrollinginterest": -2909000,
        "netincomeloss": -8357000,
        "earningspersharebasic": 1.78,
        "earningspersharediluted": 1.75,
        "weightedaveragenumberofsharesoutstandingbasic": 152401000,
        "weightedaveragenumberofdilutedsharesoutstanding": 155076000,
        "othercomprehensiveincomelossforeigncurrencytransactionandtranslationadjustmentnetoftax": 40317000,
        "othercomprehensiveincomelossavailableforsalesecuritiesadjustmentnetoftax": 1158000,
        "othercomprehensiveincomelosscashflowhedgegainlossbeforereclassificationaftertax": 42112000,
        "othercomprehensiveincomelosscashflowhedgegainlossreclassificationaftertax": -8357000,
        "othercomprehensiveincomelossnetoftax": 91944000,
        "comprehensiveincomenetoftaxincludingportionattributabletononcontrollinginterest": 360571000,
        "comprehensiveincomenetoftax": 363480000,
        "othercomprehensiveincomelosscashflowhedgegainlossbeforereclassificationtax": -14807000,
        "othercomprehensiveincomelosscashflowhedgegainlossreclassificationtax": 3099000
    },
    {
        "date": "2022-10-30",
        "symbol": "SNPS",
        "period": "Q4",
        "revenuefromcontractwithcustomerexcludingassessedtax": -215291000,
        "costofgoodsandservicessold": 89313000,
        "costdepreciationamortizationanddepletion": 19791000,
        "costofrevenue": 282721000,
        "grossprofit": 1001571000,
        "researchanddevelopmentexpense": 461618000,
        "sellingandmarketingexpense": 208448000,
        "generalandadministrativeexpense": 107414000,
        "otherdepreciationandamortization": 6718000,
        "restructuringcharges": 43000,
        "operatingexpenses": -11017000,
        "operatingincomeloss": 10714000,
        "nonoperatingincomeexpense": -5244000,
        "incomelossfromcontinuingoperationsbeforeincometaxesextraordinaryitemsnoncontrollinginterest": 212129000,
        "incometaxexpensebenefit": 60572000,
        "profitloss": 151557000,
        "netincomelossattributabletononcontrollinginterest": -1943000,
        "netincomeloss": -3351000,
        "earningspersharebasic": 1.0100000000000007,
        "earningspersharediluted": 0.9800000000000006,
        "weightedaveragenumberofsharesoutstandingbasic": -80000,
        "weightedaveragenumberofdilutedsharesoutstanding": -60000,
        "othercomprehensiveincomelossforeigncurrencytransactionandtranslationadjustmentnetoftax": -44156000,
        "othercomprehensiveincomelossavailableforsalesecuritiesadjustmentnetoftax": -679000,
        "othercomprehensiveincomelossnetoftax": -78784000,
        "comprehensiveincomenetoftaxincludingportionattributabletononcontrollinginterest": 72773000,
        "comprehensiveincomenetoftax": 74716000,
        "othercomprehensiveincomelosscashflowhedgegainlossreclassificationtax": -1841000
    },
    {
        "date": "2022-07-30",
        "symbol": "SNPS",
        "period": "Q3",
        "revenuefromcontractwithcustomerexcludingassessedtax": 754322000,
        "costofgoodsandservicessold": 164077000,
        "costdepreciationamortizationanddepletion": 19330000,
        "costofrevenue": 271181000,
        "grossprofit": 976585000,
        "researchanddevelopmentexpense": 444826000,
        "sellingandmarketingexpense": 199246000,
        "generalandadministrativeexpense": 91461000,
        "otherdepreciationandamortization": 7124000,
        "restructuringcharges": 0,
        "operatingexpenses": 742657000,
        "operatingincomeloss": 233928000,
        "nonoperatingincomeexpense": 2426000,
        "incomelossfromcontinuingoperationsbeforeincometaxesextraordinaryitemsnoncontrollinginterest": 236354000,
        "incometaxexpensebenefit": 16708000,
        "profitloss": 219646000,
        "netincomelossattributabletononcontrollinginterest": -2980000,
        "netincomeloss": 222626000,
        "earningspersharebasic": 1.4500000000000002,
        "earningspersharediluted": 1.43,
        "weightedaveragenumberofsharesoutstandingbasic": -153226000,
        "weightedaveragenumberofdilutedsharesoutstanding": -156895000,
        "othercomprehensiveincomelossforeigncurrencytransactionandtranslationadjustmentnetoftax": -23377000,
        "othercomprehensiveincomelossavailableforsalesecuritiesadjustmentnetoftax": -1000,
        "othercomprehensiveincomelossnetoftax": -42394000,
        "comprehensiveincomenetoftaxincludingportionattributabletononcontrollinginterest": 177252000,
        "comprehensiveincomenetoftax": 180232000,
        "othercomprehensiveincomelosscashflowhedgegainlossreclassificationtax": 631000
    },
    {
        "date": "2022-04-29",
        "symbol": "SNPS",
        "period": "Q2",
        "revenuefromcontractwithcustomerexcludingassessedtax": 723821000,
        "costofgoodsandservicessold": 150690000,
        "costdepreciationamortizationanddepletion": 14455000,
        "costofrevenue": 252811000,
        "grossprofit": 1026418000,
        "researchanddevelopmentexpense": 389964000,
        "sellingandmarketingexpense": 191573000,
        "generalandadministrativeexpense": 73957000,
        "otherdepreciationandamortization": 6912000,
        "restructuringcharges": 311000,
        "operatingexpenses": 662717000,
        "operatingincomeloss": 363701000,
        "nonoperatingincomeexpense": -23913000,
        "incomelossfromcontinuingoperationsbeforeincometaxesextraordinaryitemsnoncontrollinginterest": 339788000,
        "incometaxexpensebenefit": 45896000,
        "profitloss": 293892000,
        "netincomelossattributabletononcontrollinginterest": -889000,
        "netincomeloss": 294781000,
        "earningspersharebasic": 1.93,
        "earningspersharediluted": 1.89,
        "weightedaveragenumberofsharesoutstandingbasic": 153090000,
        "weightedaveragenumberofdilutedsharesoutstanding": 156167000,
        "othercomprehensiveincomelossforeigncurrencytransactionandtranslationadjustmentnetoftax": -39999000,
        "othercomprehensiveincomelossavailableforsalesecuritiesadjustmentnetoftax": -1173000,
        "othercomprehensiveincomedefinedbenefitplansnetunamortizedgainlossarisingduringperiodnetoftax": -21132000,
        "othercomprehensiveincomelosscashflowhedgegainlossafterreclassificationandtax": 662000,
        "othercomprehensiveincomelossnetoftax": -61642000,
        "comprehensiveincomenetoftaxincludingportionattributabletononcontrollinginterest": 232250000,
        "comprehensiveincomenetoftax": 233139000,
        "othercomprehensiveincomedefinedbenefitplansnetunamortizedgainlossarisingduringperiodtax": 9181000,
        "othercomprehensiveincomelosscashflowhedgegainlossreclassificationtax": 170000
    },
    {
        "date": "2022-01-30",
        "symbol": "SNPS",
        "period": "Q1",
        "revenuefromcontractwithcustomerexcludingassessedtax": 707483000,
        "costofgoodsandservicessold": 165399000,
        "costdepreciationamortizationanddepletion": 13360000,
        "costofrevenue": 256984000,
        "grossprofit": 1013271000,
        "researchanddevelopmentexpense": 383971000,
        "sellingandmarketingexpense": 180510000,
        "generalandadministrativeexpense": 81008000,
        "otherdepreciationandamortization": 9000000,
        "restructuringcharges": 11746000,
        "operatingexpenses": 666235000,
        "operatingincomeloss": 347036000,
        "nonoperatingincomeexpense": -19793000,
        "incomelossfromcontinuingoperationsbeforeincometaxesextraordinaryitemsnoncontrollinginterest": 327243000,
        "incometaxexpensebenefit": 13902000,
        "profitloss": 313341000,
        "netincomelossattributabletononcontrollinginterest": -346000,
        "netincomeloss": 313687000,
        "earningspersharebasic": 2.05,
        "earningspersharediluted": 1.99,
        "weightedaveragenumberofsharesoutstandingbasic": 153218000,
        "weightedaveragenumberofdilutedsharesoutstanding": 157273000,
        "othercomprehensiveincomelossforeigncurrencytransactionandtranslationadjustmentnetoftax": -613000,
        "othercomprehensiveincomelossavailableforsalesecuritiesadjustmentnetoftax": -500000,
        "othercomprehensiveincomedefinedbenefitplansnetunamortizedgainlossarisingduringperiodnetoftax": -1585000,
        "othercomprehensiveincomelosscashflowhedgegainlossafterreclassificationandtax": 845000,
        "othercomprehensiveincomelossnetoftax": -1853000,
        "comprehensiveincomenetoftaxincludingportionattributabletononcontrollinginterest": 311488000,
        "comprehensiveincomenetoftax": 311834000,
        "othercomprehensiveincomedefinedbenefitplansnetunamortizedgainlossarisingduringperiodtax": 230000,
        "othercomprehensiveincomelosscashflowhedgegainlossreclassificationtax": -302000
    },
    {
        "date": "2021-10-30",
        "symbol": "SNPS",
        "period": "Q4",
        "revenuefromcontractwithcustomerexcludingassessedtax": -196506000,
        "costofgoodsandservicessold": 68992000,
        "costdepreciationamortizationanddepletion": 13297000,
        "costofrevenue": 234726000,
        "grossprofit": 917693000,
        "researchanddevelopmentexpense": 413864000,
        "sellingandmarketingexpense": 197681000,
        "generalandadministrativeexpense": 88960000,
        "otherdepreciationandamortization": 8646000,
        "operatingexpenses": -1869843000,
        "operatingincomeloss": 13289000,
        "nonoperatingincomeexpense": 8790000,
        "incometaxexpensebenefit": -2059000,
        "profitloss": -198956000,
        "netincomelossattributabletononcontrollinginterest": -310000,
        "netincomeloss": -541510000,
        "earningspersharebasic": 1.3199999999999998,
        "earningspersharediluted": 1.2699999999999998,
        "weightedaveragenumberofsharesoutstandingbasic": -305160000,
        "weightedaveragenumberofdilutedsharesoutstanding": -313921000,
        "othercomprehensiveincomelossforeigncurrencytransactionandtranslationadjustmentnetoftax": 559000,
        "othercomprehensiveincomelossnetoftax": -1193000,
        "comprehensiveincomenetoftaxincludingportionattributabletononcontrollinginterest": 199944000,
        "comprehensiveincomenetoftax": 200254000
    },
    {
        "date": "2021-07-30",
        "symbol": "SNPS",
        "period": "Q3",
        "revenuefromcontractwithcustomerexcludingassessedtax": 192327000,
        "costofgoodsandservicessold": 65604000,
        "costdepreciationamortizationanddepletion": 11870000,
        "costofrevenue": 205066000,
        "grossprofit": 852064000,
        "researchanddevelopmentexpense": 371146000,
        "sellingandmarketingexpense": 171428000,
        "generalandadministrativeexpense": 83846000,
        "otherdepreciationandamortization": 8570000,
        "restructuringcharges": 15100000,
        "operatingexpenses": 650141000,
        "operatingincomeloss": 8654000,
        "nonoperatingincomeexpense": 11414000,
        "incomelossfromcontinuingoperationsbeforeincometaxesminorityinterestandincomelossfromequitymethodinvestments": 213337000,
        "incometaxexpensebenefit": 14945000,
        "profitloss": 198392000,
        "netincomelossattributabletononcontrollinginterest": -254000,
        "netincomeloss": 198646000,
        "earningspersharebasic": 1.3,
        "earningspersharediluted": 1.27,
        "weightedaveragenumberofsharesoutstandingbasic": 152635000,
        "weightedaveragenumberofdilutedsharesoutstanding": 156907000,
        "othercomprehensiveincomelossforeigncurrencytransactionandtranslationadjustmentnetoftax": -5905000,
        "othercomprehensiveincomelossavailableforsalesecuritiesadjustmentnetoftax": 15000,
        "othercomprehensiveincomeunrealizedgainlossonderivativesarisingduringperiodnetoftax": 3664000,
        "othercomprehensiveincomelossreclassificationadjustmentfromaocionderivativesnetoftax": 4830000,
        "othercomprehensiveincomelossnetoftax": -7056000,
        "comprehensiveincomenetoftaxincludingportionattributabletononcontrollinginterest": 191336000,
        "comprehensiveincomenetoftax": 191590000,
        "othercomprehensiveincomeunrealizedgainlossonderivativesarisingduringperiodtax": -909000,
        "othercomprehensiveincomelossreclassificationadjustmentfromaocionderivativestax": -1460000
    },
    {
        "date": "2021-04-29",
        "symbol": "SNPS",
        "period": "Q2",
        "revenuefromcontractwithcustomerexcludingassessedtax": 648794000,
        "costofgoodsandservicessold": 134738000,
        "costdepreciationamortizationanddepletion": 11408000,
        "costofrevenue": 213986000,
        "grossprofit": 810337000,
        "researchanddevelopmentexpense": 362345000,
        "sellingandmarketingexpense": 172754000,
        "generalandadministrativeexpense": 72694000,
        "otherdepreciationandamortization": 8313000,
        "operatingexpenses": 616106000,
        "operatingincomeloss": 194231000,
        "nonoperatingincomeexpense": 21764000,
        "incomelossfromcontinuingoperationsbeforeincometaxesminorityinterestandincomelossfromequitymethodinvestments": 215995000,
        "incometaxexpensebenefit": 21193000,
        "profitloss": 194802000,
        "netincomelossattributabletononcontrollinginterest": -276000,
        "netincomeloss": 195078000,
        "earningspersharebasic": 1.28,
        "earningspersharediluted": 1.24,
        "weightedaveragenumberofsharesoutstandingbasic": 152725000,
        "weightedaveragenumberofdilutedsharesoutstanding": 157077000,
        "othercomprehensiveincomelossforeigncurrencytransactionandtranslationadjustmentnetoftax": -3171000,
        "othercomprehensiveincomeunrealizedgainlossonderivativesarisingduringperiodnetoftax": 1214000,
        "othercomprehensiveincomelossreclassificationadjustmentfromaocionderivativesnetoftax": 4623000,
        "othercomprehensiveincomelossnetoftax": -6580000,
        "comprehensiveincomenetoftaxincludingportionattributabletononcontrollinginterest": 188222000,
        "comprehensiveincomenetoftax": 188498000,
        "othercomprehensiveincomeunrealizedgainlossonderivativesarisingduringperiodtax": 438000,
        "othercomprehensiveincomelossreclassificationadjustmentfromaocionderivativestax": -1463000
    },
    {
        "date": "2021-01-30",
        "symbol": "SNPS",
        "period": "Q1",
        "revenuefromcontractwithcustomerexcludingassessedtax": 631290000,
        "costofgoodsandservicessold": 127347000,
        "costdepreciationamortizationanddepletion": 11886000,
        "costofrevenue": 207999000,
        "grossprofit": 762322000,
        "researchanddevelopmentexpense": 357468000,
        "sellingandmarketingexpense": 170628000,
        "generalandadministrativeexpense": 77488000,
        "otherdepreciationandamortization": 8390000,
        "operatingexpenses": 613974000,
        "operatingincomeloss": 148348000,
        "nonoperatingincomeexpense": 28756000,
        "incomelossfromcontinuingoperationsbeforeincometaxesminorityinterestandincomelossfromequitymethodinvestments": 177104000,
        "incometaxexpensebenefit": 15076000,
        "profitloss": 162028000,
        "netincomelossattributabletononcontrollinginterest": -317000,
        "netincomeloss": 162345000,
        "earningspersharebasic": 1.06,
        "earningspersharediluted": 1.03,
        "weightedaveragenumberofsharesoutstandingbasic": 152498000,
        "weightedaveragenumberofdilutedsharesoutstanding": 157277000,
        "othercomprehensiveincomelossforeigncurrencytransactionandtranslationadjustmentnetoftax": 17932000,
        "othercomprehensiveincomeunrealizedgainlossonderivativesarisingduringperiodnetoftax": 4093000,
        "othercomprehensiveincomelossreclassificationadjustmentfromaocionderivativesnetoftax": 2726000,
        "othercomprehensiveincomelossnetoftax": 19299000,
        "comprehensiveincomenetoftaxincludingportionattributabletononcontrollinginterest": 181327000,
        "comprehensiveincomenetoftax": 181644000,
        "othercomprehensiveincomeunrealizedgainlossonderivativesarisingduringperiodtax": -1405000,
        "othercomprehensiveincomelossreclassificationadjustmentfromaocionderivativestax": -885000
    },
    {
        "date": "2020-10-30",
        "symbol": "SNPS",
        "period": "Q4",
        "othercomprehensiveincomelossforeigncurrencytransactionandtranslationadjustmentnetoftax": 16367000,
        "othercomprehensiveincomeunrealizedgainlossonderivativesarisingduringperiodnetoftax": 3868000,
        "othercomprehensiveincomelossreclassificationadjustmentfromaocionderivativesnetoftax": 1489000,
        "othercomprehensiveincomelossnetoftax": 18746000,
        "comprehensiveincomenetoftax": 216201000,
        "othercomprehensiveincomeunrealizedgainlossonderivativesarisingduringperiodtax": -1369000,
        "othercomprehensiveincomelossreclassificationadjustmentfromaocionderivativestax": -439000,
        "revenuefromcontractwithcustomerexcludingassessedtax": 606598000,
        "costofgoodsandservicessold": 142838000,
        "costdepreciationamortizationanddepletion": 11720000,
        "costofrevenue": 224549000,
        "grossprofit": 800890000,
        "researchanddevelopmentexpense": 339566000,
        "sellingandmarketingexpense": 176499000,
        "generalandadministrativeexpense": 79796000,
        "otherdepreciationandamortization": 9284000,
        "restructuringcharges": -387000,
        "operatingexpenses": 604758000,
        "operatingincomeloss": 196132000,
        "nonoperatingincomeexpense": -4566000,
        "incomelossfromcontinuingoperationsbeforeincometaxesminorityinterestandincomelossfromequitymethodinvestments": 191566000,
        "incometaxexpensebenefit": -4989000,
        "netincomeloss": 197455000,
        "earningspersharebasic": 1.3100000000000005,
        "earningspersharediluted": 1.2699999999999996,
        "weightedaveragenumberofsharesoutstandingbasic": -301058000,
        "weightedaveragenumberofdilutedsharesoutstanding": -309150000
    },
    {
        "date": "2020-07-30",
        "symbol": "SNPS",
        "period": "Q3",
        "netincomeloss": 252911000,
        "othercomprehensiveincomelossforeigncurrencytransactionandtranslationadjustmentnetoftax": 18102000,
        "othercomprehensiveincomeunrealizedgainlossonderivativesarisingduringperiodnetoftax": 12399000,
        "othercomprehensiveincomelossreclassificationadjustmentfromaocionderivativesnetoftax": -709000,
        "othercomprehensiveincomelossnetoftax": 31210000,
        "comprehensiveincomenetoftax": 284121000,
        "othercomprehensiveincomeunrealizedgainlossonderivativesarisingduringperiodtax": -4169000,
        "othercomprehensiveincomelossreclassificationadjustmentfromaocionderivativestax": 134000,
        "revenuefromcontractwithcustomerexcludingassessedtax": 612065000,
        "costofgoodsandservicessold": 118478000,
        "costdepreciationamortizationanddepletion": 13718000,
        "costofrevenue": 193008000,
        "grossprofit": 771126000,
        "researchanddevelopmentexpense": 322602000,
        "sellingandmarketingexpense": 156456000,
        "generalandadministrativeexpense": 73516000,
        "otherdepreciationandamortization": 9931000,
        "restructuringcharges": -1977000,
        "operatingexpenses": 560528000,
        "operatingincomeloss": 210598000,
        "nonoperatingincomeexpense": 26256000,
        "incomelossfromcontinuingoperationsbeforeincometaxesminorityinterestandincomelossfromequitymethodinvestments": 236854000,
        "incometaxexpensebenefit": -16057000,
        "earningspersharebasic": 1.67,
        "earningspersharediluted": 1.62,
        "weightedaveragenumberofsharesoutstandingbasic": 151352000,
        "weightedaveragenumberofdilutedsharesoutstanding": 155973000
    },
    {
        "date": "2020-04-29",
        "symbol": "SNPS",
        "period": "Q2",
        "netincomeloss": 109920000,
        "othercomprehensiveincomelossforeigncurrencytransactionandtranslationadjustmentnetoftax": -10965000,
        "othercomprehensiveincomeunrealizedgainlossonderivativesarisingduringperiodnetoftax": -10085000,
        "othercomprehensiveincomelossreclassificationadjustmentfromaocionderivativesnetoftax": -331000,
        "othercomprehensiveincomelossnetoftax": -20719000,
        "comprehensiveincomenetoftax": 89201000,
        "othercomprehensiveincomeunrealizedgainlossonderivativesarisingduringperiodtax": 2763000,
        "othercomprehensiveincomelossreclassificationadjustmentfromaocionderivativestax": 32000,
        "revenuefromcontractwithcustomerexcludingassessedtax": 590097000,
        "costofgoodsandservicessold": 108207000,
        "costdepreciationamortizationanddepletion": 13845000,
        "costofrevenue": 184265000,
        "grossprofit": 677062000,
        "researchanddevelopmentexpense": 302571000,
        "sellingandmarketingexpense": 146200000,
        "generalandadministrativeexpense": 62474000,
        "otherdepreciationandamortization": 10250000,
        "restructuringcharges": 29672000,
        "operatingexpenses": 551167000,
        "operatingincomeloss": 125895000,
        "nonoperatingincomeexpense": -15729000,
        "incomelossfromcontinuingoperationsbeforeincometaxesminorityinterestandincomelossfromequitymethodinvestments": 110166000,
        "incometaxexpensebenefit": 246000,
        "earningspersharebasic": 0.73,
        "earningspersharediluted": 0.71,
        "weightedaveragenumberofsharesoutstandingbasic": 150597000,
        "weightedaveragenumberofdilutedsharesoutstanding": 154379000
    },
    {
        "date": "2020-01-30",
        "symbol": "SNPS",
        "period": "Q1",
        "netincomeloss": 104061000,
        "othercomprehensiveincomelossforeigncurrencytransactionandtranslationadjustmentnetoftax": 6962000,
        "othercomprehensiveincomeunrealizedgainlossonderivativesarisingduringperiodnetoftax": 1652000,
        "othercomprehensiveincomelossreclassificationadjustmentfromaocionderivativesnetoftax": -522000,
        "othercomprehensiveincomelossnetoftax": 9136000,
        "comprehensiveincomenetoftax": 113197000,
        "othercomprehensiveincomeunrealizedgainlossonderivativesarisingduringperiodtax": -417000,
        "othercomprehensiveincomelossreclassificationadjustmentfromaocionderivativestax": 97000,
        "revenuefromcontractwithcustomerexcludingassessedtax": 556439000,
        "costofgoodsandservicessold": 117784000,
        "costdepreciationamortizationanddepletion": 13169000,
        "costofrevenue": 192868000,
        "grossprofit": 641513000,
        "researchanddevelopmentexpense": 314283000,
        "sellingandmarketingexpense": 152855000,
        "generalandadministrativeexpense": 68744000,
        "otherdepreciationandamortization": 9364000,
        "restructuringcharges": 8751000,
        "operatingexpenses": 553997000,
        "operatingincomeloss": 87516000,
        "nonoperatingincomeexpense": 12057000,
        "incomelossfromcontinuingoperationsbeforeincometaxesminorityinterestandincomelossfromequitymethodinvestments": 99573000,
        "incometaxexpensebenefit": -4488000,
        "earningspersharebasic": 0.69,
        "earningspersharediluted": 0.67,
        "weightedaveragenumberofsharesoutstandingbasic": 150244000,
        "weightedaveragenumberofdilutedsharesoutstanding": 154504000
    },
    {
        "date": "2019-10-30",
        "symbol": "SNPS",
        "period": "Q4",
        "netincomeloss": 188572000,
        "othercomprehensiveincomelossforeigncurrencytransactionandtranslationadjustmentnetoftax": 1427000,
        "othercomprehensiveincomeunrealizedgainlossonderivativesarisingduringperiodnetoftax": -111000,
        "othercomprehensiveincomelossreclassificationadjustmentfromaocionderivativesnetoftax": -2890000,
        "othercomprehensiveincomelossnetoftax": 4206000,
        "comprehensiveincomenetoftax": 164920000,
        "othercomprehensiveincomeunrealizedgainlossonderivativesarisingduringperiodtax": 169000,
        "othercomprehensiveincomelossreclassificationadjustmentfromaocionderivativestax": 684000,
        "revenuefromcontractwithcustomerexcludingassessedtax": 304034000,
        "costofgoodsandservicessold": 170755000,
        "costdepreciationamortizationanddepletion": 13696000,
        "costofrevenue": 182743000,
        "grossprofit": 690682000,
        "researchanddevelopmentexpense": 290503000,
        "sellingandmarketingexpense": 149986000,
        "generalandadministrativeexpense": 63424000,
        "otherdepreciationandamortization": 10080000,
        "restructuringcharges": 13440000,
        "operatingexpenses": 527433000,
        "operatingincomeloss": 163249000,
        "nonoperatingincomeexpense": 1902000,
        "incomelossfromcontinuingoperationsbeforeincometaxesminorityinterestandincomelossfromequitymethodinvestments": 165151000,
        "incometaxexpensebenefit": -23421000,
        "earningspersharebasic": 1.25,
        "earningspersharediluted": 1.2100000000000004,
        "weightedaveragenumberofsharesoutstandingbasic": -299251000,
        "weightedaveragenumberofdilutedsharesoutstanding": -306975000
    },
    {
        "date": "2019-07-30",
        "symbol": "SNPS",
        "period": "Q3",
        "netincomeloss": 99929000,
        "othercomprehensiveincomelossforeigncurrencytransactionandtranslationadjustmentnetoftax": -2123000,
        "othercomprehensiveincomeunrealizedgainlossonderivativesarisingduringperiodnetoftax": -1070000,
        "othercomprehensiveincomelossreclassificationadjustmentfromaocionderivativesnetoftax": -3260000,
        "othercomprehensiveincomelossnetoftax": 67000,
        "comprehensiveincomenetoftax": 99996000,
        "othercomprehensiveincomeunrealizedgainlossonderivativesarisingduringperiodtax": -464000,
        "othercomprehensiveincomelossreclassificationadjustmentfromaocionderivativestax": 702000,
        "revenuefromcontractwithcustomerexcludingassessedtax": 537569000,
        "costofgoodsandservicessold": 113533000,
        "costdepreciationamortizationanddepletion": 13603000,
        "costofrevenue": 186632000,
        "grossprofit": 666338000,
        "researchanddevelopmentexpense": 284804000,
        "sellingandmarketingexpense": 157109000,
        "generalandadministrativeexpense": 67382000,
        "otherdepreciationandamortization": 10111000,
        "restructuringcharges": 19338000,
        "operatingexpenses": 538744000,
        "operatingincomeloss": 127594000,
        "nonoperatingincomeexpense": 5317000,
        "incomelossfromcontinuingoperationsbeforeincometaxesminorityinterestandincomelossfromequitymethodinvestments": 132911000,
        "incometaxexpensebenefit": 32982000,
        "earningspersharebasic": 0.67,
        "earningspersharediluted": 0.65,
        "weightedaveragenumberofsharesoutstandingbasic": 150123000,
        "weightedaveragenumberofdilutedsharesoutstanding": 154600000
    },
    {
        "date": "2019-04-29",
        "symbol": "SNPS",
        "period": "Q2",
        "netincomeloss": 118210000,
        "othercomprehensiveincomelossforeigncurrencytransactionandtranslationadjustmentnetoftax": -3327000,
        "othercomprehensiveincomeunrealizedgainlossonderivativesarisingduringperiodnetoftax": 447000,
        "othercomprehensiveincomelossreclassificationadjustmentfromaocionderivativesnetoftax": -4012000,
        "othercomprehensiveincomelossnetoftax": 1132000,
        "comprehensiveincomenetoftax": 119342000,
        "othercomprehensiveincomeunrealizedgainlossonderivativesarisingduringperiodtax": -123000,
        "othercomprehensiveincomelossreclassificationadjustmentfromaocionderivativestax": 1050000,
        "revenuefromcontractwithcustomerexcludingassessedtax": 558305000,
        "costofgoodsandservicessold": 116010000,
        "costdepreciationamortizationanddepletion": 14881000,
        "costofrevenue": 190679000,
        "grossprofit": 645563000,
        "researchanddevelopmentexpense": 290299000,
        "sellingandmarketingexpense": 158652000,
        "generalandadministrativeexpense": 56351000,
        "otherdepreciationandamortization": 10316000,
        "restructuringcharges": 14443000,
        "operatingexpenses": 530061000,
        "operatingincomeloss": 115502000,
        "nonoperatingincomeexpense": 18415000,
        "incomelossfromcontinuingoperationsbeforeincometaxesminorityinterestandincomelossfromequitymethodinvestments": 133917000,
        "incometaxexpensebenefit": 15707000,
        "earningspersharebasic": 0.79,
        "earningspersharediluted": 0.77,
        "weightedaveragenumberofsharesoutstandingbasic": 149712000,
        "weightedaveragenumberofdilutedsharesoutstanding": 153904000
    },
    {
        "date": "2019-01-30",
        "symbol": "SNPS",
        "period": "Q1",
        "netincomeloss": 125656000,
        "othercomprehensiveincomelossforeigncurrencytransactionandtranslationadjustmentnetoftax": 5383000,
        "othercomprehensiveincomeunrealizedgainlossonderivativesarisingduringperiodnetoftax": 5467000,
        "othercomprehensiveincomelossreclassificationadjustmentfromaocionderivativesnetoftax": -4475000,
        "othercomprehensiveincomelossnetoftax": 15325000,
        "comprehensiveincomenetoftax": 168839000,
        "othercomprehensiveincomeunrealizedgainlossonderivativesarisingduringperiodtax": -1591000,
        "othercomprehensiveincomelossreclassificationadjustmentfromaocionderivativestax": 1236000,
        "revenuefromcontractwithcustomerexcludingassessedtax": 798057000,
        "costofgoodsandservicessold": 58829000,
        "costdepreciationamortizationanddepletion": 17443000,
        "costofrevenue": 192892000,
        "grossprofit": 605165000,
        "researchanddevelopmentexpense": 271326000,
        "sellingandmarketingexpense": 167143000,
        "generalandadministrativeexpense": 42061000,
        "otherdepreciationandamortization": 10784000,
        "restructuringcharges": -35000,
        "operatingexpenses": 491279000,
        "operatingincomeloss": 113886000,
        "nonoperatingincomeexpense": -359000,
        "incomelossfromcontinuingoperationsbeforeincometaxesminorityinterestandincomelossfromequitymethodinvestments": 113527000,
        "incometaxexpensebenefit": -12129000,
        "earningspersharebasic": 0.84,
        "earningspersharediluted": 0.82,
        "weightedaveragenumberofsharesoutstandingbasic": 149288000,
        "weightedaveragenumberofdilutedsharesoutstanding": 152661000
    },
    {
        "date": "2018-10-30",
        "symbol": "SNPS",
        "period": "Q4",
        "netincomeloss": 254328000,
        "othercomprehensiveincomelossforeigncurrencytransactionandtranslationadjustmentnetoftax": -10609000,
        "othercomprehensiveincomeunrealizedgainlossonderivativesarisingduringperiodnetoftax": -9537000,
        "othercomprehensiveincomelossreclassificationadjustmentfromaocionderivativesnetoftax": -1622000,
        "othercomprehensiveincomelossnetoftax": -18524000,
        "comprehensiveincomenetoftax": 235804000,
        "othercomprehensiveincomeunrealizedgainlossonderivativesarisingduringperiodtax": 3312000,
        "othercomprehensiveincomelossreclassificationadjustmentfromaocionderivativestax": 560000,
        "revenues": -587972000,
        "costofrevenue": 190582000,
        "grossprofit": 604500000,
        "researchanddevelopmentexpense": 290875000,
        "sellingandmarketingexpense": 167325000,
        "generalandadministrativeexpense": 63043000,
        "otherdepreciationandamortization": 10704000,
        "restructuringcharges": 11359000,
        "operatingexpenses": 542975000,
        "operatingincomeloss": 61525000,
        "nonoperatingincomeexpense": -9277000,
        "incomelossfromcontinuingoperationsbeforeincometaxesminorityinterestandincomelossfromequitymethodinvestments": 52248000,
        "incometaxexpensebenefit": -127405000,
        "earningspersharebasic": 1.7000000000000002,
        "earningspersharediluted": 1.65,
        "weightedaveragenumberofsharesoutstandingbasic": -297929000,
        "weightedaveragenumberofdilutedsharesoutstanding": -301829000
    },
    {
        "date": "2018-07-30",
        "symbol": "SNPS",
        "period": "Q3",
        "netincomeloss": 79409000,
        "othercomprehensiveincomelossforeigncurrencytransactionandtranslationadjustmentnetoftax": -18231000,
        "othercomprehensiveincomeunrealizedgainlossonderivativesarisingduringperiodnetoftax": -12371000,
        "othercomprehensiveincomelossreclassificationadjustmentfromaocionderivativesnetoftax": 1662000,
        "othercomprehensiveincomelossnetoftax": -32264000,
        "comprehensiveincomenetoftax": 47145000,
        "othercomprehensiveincomeunrealizedgainlossonderivativesarisingduringperiodtax": 2518000,
        "othercomprehensiveincomelossreclassificationadjustmentfromaocionderivativestax": -247000,
        "licenseandmaintenancerevenue": 570053000,
        "licensesrevenue": 99579000,
        "technologyservicesrevenue": 110082000,
        "revenues": 90657000,
        "costofserviceslicensesandmaintenanceagreements": 115437000,
        "technologyservicescosts": 49790000,
        "costofgoodssolddepreciationdepletionandamortization": 20154000,
        "costofrevenue": 185381000,
        "grossprofit": 594333000,
        "researchanddevelopmentexpense": 277402000,
        "sellingandmarketingexpense": 157953000,
        "generalandadministrativeexpense": 84336000,
        "otherdepreciationandamortization": 10651000,
        "restructuringcharges": 23000,
        "operatingexpenses": 530365000,
        "operatingincomeloss": 63968000,
        "nonoperatingincomeexpense": 7925000,
        "incomelossfromcontinuingoperationsbeforeincometaxesminorityinterestandincomelossfromequitymethodinvestments": 71893000,
        "incometaxexpensebenefit": -7516000,
        "earningspersharebasic": 0.53,
        "earningspersharediluted": 0.52,
        "weightedaveragenumberofsharesoutstandingbasic": 148490000,
        "weightedaveragenumberofdilutedsharesoutstanding": 152614000
    },
    {
        "date": "2018-04-29",
        "symbol": "SNPS",
        "period": "Q2",
        "netincomeloss": 102472000,
        "othercomprehensiveincomelossforeigncurrencytransactionandtranslationadjustmentnetoftax": -11122000,
        "othercomprehensiveincomeunrealizedgainlossonderivativesarisingduringperiodnetoftax": -8533000,
        "othercomprehensiveincomelossreclassificationadjustmentfromaocionderivativesnetoftax": 5542000,
        "othercomprehensiveincomelossnetoftax": -25197000,
        "comprehensiveincomenetoftax": 77275000,
        "othercomprehensiveincomeunrealizedgainlossonderivativesarisingduringperiodtax": 2264000,
        "othercomprehensiveincomelossreclassificationadjustmentfromaocionderivativestax": -1195000,
        "licenseandmaintenancerevenue": 556770000,
        "licensesrevenue": 99960000,
        "technologyservicesrevenue": 120106000,
        "revenues": 97014000,
        "costofserviceslicensesandmaintenanceagreements": 108199000,
        "technologyservicescosts": 50130000,
        "costofgoodssolddepreciationdepletionandamortization": 20450000,
        "costofrevenue": 178779000,
        "grossprofit": 598057000,
        "researchanddevelopmentexpense": 252134000,
        "sellingandmarketingexpense": 147188000,
        "generalandadministrativeexpense": 58809000,
        "otherdepreciationandamortization": 10736000,
        "restructuringcharges": 1800000,
        "operatingexpenses": 471043000,
        "operatingincomeloss": 127014000,
        "nonoperatingincomeexpense": -7715000,
        "incomelossfromcontinuingoperationsbeforeincometaxesminorityinterestandincomelossfromequitymethodinvestments": 119299000,
        "incometaxexpensebenefit": 16827000,
        "earningspersharebasic": 0.69,
        "earningspersharediluted": 0.67,
        "weightedaveragenumberofsharesoutstandingbasic": 149034000,
        "weightedaveragenumberofdilutedsharesoutstanding": 153167000
    },
    {
        "date": "2018-01-30",
        "symbol": "SNPS",
        "period": "Q1",
        "netincomeloss": -3691000,
        "othercomprehensiveincomelossforeigncurrencytransactionandtranslationadjustmentnetoftax": 21080000,
        "othercomprehensiveincomeunrealizedgainlossonderivativesarisingduringperiodnetoftax": 13013000,
        "othercomprehensiveincomelossreclassificationadjustmentfromaocionderivativesnetoftax": 5306000,
        "othercomprehensiveincomelossnetoftax": 28787000,
        "comprehensiveincomenetoftax": 25096000,
        "othercomprehensiveincomeunrealizedgainlossonderivativesarisingduringperiodtax": -3419000,
        "othercomprehensiveincomelossreclassificationadjustmentfromaocionderivativestax": -1325000,
        "licenseandmaintenancerevenue": 570933000,
        "licensesrevenue": 91604000,
        "technologyservicesrevenue": 106889000,
        "revenues": 769426000,
        "costofserviceslicensesandmaintenanceagreements": 111394000,
        "technologyservicescosts": 50754000,
        "costofgoodssolddepreciationdepletionandamortization": 19008000,
        "costofrevenue": 181156000,
        "grossprofit": 588270000,
        "researchanddevelopmentexpense": 264411000,
        "sellingandmarketingexpense": 150512000,
        "generalandadministrativeexpense": 56372000,
        "otherdepreciationandamortization": 9539000,
        "restructuringcharges": -282000,
        "operatingexpenses": 480552000,
        "operatingincomeloss": 107718000,
        "nonoperatingincomeexpense": 12385000,
        "incomelossfromcontinuingoperationsbeforeincometaxesminorityinterestandincomelossfromequitymethodinvestments": 120103000,
        "incometaxexpensebenefit": 123794000,
        "earningspersharebasic": -0.02,
        "earningspersharediluted": -0.02,
        "weightedaveragenumberofsharesoutstandingbasic": 149441000,
        "weightedaveragenumberofdilutedsharesoutstanding": 149441000
    },
    {
        "date": "2017-10-30",
        "symbol": "SNPS",
        "period": "Q4",
        "netincomeloss": -120082000,
        "othercomprehensiveincomelossforeigncurrencytransactionandtranslationadjustmentnetoftax": 1967000,
        "othercomprehensiveincomelossavailableforsalesecuritiesadjustmentnetoftax": 15000,
        "othercomprehensiveincomeunrealizedgainlossonderivativesarisingduringperiodnetoftax": 1754000,
        "othercomprehensiveincomelossreclassificationadjustmentfromaocionderivativesnetoftax": 2050000,
        "othercomprehensiveincomelossnetoftax": 1686000,
        "comprehensiveincomenetoftax": -118396000,
        "othercomprehensiveincomeunrealizedgainlossonderivativesarisingduringperiodtax": 537000,
        "othercomprehensiveincomelossreclassificationadjustmentfromaocionderivativestax": -765000,
        "licenseandmaintenancerevenue": 527821000,
        "licensesrevenue": 74894000,
        "revenues": -503022000,
        "costofserviceslicensesandmaintenanceagreements": 108221000,
        "costofgoodssolddepreciationdepletionandamortization": 16389000,
        "costofrevenue": 166864000,
        "grossprofit": 529780000,
        "researchanddevelopmentexpense": 244515000,
        "sellingandmarketingexpense": 154006000,
        "generalandadministrativeexpense": 26190000,
        "otherdepreciationandamortization": 7808000,
        "restructuringcharges": 5595000,
        "operatingexpenses": 438067000,
        "operatingincomeloss": 91713000,
        "nonoperatingincomeexpense": 8213000,
        "incomelossfromcontinuingoperationsbeforeincometaxesminorityinterestandincomelossfromequitymethodinvestments": 99926000,
        "incometaxexpensebenefit": 220008000,
        "earningspersharebasic": -0.7899999999999999,
        "earningspersharediluted": -0.77,
        "weightedaveragenumberofsharesoutstandingbasic": -300923000,
        "weightedaveragenumberofdilutedsharesoutstanding": -309103000
    },
    {
        "date": "2017-07-30",
        "symbol": "SNPS",
        "period": "Q3",
        "netincomeloss": 116751000,
        "othercomprehensiveincomelossforeigncurrencytransactionandtranslationadjustmentnetoftax": 3026000,
        "othercomprehensiveincomelossavailableforsalesecuritiesadjustmentnetoftax": 20000,
        "othercomprehensiveincomeunrealizedgainlossonderivativesarisingduringperiodnetoftax": 8517000,
        "othercomprehensiveincomelossreclassificationadjustmentfromaocionderivativesnetoftax": -22000,
        "othercomprehensiveincomelossnetoftax": 11585000,
        "comprehensiveincomenetoftax": 128336000,
        "othercomprehensiveincomeunrealizedgainlossonderivativesarisingduringperiodtax": -1971000,
        "othercomprehensiveincomelossreclassificationadjustmentfromaocionderivativestax": -232000,
        "licenseandmaintenancerevenue": 503530000,
        "licensesrevenue": 100251000,
        "maintenancerevenue": 91600000,
        "revenues": 80260000,
        "costofserviceslicensesandmaintenanceagreements": 107104000,
        "costofservicesmaintenancecosts": 43828000,
        "costofgoodssolddepreciationdepletionandamortization": 18614000,
        "costofrevenue": 169546000,
        "grossprofit": 525835000,
        "researchanddevelopmentexpense": 228663000,
        "sellingandmarketingexpense": 131520000,
        "generalandadministrativeexpense": 46350000,
        "otherdepreciationandamortization": 7906000,
        "restructuringcharges": 6000000,
        "operatingexpenses": 420465000,
        "operatingincomeloss": 105370000,
        "nonoperatingincomeexpense": 7421000,
        "incomelossfromcontinuingoperationsbeforeincometaxesminorityinterestandincomelossfromequitymethodinvestments": 112791000,
        "incometaxexpensebenefit": -3960000,
        "earningspersharebasic": 0.78,
        "earningspersharediluted": 0.75,
        "weightedaveragenumberofsharesoutstandingbasic": 150214000,
        "weightedaveragenumberofdilutedsharesoutstanding": 154683000
    },
    {
        "date": "2017-04-29",
        "symbol": "SNPS",
        "period": "Q2",
        "netincomeloss": 53306000,
        "othercomprehensiveincomelossforeigncurrencytransactionandtranslationadjustmentnetoftax": 13961000,
        "othercomprehensiveincomelossavailableforsalesecuritiesadjustmentnetoftax": 9000,
        "othercomprehensiveincomeunrealizedgainlossonderivativesarisingduringperiodnetoftax": 4036000,
        "othercomprehensiveincomelossreclassificationadjustmentfromaocionderivativesnetoftax": -1738000,
        "othercomprehensiveincomelossnetoftax": 19744000,
        "comprehensiveincomenetoftax": 73050000,
        "othercomprehensiveincomeunrealizedgainlossonderivativesarisingduringperiodtax": -2265000,
        "othercomprehensiveincomelossreclassificationadjustmentfromaocionderivativestax": 315000,
        "licenseandmaintenancerevenue": 501096000,
        "licensesrevenue": 83450000,
        "maintenancerevenue": 95523000,
        "revenues": 78395000,
        "costofserviceslicensesandmaintenanceagreements": 100907000,
        "costofservicesmaintenancecosts": 41487000,
        "costofgoodssolddepreciationdepletionandamortization": 19634000,
        "costofrevenue": 162028000,
        "grossprofit": 518041000,
        "researchanddevelopmentexpense": 223015000,
        "sellingandmarketingexpense": 137211000,
        "generalandadministrativeexpense": 83438000,
        "otherdepreciationandamortization": 7864000,
        "restructuringcharges": 12900000,
        "operatingexpenses": 464435000,
        "operatingincomeloss": 53606000,
        "nonoperatingincomeexpense": 8414000,
        "incomelossfromcontinuingoperationsbeforeincometaxesminorityinterestandincomelossfromequitymethodinvestments": 62020000,
        "incometaxexpensebenefit": 8714000,
        "earningspersharebasic": 0.35,
        "earningspersharediluted": 0.34,
        "weightedaveragenumberofsharesoutstandingbasic": 150384000,
        "weightedaveragenumberofdilutedsharesoutstanding": 154861000
    },
    {
        "date": "2017-01-30",
        "symbol": "SNPS",
        "period": "Q1",
        "netincomeloss": 86588000,
        "othercomprehensiveincomelossforeigncurrencytransactionandtranslationadjustmentnetoftax": -4661000,
        "othercomprehensiveincomelossavailableforsalesecuritiesadjustmentnetoftax": -63000,
        "othercomprehensiveincomeunrealizedgainlossonderivativesarisingduringperiodnetoftax": 6453000,
        "othercomprehensiveincomelossreclassificationadjustmentfromaocionderivativesnetoftax": -3854000,
        "othercomprehensiveincomelossnetoftax": 5583000,
        "comprehensiveincomenetoftax": 92171000,
        "othercomprehensiveincomeunrealizedgainlossonderivativesarisingduringperiodtax": -681000,
        "othercomprehensiveincomelossreclassificationadjustmentfromaocionderivativestax": 850000,
        "licenseandmaintenancerevenue": 489365000,
        "licensesrevenue": 79609000,
        "maintenancerevenue": 83812000,
        "revenues": 652786000,
        "costofserviceslicensesandmaintenanceagreements": 96971000,
        "costofservicesmaintenancecosts": 37303000,
        "costofgoodssolddepreciationdepletionandamortization": 21472000,
        "costofrevenue": 155746000,
        "grossprofit": 497040000,
        "researchanddevelopmentexpense": 212648000,
        "sellingandmarketingexpense": 126511000,
        "generalandadministrativeexpense": 40866000,
        "otherdepreciationandamortization": 8036000,
        "restructuringcharges": 12105000,
        "operatingexpenses": 400166000,
        "operatingincomeloss": 96874000,
        "nonoperatingincomeexpense": 11487000,
        "incomelossfromcontinuingoperationsbeforeincometaxesminorityinterestandincomelossfromequitymethodinvestments": 108361000,
        "incometaxexpensebenefit": 21773000,
        "earningspersharebasic": 0.57,
        "earningspersharediluted": 0.56,
        "weightedaveragenumberofsharesoutstandingbasic": 150782000,
        "weightedaveragenumberofdilutedsharesoutstanding": 154433000
    },
    {
        "date": "2016-10-30",
        "symbol": "SNPS",
        "period": "Q4",
        "othercomprehensiveincomelossforeigncurrencytransactionandtranslationadjustmentnetoftax": 2881000,
        "othercomprehensiveincomelossavailableforsalesecuritiesadjustmentnetoftax": -45000,
        "othercomprehensiveincomeunrealizedgainlossonderivativesarisingduringperiodnetoftax": -4481000,
        "othercomprehensiveincomelossreclassificationadjustmentfromaocionderivativesnetoftax": -6623000,
        "othercomprehensiveincomelossnetoftax": 4978000,
        "comprehensiveincomenetoftax": 77675000,
        "othercomprehensiveincomeunrealizedgainlossonderivativesarisingduringperiodtax": 1260000,
        "othercomprehensiveincomelossreclassificationadjustmentfromaocionderivativestax": 1613000,
        "licenseandmaintenancerevenue": 483162000,
        "licensesrevenue": 79652000,
        "maintenancerevenue": 70905000,
        "revenues": 75388000,
        "costofserviceslicensesandmaintenanceagreements": 92946000,
        "costofservicesmaintenancecosts": 26691000,
        "costofgoodssolddepreciationdepletionandamortization": 22574000,
        "costofrevenue": 142211000,
        "grossprofit": 491508000,
        "researchanddevelopmentexpense": 221954000,
        "sellingandmarketingexpense": 131494000,
        "generalandadministrativeexpense": 42164000,
        "otherdepreciationandamortization": 6493000,
        "restructuringcharges": 6600000,
        "operatingexpenses": -1165549000,
        "operatingincomeloss": 82757000,
        "nonoperatingincomeexpense": -12140000,
        "incomelossfromcontinuingoperationsbeforeincometaxesminorityinterestandincomelossfromequitymethodinvestments": 82752000,
        "incometaxexpensebenefit": 10055000,
        "earningspersharebasic": 0.4800000000000001,
        "earningspersharediluted": 0.4700000000000001,
        "weightedaveragenumberofsharesoutstandingbasic": -112000,
        "weightedaveragenumberofdilutedsharesoutstanding": 92000
    },
    {
        "date": "2016-07-30",
        "symbol": "SNPS",
        "period": "Q3",
        "othercomprehensiveincomelossforeigncurrencytransactionandtranslationadjustmentnetoftax": -6000,
        "othercomprehensiveincomelossavailableforsalesecuritiesadjustmentnetoftax": 33000,
        "othercomprehensiveincomeunrealizedgainlossonderivativesarisingduringperiodnetoftax": -11693000,
        "othercomprehensiveincomelossreclassificationadjustmentfromaocionderivativesnetoftax": -5174000,
        "othercomprehensiveincomelossnetoftax": -6492000,
        "comprehensiveincomenetoftax": 58226000,
        "othercomprehensiveincomeunrealizedgainlossonderivativesarisingduringperiodtax": 1827000,
        "othercomprehensiveincomelossreclassificationadjustmentfromaocionderivativestax": 1469000,
        "licenseandmaintenancerevenue": 479285000,
        "licensesrevenue": 66885000,
        "maintenancerevenue": 69034000,
        "revenues": -429723000,
        "costofserviceslicensesandmaintenanceagreements": 92042000,
        "costofservicesmaintenancecosts": 23172000,
        "costofgoodssolddepreciationdepletionandamortization": 24463000,
        "costofrevenue": 139677000,
        "grossprofit": 475527000,
        "researchanddevelopmentexpense": 221874000,
        "sellingandmarketingexpense": 127328000,
        "generalandadministrativeexpense": 42548000,
        "otherdepreciationandamortization": 7055000,
        "restructuringcharges": 13000,
        "operatingexpenses": 398805000,
        "operatingincomeloss": 76722000,
        "nonoperatingincomeexpense": 8509000,
        "incomelossfromcontinuingoperationsbeforeincometaxesminorityinterestandincomelossfromequitymethodinvestments": 85231000,
        "incometaxexpensebenefit": 20513000,
        "earningspersharebasic": 0.43000000000000005,
        "earningspersharediluted": 0.42000000000000004,
        "weightedaveragenumberofsharesoutstandingbasic": -153089000,
        "weightedaveragenumberofdilutedsharesoutstanding": -155190000
    },
    {
        "date": "2016-04-29",
        "symbol": "SNPS",
        "period": "Q2",
        "netincomeloss": 69376000,
        "othercomprehensiveincomelossforeigncurrencytransactionandtranslationadjustmentnetoftax": 17388000,
        "othercomprehensiveincomelossavailableforsalesecuritiesadjustmentnetoftax": 106000,
        "othercomprehensiveincomeunrealizedgainlossonderivativesarisingduringperiodnetoftax": 3041000,
        "othercomprehensiveincomelossreclassificationadjustmentfromaocionderivativesnetoftax": -5197000,
        "othercomprehensiveincomelossnetoftax": 25732000,
        "comprehensiveincomenetoftax": 95108000,
        "othercomprehensiveincomeunrealizedgainlossonderivativesarisingduringperiodtax": -2367000,
        "othercomprehensiveincomelossreclassificationadjustmentfromaocionderivativestax": 1790000,
        "licenseandmaintenancerevenue": 484175000,
        "licensesrevenue": 58163000,
        "maintenancerevenue": 62667000,
        "revenues": 73112000,
        "costofserviceslicensesandmaintenanceagreements": 85444000,
        "costofservicesmaintenancecosts": 21631000,
        "costofgoodssolddepreciationdepletionandamortization": 24555000,
        "costofrevenue": 131630000,
        "grossprofit": 473375000,
        "researchanddevelopmentexpense": 216172000,
        "sellingandmarketingexpense": 120926000,
        "generalandadministrativeexpense": 41553000,
        "otherdepreciationandamortization": 7024000,
        "restructuringcharges": 894000,
        "operatingexpenses": 386569000,
        "operatingincomeloss": 86806000,
        "nonoperatingincomeexpense": 10417000,
        "incomelossfromcontinuingoperationsbeforeincometaxesminorityinterestandincomelossfromequitymethodinvestments": 97223000,
        "incometaxexpensebenefit": 27847000,
        "earningspersharebasic": 0.46,
        "earningspersharediluted": 0.45,
        "weightedaveragenumberofsharesoutstandingbasic": 152250000,
        "weightedaveragenumberofdilutedsharesoutstanding": 154536000
    },
    {
        "date": "2016-01-30",
        "symbol": "SNPS",
        "period": "Q1",
        "profitloss": 60035000,
        "othercomprehensiveincomelossforeigncurrencytransactionandtranslationadjustmentnetoftax": -14455000,
        "othercomprehensiveincomelossavailableforsalesecuritiesadjustmentnetoftax": -47000,
        "othercomprehensiveincomeunrealizedgainlossonderivativesarisingduringperiodnetoftax": -12634000,
        "othercomprehensiveincomelossreclassificationadjustmentfromaocionderivativesnetoftax": -3716000,
        "othercomprehensiveincomelossnetoftax": -23420000,
        "comprehensiveincomenetoftax": 36615000,
        "othercomprehensiveincomeunrealizedgainlossonderivativesarisingduringperiodtax": 3652000,
        "othercomprehensiveincomelossreclassificationadjustmentfromaocionderivativestax": 1381000,
        "licenseandmaintenancerevenue": 464280000,
        "licensesrevenue": 43437000,
        "maintenancerevenue": 60887000,
        "revenues": 568604000,
        "costofserviceslicensesandmaintenanceagreements": 76393000,
        "costofservicesmaintenancecosts": 22525000,
        "costofgoodssolddepreciationdepletionandamortization": 30526000,
        "costofrevenue": 129444000,
        "grossprofit": 439160000,
        "researchanddevelopmentexpense": 196705000,
        "sellingandmarketingexpense": 122620000,
        "generalandadministrativeexpense": 39697000,
        "otherdepreciationandamortization": 6935000,
        "restructuringcharges": 2093000,
        "operatingexpenses": 368050000,
        "operatingincomeloss": 71110000,
        "nonoperatingincomeexpense": -6768000,
        "incomelossfromcontinuingoperationsbeforeincometaxesminorityinterestandincomelossfromequitymethodinvestments": 64342000,
        "incometaxexpensebenefit": 4307000,
        "earningspersharebasic": 0.39,
        "earningspersharediluted": 0.39,
        "weightedaveragenumberofsharesoutstandingbasic": 152968000,
        "weightedaveragenumberofdilutedsharesoutstanding": 155283000
    },
    {
        "date": "2015-10-30",
        "symbol": "SNPS",
        "period": "Q4",
        "othercomprehensiveincomelossforeigncurrencytransactionandtranslationadjustmentnetoftax": -9506000,
        "othercomprehensiveincomelossavailableforsalesecuritiesadjustmentnetoftax": -17000,
        "othercomprehensiveincomeunrealizedgainlossonderivativesarisingduringperiodnetoftax": -5093000,
        "othercomprehensiveincomelossreclassificationadjustmentfromaocionderivativesnetoftax": -5106000,
        "othercomprehensiveincomelossnetoftax": -9510000,
        "comprehensiveincomenetoftax": 40252000,
        "othercomprehensiveincomeunrealizedgainlossonderivativesarisingduringperiodtax": 919000,
        "othercomprehensiveincomelossreclassificationadjustmentfromaocionderivativestax": 1878000,
        "licenseandmaintenancerevenue": 467535000,
        "licensesrevenue": 57654000,
        "maintenancerevenue": 61970000,
        "revenues": 73187000,
        "costofserviceslicensesandmaintenanceagreements": 84983000,
        "costofservicesmaintenancecosts": 22998000,
        "costofgoodssolddepreciationdepletionandamortization": 31863000,
        "costofrevenue": 139844000,
        "grossprofit": 447315000,
        "researchanddevelopmentexpense": 208305000,
        "sellingandmarketingexpense": 130671000,
        "generalandadministrativeexpense": 43843000,
        "otherdepreciationandamortization": 6938000,
        "restructuringcharges": 0,
        "operatingexpenses": 389757000,
        "operatingincomeloss": 57558000,
        "nonoperatingincomeexpense": 11416000,
        "incomelossfromcontinuingoperationsbeforeincometaxesminorityinterestandincomelossfromequitymethodinvestments": 55918000,
        "incometaxexpensebenefit": 6156000,
        "earningspersharebasic": 0.32,
        "earningspersharediluted": 0.31,
        "weightedaveragenumberofsharesoutstandingbasic": -155062000,
        "weightedaveragenumberofdilutedsharesoutstanding": -157928000
    },
    {
        "date": "2015-07-30",
        "symbol": "SNPS",
        "period": "Q3",
        "profitloss": 55387000,
        "othercomprehensiveincomelossforeigncurrencytransactionandtranslationadjustmentnetoftax": -10283000,
        "othercomprehensiveincomelossavailableforsalesecuritiesadjustmentnetoftax": -41000,
        "othercomprehensiveincomeunrealizedgainlossonderivativesarisingduringperiodnetoftax": 599000,
        "othercomprehensiveincomelossreclassificationadjustmentfromaocionderivativesnetoftax": -2390000,
        "othercomprehensiveincomelossnetoftax": -7335000,
        "comprehensiveincomenetoftax": 48052000,
        "othercomprehensiveincomeunrealizedgainlossonderivativesarisingduringperiodtax": 675000,
        "othercomprehensiveincomelossreclassificationadjustmentfromaocionderivativestax": 926000,
        "licenseandmaintenancerevenue": 445807000,
        "licensesrevenue": 48878000,
        "maintenancerevenue": 61120000,
        "revenues": 80257000,
        "costofserviceslicensesandmaintenanceagreements": 77516000,
        "costofservicesmaintenancecosts": 25251000,
        "costofgoodssolddepreciationdepletionandamortization": 26704000,
        "costofrevenue": 129471000,
        "grossprofit": 426334000,
        "researchanddevelopmentexpense": 197999000,
        "sellingandmarketingexpense": 116988000,
        "generalandadministrativeexpense": 43925000,
        "otherdepreciationandamortization": 6188000,
        "restructuringcharges": -248000,
        "operatingexpenses": 364852000,
        "operatingincomeloss": 61482000,
        "nonoperatingincomeexpense": 3711000,
        "incomelossfromcontinuingoperationsbeforeincometaxesminorityinterestandincomelossfromequitymethodinvestments": 65193000,
        "incometaxexpensebenefit": 9806000,
        "earningspersharebasic": 0.36,
        "earningspersharediluted": 0.35,
        "weightedaveragenumberofsharesoutstandingbasic": 155533000,
        "weightedaveragenumberofdilutedsharesoutstanding": 158584000
    },
    {
        "date": "2015-04-29",
        "symbol": "SNPS",
        "period": "Q2",
        "profitloss": -72599000,
        "othercomprehensiveincomelossforeigncurrencytransactionandtranslationadjustmentnetoftax": 3675000,
        "othercomprehensiveincomelossavailableforsalesecuritiesadjustmentnetoftax": 13000,
        "othercomprehensiveincomeunrealizedgainlossonderivativesarisingduringperiodnetoftax": -1345000,
        "othercomprehensiveincomelossreclassificationadjustmentfromaocionderivativesnetoftax": -6372000,
        "othercomprehensiveincomelossnetoftax": 8715000,
        "comprehensiveincomenetoftax": 64311000,
        "othercomprehensiveincomeunrealizedgainlossonderivativesarisingduringperiodtax": 668000,
        "othercomprehensiveincomelossreclassificationadjustmentfromaocionderivativestax": 3018000,
        "licenseandmaintenancerevenue": 447844000,
        "licensesrevenue": 44313000,
        "maintenancerevenue": 65047000,
        "revenues": -395135000,
        "costofserviceslicensesandmaintenanceagreements": 70350000,
        "costofservicesmaintenancecosts": 29010000,
        "costofgoodssolddepreciationdepletionandamortization": 25612000,
        "costofrevenue": 124972000,
        "grossprofit": 432232000,
        "researchanddevelopmentexpense": 188315000,
        "sellingandmarketingexpense": 120579000,
        "generalandadministrativeexpense": 40975000,
        "otherdepreciationandamortization": 6436000,
        "restructuringcharges": 36000,
        "operatingexpenses": 356305000,
        "operatingincomeloss": 75927000,
        "nonoperatingincomeexpense": -5099000,
        "incomelossfromcontinuingoperationsbeforeincometaxesminorityinterestandincomelossfromequitymethodinvestments": 83884000,
        "incometaxexpensebenefit": 28288000,
        "earningspersharebasic": 0.36000000000000004,
        "earningspersharediluted": 0.36000000000000004,
        "weightedaveragenumberofsharesoutstandingbasic": 28000,
        "weightedaveragenumberofdilutedsharesoutstanding": 203000
    },
    {
        "date": "2015-01-30",
        "symbol": "SNPS",
        "period": "Q1",
        "profitloss": 65189000,
        "othercomprehensiveincomelossforeigncurrencytransactionandtranslationadjustmentnetoftax": -23453000,
        "othercomprehensiveincomelossavailableforsalesecuritiesadjustmentnetoftax": 17000,
        "othercomprehensiveincomeunrealizedgainlossonderivativesarisingduringperiodnetoftax": -12775000,
        "othercomprehensiveincomelossreclassificationadjustmentfromaocionderivativesnetoftax": -1055000,
        "othercomprehensiveincomelossnetoftax": -35156000,
        "comprehensiveincomenetoftax": 30033000,
        "othercomprehensiveincomeunrealizedgainlossonderivativesarisingduringperiodtax": 4845000,
        "othercomprehensiveincomelossreclassificationadjustmentfromaocionderivativestax": 390000,
        "licenseandmaintenancerevenue": 431026000,
        "licensesrevenue": 46480000,
        "maintenancerevenue": 64537000,
        "revenues": 542043000,
        "costofserviceslicensesandmaintenanceagreements": 70784000,
        "costofservicesmaintenancecosts": 27983000,
        "costofgoodssolddepreciationdepletionandamortization": 25866000,
        "costofrevenue": 124633000,
        "grossprofit": 417410000,
        "researchanddevelopmentexpense": 181610000,
        "sellingandmarketingexpense": 106169000,
        "generalandadministrativeexpense": 36354000,
        "otherdepreciationandamortization": 6442000,
        "restructuringcharges": 15300000,
        "operatingexpenses": 345911000,
        "operatingincomeloss": 71499000,
        "nonoperatingincomeexpense": 5116000,
        "incomelossfromcontinuingoperationsbeforeincometaxesminorityinterestandincomelossfromequitymethodinvestments": 76615000,
        "incometaxexpensebenefit": 11426000,
        "earningspersharebasic": 0.42,
        "earningspersharediluted": 0.41,
        "weightedaveragenumberofsharesoutstandingbasic": 154458000,
        "weightedaveragenumberofdilutedsharesoutstanding": 157206000
    },
    {
        "date": "2014-10-30",
        "symbol": "SNPS",
        "period": "Q4",
        "profitloss": 62455000,
        "othercomprehensiveincomelossforeigncurrencytransactionandtranslationadjustmentnetoftax": -14591000,
        "othercomprehensiveincomeunrealizedgainlossonderivativesarisingduringperiodnetoftax": -7077000,
        "othercomprehensiveincomelossreclassificationadjustmentfromaocionderivativesnetoftax": -1090000,
        "othercomprehensiveincomelossnetoftax": -20578000,
        "comprehensiveincomenetoftax": 41877000,
        "othercomprehensiveincomeunrealizedgainlossonderivativesarisingduringperiodtax": -3875000,
        "othercomprehensiveincomelossreclassificationadjustmentfromaocionderivativestax": 1834000,
        "licenseandmaintenancerevenue": 443620000,
        "licensesrevenue": 33894000,
        "maintenancerevenue": 61498000,
        "revenues": -288592000,
        "costofserviceslicensesandmaintenanceagreements": 69648000,
        "costofservicesmaintenancecosts": 25161000,
        "costofgoodssolddepreciationdepletionandamortization": 26612000,
        "costofrevenue": 121421000,
        "grossprofit": 417591000,
        "researchanddevelopmentexpense": 190373000,
        "sellingandmarketingexpense": 120232000,
        "generalandadministrativeexpense": 42969000,
        "otherdepreciationandamortization": 6517000,
        "operatingexpenses": 360091000,
        "operatingincomeloss": 57500000,
        "nonoperatingincomeexpense": 4628000,
        "incomelossfromcontinuingoperationsbeforeincometaxesminorityinterestandincomelossfromequitymethodinvestments": 62128000,
        "incometaxexpensebenefit": -327000,
        "earningspersharebasic": 0.4000000000000001,
        "earningspersharediluted": 0.38999999999999996,
        "weightedaveragenumberofsharesoutstandingbasic": -308778000,
        "weightedaveragenumberofdilutedsharesoutstanding": -313750000
    },
    {
        "date": "2014-07-30",
        "symbol": "SNPS",
        "period": "Q3",
        "profitloss": 65656000,
        "othercomprehensiveincomelossforeigncurrencytransactionandtranslationadjustmentnetoftax": 1713000,
        "othercomprehensiveincomeunrealizedgainlossonderivativesarisingduringperiodnetoftax": -831000,
        "othercomprehensiveincomelossreclassificationadjustmentfromaocionderivativesnetoftax": 2540000,
        "othercomprehensiveincomelossnetoftax": -1658000,
        "comprehensiveincomenetoftax": 63998000,
        "othercomprehensiveincomeunrealizedgainlossonderivativesarisingduringperiodtax": 311000,
        "othercomprehensiveincomelossreclassificationadjustmentfromaocionderivativestax": -205000,
        "licenseandmaintenancerevenue": 431184000,
        "licensesrevenue": 31594000,
        "maintenancerevenue": 59034000,
        "revenues": 268228000,
        "costofserviceslicensesandmaintenanceagreements": 68573000,
        "costofservicesmaintenancecosts": 20685000,
        "costofgoodssolddepreciationdepletionandamortization": 26272000,
        "costofrevenue": 115530000,
        "grossprofit": 406282000,
        "researchanddevelopmentexpense": 182809000,
        "sellingandmarketingexpense": 112271000,
        "generalandadministrativeexpense": 37438000,
        "otherdepreciationandamortization": 6537000,
        "operatingexpenses": 339055000,
        "operatingincomeloss": 67227000,
        "nonoperatingincomeexpense": 3544000,
        "incomelossfromcontinuingoperationsbeforeincometaxesminorityinterestandincomelossfromequitymethodinvestments": 70771000,
        "incometaxexpensebenefit": 5115000,
        "earningspersharebasic": 0.42,
        "earningspersharediluted": 0.42,
        "weightedaveragenumberofsharesoutstandingbasic": 155194000,
        "weightedaveragenumberofdilutedsharesoutstanding": 157622000
    },
    {
        "date": "2014-04-29",
        "symbol": "SNPS",
        "period": "Q2",
        "licenseandmaintenancerevenue": 424185000,
        "licensesrevenue": 36297000,
        "maintenancerevenue": 57215000,
        "revenues": 144602000,
        "costofserviceslicensesandmaintenanceagreements": 67302000,
        "costofservicesmaintenancecosts": 21109000,
        "costofgoodssolddepreciationdepletionandamortization": 25674000,
        "costofrevenue": 114085000,
        "grossprofit": 403612000,
        "researchanddevelopmentexpense": 178043000,
        "sellingandmarketingexpense": 114784000,
        "generalandadministrativeexpense": 40575000,
        "otherdepreciationandamortization": 6376000,
        "operatingexpenses": 339778000,
        "operatingincomeloss": 63834000,
        "nonoperatingincomeexpense": 4225000,
        "incomelossfromcontinuingoperationsbeforeincometaxesminorityinterestandincomelossfromequitymethodinvestments": 68059000,
        "incometaxexpensebenefit": 4742000,
        "profitloss": 63317000,
        "earningspersharebasic": 0.41,
        "earningspersharediluted": 0.4,
        "weightedaveragenumberofsharesoutstandingbasic": 154572000,
        "weightedaveragenumberofdilutedsharesoutstanding": 157082000,
        "othercomprehensiveincomelossforeigncurrencytransactionandtranslationadjustmentnetoftax": 2634000,
        "othercomprehensiveincomeunrealizedgainlossonderivativesarisingduringperiodnetoftax": 3064000,
        "othercomprehensiveincomelossreclassificationadjustmentfromaocionderivativesnetoftax": -874000,
        "othercomprehensiveincomelossnetoftax": 6572000,
        "comprehensiveincomenetoftax": 69889000,
        "othercomprehensiveincomeunrealizedgainlossonderivativesarisingduringperiodtax": -873000,
        "othercomprehensiveincomelossreclassificationadjustmentfromaocionderivativestax": -1798000
    },
    {
        "date": "2014-01-30",
        "symbol": "SNPS",
        "period": "Q1",
        "licenseandmaintenancerevenue": 400146000,
        "licensesrevenue": 33972000,
        "maintenancerevenue": 44833000,
        "revenues": 114350000,
        "costofserviceslicensesandmaintenanceagreements": 62825000,
        "costofservicesmaintenancecosts": 20271000,
        "costofgoodssolddepreciationdepletionandamortization": 22753000,
        "costofrevenue": 105849000,
        "grossprofit": 373102000,
        "researchanddevelopmentexpense": 167543000,
        "sellingandmarketingexpense": 105792000,
        "generalandadministrativeexpense": 34233000,
        "otherdepreciationandamortization": 5378000,
        "operatingexpenses": 312946000,
        "operatingincomeloss": 60156000,
        "nonoperatingincomeexpense": 11028000,
        "incomelossfromcontinuingoperationsbeforeincometaxesminorityinterestandincomelossfromequitymethodinvestments": 71184000,
        "incometaxexpensebenefit": 3488000,
        "profitloss": 67696000,
        "earningspersharebasic": 0.44,
        "earningspersharediluted": 0.43,
        "weightedaveragenumberofsharesoutstandingbasic": 154066000,
        "weightedaveragenumberofdilutedsharesoutstanding": 156756000,
        "othercomprehensiveincomelossforeigncurrencytransactionandtranslationadjustmentnetoftax": -13849000,
        "othercomprehensiveincomeunrealizedgainlossonderivativesarisingduringperiodnetoftax": -575000,
        "othercomprehensiveincomelossreclassificationadjustmentfromaocionderivativesnetoftax": 3306000,
        "othercomprehensiveincomelossnetoftax": -17730000,
        "comprehensiveincomenetoftax": 49966000,
        "othercomprehensiveincomeunrealizedgainlossonderivativesarisingduringperiodtax": 1329000,
        "othercomprehensiveincomelossreclassificationadjustmentfromaocionderivativestax": 294000
    },
    {
        "date": "2013-10-30",
        "symbol": "SNPS",
        "period": "Q4",
        "licenseandmaintenancerevenue": 412926000,
        "licensesrevenue": 36493000,
        "maintenancerevenue": 55456000,
        "revenues": 132249000,
        "costofserviceslicensesandmaintenanceagreements": 72992000,
        "costofservicesmaintenancecosts": 21264000,
        "costofgoodssolddepreciationdepletionandamortization": 24853000,
        "costofrevenue": 119109000,
        "grossprofit": 385766000,
        "researchanddevelopmentexpense": 175057000,
        "sellingandmarketingexpense": 114913000,
        "generalandadministrativeexpense": 39089000,
        "otherdepreciationandamortization": 5693000,
        "operatingexpenses": 334752000,
        "operatingincomeloss": 51014000,
        "nonoperatingincomeexpense": 8043000,
        "incomelossfromcontinuingoperationsbeforeincometaxesminorityinterestandincomelossfromequitymethodinvestments": 59057000,
        "incometaxexpensebenefit": 2167000,
        "earningspersharebasic": 0.37000000000000005,
        "earningspersharediluted": 0.36000000000000004,
        "weightedaveragenumberofsharesoutstandingbasic": -305588000,
        "weightedaveragenumberofdilutedsharesoutstanding": -311592000,
        "othercomprehensiveincomelossforeigncurrencytransactionandtranslationadjustmentnetoftax": 8020000,
        "othercomprehensiveincomeunrealizedgainlossonderivativesarisingduringperiodnetoftax": 4549000,
        "othercomprehensiveincomelossnetoftax": 11476000,
        "comprehensiveincomenetoftax": 68366000,
        "othercomprehensiveincomeunrealizedgainlossonderivativesarisingduringperiodtax": -337000
    },
    {
        "date": "2013-07-30",
        "symbol": "SNPS",
        "period": "Q3",
        "licenseandmaintenancerevenue": 387088000,
        "licensesrevenue": 39957000,
        "maintenancerevenue": 55900000,
        "revenues": 114710000,
        "costofserviceslicensesandmaintenanceagreements": 69857000,
        "costofservicesmaintenancecosts": 19253000,
        "costofgoodssolddepreciationdepletionandamortization": 26537000,
        "costofrevenue": 115647000,
        "grossprofit": 367298000,
        "researchanddevelopmentexpense": 166668000,
        "sellingandmarketingexpense": 105381000,
        "generalandadministrativeexpense": 34510000,
        "otherdepreciationandamortization": 5744000,
        "operatingexpenses": 312303000,
        "operatingincomeloss": 54995000,
        "nonoperatingincomeexpense": 3177000,
        "incomelossfromcontinuingoperationsbeforeincometaxesminorityinterestandincomelossfromequitymethodinvestments": 58172000,
        "incometaxexpensebenefit": 5875000,
        "netincomeloss": 52297000,
        "earningspersharebasic": 0.34,
        "earningspersharediluted": 0.33,
        "weightedaveragenumberofsharesoutstandingbasic": 153915000,
        "weightedaveragenumberofdilutedsharesoutstanding": 157056000,
        "othercomprehensiveincomelossforeigncurrencytransactionandtranslationadjustmentnetoftax": -6234000,
        "othercomprehensiveincomeunrealizedgainlossonderivativesarisingduringperiodnetoftax": -2189000,
        "othercomprehensiveincomelossreclassificationadjustmentfromaocionderivativesnetoftax": 3741000,
        "othercomprehensiveincomelossnetoftax": -12164000,
        "comprehensiveincomenetoftax": 40133000,
        "othercomprehensiveincomeunrealizedgainlossonderivativesarisingduringperiodtax": 804000,
        "othercomprehensiveincomelossreclassificationadjustmentfromaocionderivativestax": 601000
    },
    {
        "date": "2013-04-29",
        "symbol": "SNPS",
        "period": "Q2",
        "licenseandmaintenancerevenue": 413491000,
        "licensesrevenue": 24779000,
        "maintenancerevenue": 60987000,
        "revenues": 129407000,
        "costofserviceslicensesandmaintenanceagreements": 61569000,
        "costofservicesmaintenancecosts": 19766000,
        "costofgoodssolddepreciationdepletionandamortization": 26398000,
        "costofrevenue": 107733000,
        "grossprofit": 391524000,
        "researchanddevelopmentexpense": 169962000,
        "sellingandmarketingexpense": 103930000,
        "generalandadministrativeexpense": 32254000,
        "otherdepreciationandamortization": 5875000,
        "operatingexpenses": 312021000,
        "operatingincomeloss": 79503000,
        "nonoperatingincomeexpense": 7204000,
        "incomelossfromcontinuingoperationsbeforeincometaxesminorityinterestandincomelossfromequitymethodinvestments": 86707000,
        "incometaxexpensebenefit": 18016000,
        "netincomeloss": 68691000,
        "earningspersharebasic": 0.45,
        "earningspersharediluted": 0.44,
        "weightedaveragenumberofsharesoutstandingbasic": 153515000,
        "weightedaveragenumberofdilutedsharesoutstanding": 156606000,
        "othercomprehensiveincomelossforeigncurrencytransactionandtranslationadjustmentnetoftax": -7670000,
        "othercomprehensiveincomeunrealizedgainlossonderivativesarisingduringperiodnetoftax": -2128000,
        "othercomprehensiveincomelossreclassificationadjustmentonderivativesincludedinnetincomenetoftax": 2010000,
        "othercomprehensiveincomelossnetoftax": -11808000,
        "comprehensiveincomenetoftax": 56883000,
        "othercomprehensiveincomeunrealizedgainlossonderivativesarisingduringperiodtax": 2188000,
        "othercomprehensiveincomelossreclassificationadjustmentonderivativesincludedinnetincometax": -144000
    },
    {
        "date": "2013-01-30",
        "symbol": "SNPS",
        "period": "Q1",
        "licenseandmaintenancerevenue": 385959000,
        "licensesrevenue": 30789000,
        "maintenancerevenue": 58389000,
        "revenues": 108917000,
        "costofserviceslicensesandmaintenanceagreements": 64492000,
        "costofservicesmaintenancecosts": 20055000,
        "costofgoodssolddepreciationdepletionandamortization": 26516000,
        "costofrevenue": 111063000,
        "grossprofit": 364074000,
        "researchanddevelopmentexpense": 157510000,
        "sellingandmarketingexpense": 101758000,
        "generalandadministrativeexpense": 37938000,
        "otherdepreciationandamortization": 5887000,
        "operatingexpenses": 303093000,
        "operatingincomeloss": 60981000,
        "nonoperatingincomeexpense": 10749000,
        "incomelossfromcontinuingoperationsbeforeincometaxesminorityinterestandincomelossfromequitymethodinvestments": 71730000,
        "incometaxexpensebenefit": 1808000,
        "netincomeloss": 69922000,
        "earningspersharebasic": 0.46,
        "earningspersharediluted": 0.45,
        "weightedaveragenumberofsharesoutstandingbasic": 151477000,
        "weightedaveragenumberofdilutedsharesoutstanding": 154531000,
        "othercomprehensiveincomelossforeigncurrencytransactionandtranslationadjustmentnetoftax": -6842000,
        "othercomprehensiveincomeunrealizedgainlossonderivativesarisingduringperiodnetoftax": 5825000,
        "othercomprehensiveincomelossreclassificationadjustmentonderivativesincludedinnetincomenetoftax": 279000,
        "othercomprehensiveincomelossnetoftax": -738000,
        "comprehensiveincomenetoftax": 69184000,
        "othercomprehensiveincomeunrealizedgainlossonderivativesarisingduringperiodtax": 344000,
        "othercomprehensiveincomelossreclassificationadjustmentonderivativesincludedinnetincometax": -56000
    },
    {
        "date": "2012-10-30",
        "symbol": "SNPS",
        "period": "Q4",
        "licenseandmaintenancerevenue": 367038000,
        "licensesrevenue": 28869000,
        "maintenancerevenue": 58306000,
        "revenues": 52491000,
        "costofserviceslicensesandmaintenanceagreements": 60082000,
        "costofservicesmaintenancecosts": 19430000,
        "costofgoodssolddepreciationdepletionandamortization": 23012000,
        "costofrevenue": 102524000,
        "grossprofit": 351689000,
        "researchanddevelopmentexpense": 153568000,
        "sellingandmarketingexpense": 111385000,
        "generalandadministrativeexpense": 41903000,
        "operatingexpenses": 312199000,
        "operatingincomeloss": 39490000,
        "incomelossfromcontinuingoperationsbeforeincometaxesminorityinterestandincomelossfromequitymethodinvestments": 42732000,
        "incometaxexpensebenefit": 13651000,
        "earningspersharebasic": 0.19999999999999996,
        "earningspersharediluted": 0.17999999999999994,
        "weightedaveragenumberofsharesoutstandingbasic": -290744000,
        "weightedaveragenumberofdilutedsharesoutstanding": -296774000,
        "netincomeloss": 29081000
    },
    {
        "date": "2012-07-30",
        "symbol": "SNPS",
        "period": "Q3",
        "licenseandmaintenancerevenue": 362788000,
        "licensesrevenue": 25423000,
        "maintenancerevenue": 55536000,
        "revenues": 98212000,
        "costofserviceslicensesandmaintenanceagreements": 57415000,
        "costofservicesmaintenancecosts": 21218000,
        "costofgoodssolddepreciationdepletionandamortization": 21156000,
        "costofrevenue": 99789000,
        "grossprofit": 343958000,
        "researchanddevelopmentexpense": 143955000,
        "sellingandmarketingexpense": 100004000,
        "generalandadministrativeexpense": 31769000,
        "otherdepreciationandamortization": 4835000,
        "operatingexpenses": 280563000,
        "operatingincomeloss": 63395000,
        "othernonoperatingincomeexpense": -2310000,
        "incomelossfromcontinuingoperationsbeforeincometaxesminorityinterestandincomelossfromequitymethodinvestments": 61085000,
        "incometaxexpensebenefit": -14571000,
        "netincomeloss": 75656000,
        "earningspersharebasic": 0.51,
        "earningspersharediluted": 0.5,
        "weightedaveragenumberofsharesoutstandingbasic": 147801000,
        "weightedaveragenumberofdilutedsharesoutstanding": 150644000
    },
    {
        "date": "2012-04-29",
        "symbol": "SNPS",
        "period": "Q2",
        "licenseandmaintenancerevenue": 363580000,
        "licensesrevenue": 22333000,
        "maintenancerevenue": 46648000,
        "revenues": 58224000,
        "costofserviceslicensesandmaintenanceagreements": 57592000,
        "costofservicesmaintenancecosts": 19215000,
        "costofgoodssolddepreciationdepletionandamortization": 23699000,
        "costofrevenue": 100506000,
        "grossprofit": 332055000,
        "researchanddevelopmentexpense": 151230000,
        "sellingandmarketingexpense": 108836000,
        "generalandadministrativeexpense": 49948000,
        "amortizationofintangibleassets": 4905000,
        "operatingexpenses": 314919000,
        "operatingincomeloss": 17136000,
        "othernonoperatingincomeexpense": 6353000,
        "incomelossfromcontinuingoperationsbeforeincometaxesminorityinterestandincomelossfromequitymethodinvestments": 23489000,
        "incometaxexpensebenefit": 2518000,
        "netincomeloss": 20971000,
        "earningspersharebasic": 0.14,
        "earningspersharediluted": 0.14,
        "weightedaveragenumberofsharesoutstandingbasic": 145948000,
        "weightedaveragenumberofdilutedsharesoutstanding": 149297000
    },
    {
        "date": "2012-01-30",
        "symbol": "SNPS",
        "period": "Q1",
        "licenseandmaintenancerevenue": 355894000,
        "licensesrevenue": 28512000,
        "maintenancerevenue": 41090000,
        "revenues": 197682000,
        "costofserviceslicensesandmaintenanceagreements": 57722000,
        "costofservicesmaintenancecosts": 18744000,
        "costofgoodssolddepreciationdepletionandamortization": 13388000,
        "costofrevenue": 89854000,
        "grossprofit": 335642000,
        "researchanddevelopmentexpense": 132875000,
        "sellingandmarketingexpense": 95404000,
        "generalandadministrativeexpense": 33839000,
        "amortizationofintangibleassets": 3521000,
        "operatingexpenses": 265639000,
        "operatingincomeloss": 70003000,
        "othernonoperatingincomeexpense": 3826000,
        "incomelossfromcontinuingoperationsbeforeincometaxesminorityinterestandincomelossfromequitymethodinvestments": 73829000,
        "incometaxexpensebenefit": 17135000,
        "netincomeloss": 56694000,
        "earningspersharebasic": 0.39,
        "earningspersharediluted": 0.39,
        "weightedaveragenumberofsharesoutstandingbasic": 143882000,
        "weightedaveragenumberofdilutedsharesoutstanding": 147113000
    },
    {
        "date": "2011-10-30",
        "symbol": "SNPS",
        "period": "Q4",
        "licenseandmaintenancerevenue": 323824000,
        "licensesrevenue": 19969000,
        "maintenancerevenue": 46741000,
        "revenues": -221089000,
        "costofserviceslicensesandmaintenanceagreements": 51632000,
        "costofservicesmaintenancecosts": 20445000,
        "costofrevenue": 85385000,
        "grossprofit": 305149000,
        "researchanddevelopmentexpense": 125415000,
        "sellingandmarketingexpense": 93500000,
        "generalandadministrativeexpense": 26373000,
        "amortizationofintangibleassets": 3544000,
        "operatingexpenses": 248832000,
        "operatingincomeloss": 56317000,
        "othernonoperatingincomeexpense": -2762000,
        "incomelossfromcontinuingoperationsbeforeincometaxesminorityinterestandincomelossfromequitymethodinvestments": 53555000,
        "incometaxexpensebenefit": 13613000,
        "netincomeloss": 39942000,
        "earningspersharebasic": 0.27999999999999986,
        "earningspersharediluted": 0.2800000000000001,
        "weightedaveragenumberofsharesoutstandingbasic": -295864000,
        "weightedaveragenumberofdilutedsharesoutstanding": -303911000
    },
    {
        "date": "2011-07-30",
        "symbol": "SNPS",
        "period": "Q3",
        "licenseandmaintenancerevenue": 322147000,
        "licensesrevenue": 19013000,
        "maintenancerevenue": 45635000,
        "revenues": 176811000,
        "costofserviceslicensesandmaintenanceagreements": 52089000,
        "costofservicesmaintenancecosts": 19275000,
        "costofgoodssolddepreciationdepletionandamortization": 13368000,
        "costofrevenue": 84732000,
        "grossprofit": 302063000,
        "researchanddevelopmentexpense": 122547000,
        "sellingandmarketingexpense": 90732000,
        "generalandadministrativeexpense": 27052000,
        "amortizationofintangibleassets": 3553000,
        "operatingexpenses": 243884000,
        "operatingincomeloss": 58179000,
        "othernonoperatingincomeexpense": -2212000,
        "incomelossfromcontinuingoperationsbeforeincometaxesminorityinterestandincomelossfromequitymethodinvestments": 55967000,
        "incometaxexpensebenefit": 3885000,
        "netincomeloss": 52082000,
        "earningspersharebasic": 0.36,
        "earningspersharediluted": 0.35,
        "weightedaveragenumberofsharesoutstandingbasic": 144960000,
        "weightedaveragenumberofdilutedsharesoutstanding": 148045000
    },
    {
        "date": "2011-04-29",
        "symbol": "SNPS",
        "period": "Q2",
        "licenseandmaintenancerevenue": 318762000,
        "licensesrevenue": 25014000,
        "maintenancerevenue": 49894000,
        "revenues": 393670000,
        "costofserviceslicensesandmaintenanceagreements": 51146000,
        "costofservicesmaintenancecosts": 19974000,
        "costsofgoodssoldamortization": 14908000,
        "costofrevenue": 86028000,
        "grossprofit": 307642000,
        "researchanddevelopmentexpense": 123169000,
        "sellingandmarketingexpense": 99562000,
        "generalandadministrativeexpense": 29470000,
        "amortizationofintangibleassets": 3756000,
        "operatingexpenses": 255957000,
        "operatingincomeloss": 51685000,
        "othernonoperatingincomeexpense": 5574000,
        "incomelossfromcontinuingoperationsbeforeincometaxesminorityinterestandincomelossfromequitymethodinvestments": 57259000,
        "incometaxexpensebenefit": -23855000,
        "netincomeloss": 81114000,
        "earningspersharebasic": 0.55,
        "earningspersharediluted": 0.53,
        "weightedaveragenumberofsharesoutstandingbasic": 148461000,
        "weightedaveragenumberofdilutedsharesoutstanding": 152593000
    },
    {
        "date": "2011-01-30",
        "symbol": "SNPS",
        "period": "Q1",
        "licenseandmaintenancerevenue": 295609000,
        "licensesrevenue": 26535000,
        "maintenancerevenue": 42500000,
        "revenues": 364644000,
        "costofserviceslicensesandmaintenanceagreements": 50523000,
        "costofservicesmaintenancecosts": 20547000,
        "costsofgoodssoldamortization": 13235000,
        "costofrevenue": 84305000,
        "grossprofit": 280339000,
        "researchanddevelopmentexpense": 120740000,
        "sellingandmarketingexpense": 79324000,
        "generalandadministrativeexpense": 29865000,
        "amortizationofintangibleassets": 3748000,
        "operatingexpenses": 233677000,
        "operatingincomeloss": 46662000,
        "othernonoperatingincomeexpense": 5670000,
        "incomelossfromcontinuingoperationsbeforeincometaxesminorityinterestandincomelossfromequitymethodinvestments": 52332000,
        "incometaxexpensebenefit": 4106000,
        "netincomeloss": 48226000,
        "earningspersharebasic": 0.32,
        "earningspersharediluted": 0.31,
        "weightedaveragenumberofsharesoutstandingbasic": 149016000,
        "weightedaveragenumberofdilutedsharesoutstanding": 153640000
    },
    {
        "date": "2010-07-30",
        "symbol": "SNPS",
        "period": "Q3",
        "licenseandmaintenancerevenue": 286563000,
        "licensesrevenue": 14650000,
        "maintenancerevenue": 35716000,
        "revenues": 336929000,
        "costofserviceslicensesandmaintenanceagreements": 43996000,
        "costofservicesmaintenancecosts": 14697000,
        "costsofgoodssoldamortization": 8050000,
        "costofrevenue": 66743000,
        "grossprofit": 270186000,
        "researchanddevelopmentexpense": 105649000,
        "sellingandmarketingexpense": 83812000,
        "generalandadministrativeexpense": 27371000,
        "amortizationofintangibleassets": 2561000,
        "operatingexpenses": 219393000,
        "operatingincomeloss": 50793000,
        "othernonoperatingincomeexpense": -3046000,
        "incomelossfromcontinuingoperationsbeforeincometaxesminorityinterestandincomelossfromequitymethodinvestments": 47747000,
        "incometaxexpensebenefit": 8420000,
        "netincomeloss": 39327000,
        "earningspersharebasic": 0.27,
        "earningspersharediluted": 0.26,
        "weightedaveragenumberofsharesoutstandingbasic": 148006000,
        "weightedaveragenumberofdilutedsharesoutstanding": 151106000
    }
]