[
    {
        "date": "2023-11-30",
        "symbol": "ADBE",
        "period": "Q4",
        "revenues": 3923000000,
        "costofrevenue": 102000000,
        "grossprofit": 4414000000,
        "researchanddevelopmentexpensesoftwareexcludingacquiredinprocesscost": 889000000,
        "sellingandmarketingexpense": 1368000000,
        "generalandadministrativeexpense": 372000000,
        "operatingexpensesamortizationofpurchasedintangibles": 42000000,
        "operatingexpenses": 2671000000,
        "operatingincomeloss": 1743000000,
        "interestexpense": 28000000,
        "gainlossoninvestments": 4000000,
        "nonoperatingincomeexpense": 65000000,
        "incomelossfromcontinuingoperationsbeforeincometaxesextraordinaryitemsnoncontrollinginterest": 1808000000,
        "incometaxexpensebenefit": 325000000,
        "netincomeloss": 1483000000,
        "earningspersharebasic": 3.2500000000000004,
        "earningspersharediluted": 3.2299999999999995,
        "othercomprehensiveincomeunrealizedholdinggainlossonsecuritiesarisingduringperiodnetoftax": 5000000,
        "othercomprehensiveincomelosscashflowhedgegainlossreclassificationaftertax": 3000000,
        "othercomprehensiveincomelosscashflowhedgegainlossafterreclassificationandtax": -15000000,
        "othercomprehensiveincomelossforeigncurrencytransactionandtranslationadjustmentnetoftax": 10000000,
        "othercomprehensiveincomelossnetoftax": 0,
        "comprehensiveincomenetoftax": 1483000000
    },
    {
        "date": "2023-08-31",
        "symbol": "ADBE",
        "period": "Q3",
        "subscriptionrevenue": 13462000000,
        "productrevenue": 96000000,
        "servicesandotherrevenue": 163000000,
        "revenues": 12934000000,
        "costofsubscriptionrevenue": 447000000,
        "costofproductrevenue": 7000000,
        "costofservicesandotherrevenue": 126000000,
        "costofrevenue": 1677000000,
        "grossprofit": 12517000000,
        "researchanddevelopmentexpensesoftwareexcludingacquiredinprocesscost": 881000000,
        "sellingandmarketingexpense": 1337000000,
        "generalandadministrativeexpense": 353000000,
        "operatingexpensesamortizationofpurchasedintangibles": 42000000,
        "operatingexpenses": 2613000000,
        "operatingincomeloss": 1697000000,
        "interestexpense": 27000000,
        "gainlossoninvestments": 6000000,
        "othernonoperatingincomeexpense": 67000000,
        "nonoperatingincomeexpense": 46000000,
        "incomelossfromcontinuingoperationsbeforeincometaxesextraordinaryitemsnoncontrollinginterest": 1743000000,
        "incometaxexpensebenefit": 340000000,
        "netincomeloss": 1403000000,
        "earningspersharebasic": 3.069999999999999,
        "weightedaveragenumberofsharesoutstandingbasic": 0,
        "earningspersharediluted": 3.05,
        "weightedaveragenumberofdilutedsharesoutstanding": 0,
        "othercomprehensiveincomeunrealizedholdinggainlossonsecuritiesarisingduringperiodnetoftax": 5000000,
        "othercomprehensiveincomelosscashflowhedgegainlossreclassificationaftertax": 4000000,
        "othercomprehensiveincomelosscashflowhedgegainlossafterreclassificationandtax": 5000000,
        "othercomprehensiveincomelossforeigncurrencytransactionandtranslationadjustmentnetoftax": 2000000,
        "othercomprehensiveincomelossnetoftax": 12000000,
        "comprehensiveincomenetoftax": 1415000000
    },
    {
        "date": "2023-06-01",
        "symbol": "ADBE",
        "period": "Q2",
        "subscriptionrevenue": 29000000,
        "productrevenue": 130000000,
        "servicesandotherrevenue": 169000000,
        "revenues": 724000000,
        "costofsubscriptionrevenue": 436000000,
        "costofproductrevenue": 8000000,
        "costofservicesandotherrevenue": 128000000,
        "costofrevenue": 21000000,
        "grossprofit": 62000000,
        "researchanddevelopmentexpensesoftwareexcludingacquiredinprocesscost": 876000000,
        "sellingandmarketingexpense": 1345000000,
        "generalandadministrativeexpense": 357000000,
        "operatingexpensesamortizationofpurchasedintangibles": 42000000,
        "operatingexpenses": 2620000000,
        "operatingincomeloss": 1624000000,
        "interestexpense": 26000000,
        "gainlossoninvestments": 5000000,
        "othernonoperatingincomeexpense": 47000000,
        "nonoperatingincomeexpense": 26000000,
        "incomelossfromcontinuingoperationsbeforeincometaxesextraordinaryitemsnoncontrollinginterest": 1650000000,
        "incometaxexpensebenefit": 355000000,
        "netincomeloss": 1295000000,
        "earningspersharebasic": 2.8299999999999996,
        "weightedaveragenumberofsharesoutstandingbasic": -1000000,
        "earningspersharediluted": 2.83,
        "weightedaveragenumberofdilutedsharesoutstanding": -1000000,
        "othercomprehensiveincomeunrealizedholdinggainlossonsecuritiesarisingduringperiodnetoftax": 7000000,
        "othercomprehensiveincomelosscashflowhedgegainlossbeforereclassificationaftertax": 0,
        "othercomprehensiveincomelosscashflowhedgegainlossreclassificationaftertax": 8000000,
        "othercomprehensiveincomelosscashflowhedgegainlossafterreclassificationandtax": -8000000,
        "othercomprehensiveincomelossforeigncurrencytransactionandtranslationadjustmentnetoftax": 6000000,
        "othercomprehensiveincomelossnetoftax": 10000000,
        "comprehensiveincomenetoftax": 1305000000
    },
    {
        "date": "2023-03-02",
        "symbol": "ADBE",
        "period": "Q1",
        "subscriptionrevenue": 30000000,
        "productrevenue": 120000000,
        "servicesandotherrevenue": 162000000,
        "revenues": 703000000,
        "costofsubscriptionrevenue": 434000000,
        "costofproductrevenue": 8000000,
        "costofservicesandotherrevenue": 126000000,
        "costofrevenue": 22000000,
        "grossprofit": 62000000,
        "researchanddevelopmentexpensesoftwareexcludingacquiredinprocesscost": 827000000,
        "sellingandmarketingexpense": 1301000000,
        "generalandadministrativeexpense": 331000000,
        "operatingexpensesamortizationofpurchasedintangibles": 42000000,
        "operatingexpenses": 2501000000,
        "operatingincomeloss": 1586000000,
        "interestexpense": 32000000,
        "gainlossoninvestments": 1000000,
        "othernonoperatingincomeexpense": 43000000,
        "nonoperatingincomeexpense": 12000000,
        "incomelossfromcontinuingoperationsbeforeincometaxesextraordinaryitemsnoncontrollinginterest": 1598000000,
        "incometaxexpensebenefit": 351000000,
        "netincomeloss": 1247000000,
        "earningspersharebasic": 2.72,
        "weightedaveragenumberofsharesoutstandingbasic": 459000000,
        "earningspersharediluted": 2.71,
        "weightedaveragenumberofdilutedsharesoutstanding": 460000000,
        "othercomprehensiveincomeunrealizedholdinggainlossonsecuritiesarisingduringperiodnetoftax": 7000000,
        "othercomprehensiveincomelosscashflowhedgegainlossbeforereclassificationaftertax": -13000000,
        "othercomprehensiveincomelosscashflowhedgegainlossreclassificationaftertax": 16000000,
        "othercomprehensiveincomelosscashflowhedgegainlossafterreclassificationandtax": -25000000,
        "othercomprehensiveincomelossforeigncurrencytransactionandtranslationadjustmentnetoftax": 4000000,
        "othercomprehensiveincomelossnetoftax": -14000000,
        "comprehensiveincomenetoftax": 1233000000
    },
    {
        "date": "2022-12-01",
        "symbol": "ADBE",
        "period": "Q4",
        "subscriptionrevenues": 31000000,
        "productrevenue": 115000000,
        "servicesandotherrevenue": 178000000,
        "revenues": 687000000,
        "costofsubscriptionrevenue": 430000000,
        "costofproductrevenue": 8000000,
        "costofservicesandotherrevenue": 130000000,
        "costofrevenue": 27000000,
        "grossprofit": 48000000,
        "researchanddevelopmentexpensesoftwareexcludingacquiredinprocesscost": 773000000,
        "sellingandmarketingexpense": 1297000000,
        "generalandadministrativeexpense": 340000000,
        "operatingexpensesamortizationofpurchasedintangibles": 42000000,
        "operatingexpenses": 2452000000,
        "operatingincomeloss": 1505000000,
        "interestexpense": 28000000,
        "gainlossoninvestments": 4000000,
        "nonoperatingincomeexpense": 12000000,
        "incomelossfromcontinuingoperationsbeforeincometaxesextraordinaryitemsnoncontrollinginterest": 1517000000,
        "incometaxexpensebenefit": 341000000,
        "netincomeloss": 1176000000,
        "earningspersharebasic": 2.5300000000000007,
        "weightedaveragenumberofsharesoutstandingbasic": -944000000,
        "earningspersharediluted": 2.5299999999999994,
        "weightedaveragenumberofdilutedsharesoutstanding": -946000000,
        "othercomprehensiveincomeunrealizedholdinggainlossonsecuritiesarisingduringperiodnetoftax": -4000000,
        "othercomprehensiveincomelosscashflowhedgegainlossbeforereclassificationaftertax": -198000000,
        "othercomprehensiveincomelosscashflowhedgegainlossreclassificationaftertax": 61000000,
        "othercomprehensiveincomelosscashflowhedgegainlossafterreclassificationandtax": -115000000,
        "othercomprehensiveincomelossforeigncurrencytransactionandtranslationadjustmentnetoftax": 50000000,
        "othercomprehensiveincomelossnetoftax": -69000000,
        "comprehensiveincomenetoftax": 1107000000
    },
    {
        "date": "2022-09-01",
        "symbol": "ADBE",
        "period": "Q3",
        "subscriptionrevenues": 31000000,
        "productrevenue": 126000000,
        "servicesandotherrevenue": 179000000,
        "revenues": 690000000,
        "costofsubscriptionrevenue": 413000000,
        "costofproductrevenue": 8000000,
        "costofservicesandotherrevenue": 125000000,
        "costofrevenue": 25000000,
        "grossprofit": 56000000,
        "researchanddevelopmentexpensesoftwareexcludingacquiredinprocesscost": 775000000,
        "sellingandmarketingexpense": 1266000000,
        "generalandadministrativeexpense": 319000000,
        "operatingexpensesamortizationofpurchasedintangibles": 43000000,
        "operatingexpenses": 2403000000,
        "operatingincomeloss": 1484000000,
        "interestexpense": 28000000,
        "gainlossoninvestments": -6000000,
        "othernonoperatingincomeexpense": 6000000,
        "nonoperatingincomeexpense": -28000000,
        "incomelossfromcontinuingoperationsbeforeincometaxesextraordinaryitemsnoncontrollinginterest": 1456000000,
        "incometaxexpensebenefit": 320000000,
        "netincomeloss": 1136000000,
        "earningspersharebasic": 2.42,
        "weightedaveragenumberofsharesoutstandingbasic": 469000000,
        "earningspersharediluted": 2.42,
        "weightedaveragenumberofdilutedsharesoutstanding": 469000000,
        "othercomprehensiveincomeunrealizedholdinggainlossonsecuritiesarisingduringperiodnetoftax": -6000000,
        "othercomprehensiveincomelosscashflowhedgegainlossbeforereclassificationaftertax": 107000000,
        "othercomprehensiveincomelosscashflowhedgegainlossreclassificationaftertax": 47000000,
        "othercomprehensiveincomelosscashflowhedgegainlossafterreclassificationandtax": 60000000,
        "othercomprehensiveincomelossforeigncurrencytransactionandtranslationadjustmentnetoftax": -83000000,
        "othercomprehensiveincomelossnetoftax": -29000000,
        "comprehensiveincomenetoftax": 1107000000
    },
    {
        "date": "2022-06-02",
        "symbol": "ADBE",
        "period": "Q2",
        "subscriptionrevenues": 30000000,
        "productrevenue": 146000000,
        "servicesandotherrevenue": 170000000,
        "revenues": 705000000,
        "costofsubscriptionrevenue": 410000000,
        "costofproductrevenue": 9000000,
        "costofservicesandotherrevenue": 120000000,
        "costofrevenue": 24000000,
        "grossprofit": 67000000,
        "researchanddevelopmentexpensesoftwareexcludingacquiredinprocesscost": 738000000,
        "sellingandmarketingexpense": 1247000000,
        "generalandadministrativeexpense": 291000000,
        "operatingexpensesamortizationofpurchasedintangibles": 42000000,
        "operatingexpenses": 2318000000,
        "operatingincomeloss": 1529000000,
        "interestexpense": 28000000,
        "gainlossoninvestments": -8000000,
        "othernonoperatingincomeexpense": -1000000,
        "nonoperatingincomeexpense": -37000000,
        "incomelossfromcontinuingoperationsbeforeincometaxesextraordinaryitemsnoncontrollinginterest": 1492000000,
        "incometaxexpensebenefit": 314000000,
        "netincomeloss": 1178000000,
        "earningspersharebasic": 2.5,
        "weightedaveragenumberofsharesoutstandingbasic": 472000000,
        "earningspersharediluted": 2.49,
        "weightedaveragenumberofdilutedsharesoutstanding": 473000000,
        "othercomprehensiveincomeunrealizedholdinggainlossonsecuritiesarisingduringperiodnetoftax": -15000000,
        "othercomprehensiveincomelosscashflowhedgegainlossbeforereclassificationaftertax": 63000000,
        "othercomprehensiveincomelosscashflowhedgegainlossreclassificationaftertax": 28000000,
        "othercomprehensiveincomelosscashflowhedgegainlossafterreclassificationandtax": 35000000,
        "othercomprehensiveincomelossforeigncurrencytransactionandtranslationadjustmentnetoftax": -38000000,
        "othercomprehensiveincomelossnetoftax": -18000000,
        "comprehensiveincomenetoftax": 1160000000
    },
    {
        "date": "2022-03-03",
        "symbol": "ADBE",
        "period": "Q1",
        "subscriptionrevenues": 31000000,
        "productrevenue": 145000000,
        "servicesandotherrevenue": 159000000,
        "revenues": 680000000,
        "costofsubscriptionrevenue": 393000000,
        "costofproductrevenue": 10000000,
        "costofservicesandotherrevenue": 109000000,
        "costofrevenue": 26000000,
        "grossprofit": 69000000,
        "researchanddevelopmentexpensesoftwareexcludingacquiredinprocesscost": 701000000,
        "sellingandmarketingexpense": 1158000000,
        "generalandadministrativeexpense": 269000000,
        "operatingexpensesamortizationofpurchasedintangibles": 42000000,
        "operatingexpenses": 2170000000,
        "operatingincomeloss": 1580000000,
        "interestexpense": 28000000,
        "gainlossoninvestments": -9000000,
        "nonoperatingincomeexpense": -37000000,
        "incomelossfromcontinuingoperationsbeforeincometaxesextraordinaryitemsnoncontrollinginterest": 1543000000,
        "incometaxexpensebenefit": 277000000,
        "netincomeloss": 1266000000,
        "earningspersharebasic": 2.68,
        "weightedaveragenumberofsharesoutstandingbasic": 473000000,
        "earningspersharediluted": 2.66,
        "weightedaveragenumberofdilutedsharesoutstanding": 475000000,
        "othercomprehensiveincomeunrealizedholdinggainlossonsecuritiesarisingduringperiodnetoftax": -14000000,
        "othercomprehensiveincomelosscashflowhedgegainlossbeforereclassificationaftertax": 23000000,
        "othercomprehensiveincomelosscashflowhedgegainlossreclassificationaftertax": 15000000,
        "othercomprehensiveincomelosscashflowhedgegainlossafterreclassificationandtax": 8000000,
        "othercomprehensiveincomelossforeigncurrencytransactionandtranslationadjustmentnetoftax": -34000000,
        "othercomprehensiveincomelossnetoftax": -40000000,
        "comprehensiveincomenetoftax": 1226000000
    },
    {
        "date": "2021-12-02",
        "symbol": "ADBE",
        "period": "Q4",
        "subscriptionrevenues": 34000000,
        "productrevenue": 128000000,
        "servicesandotherrevenue": 170000000,
        "revenues": 652000000,
        "costofsubscriptionrevenue": 378000000,
        "costofproductrevenue": 12000000,
        "costofservicesandotherrevenue": 117000000,
        "costofrevenue": 32000000,
        "grossprofit": 59000000,
        "researchanddevelopmentexpensesoftwareexcludingacquiredinprocesscost": 657000000,
        "sellingandmarketingexpense": 1131000000,
        "generalandadministrativeexpense": 274000000,
        "operatingexpensesamortizationofpurchasedintangibles": 40000000,
        "operatingexpenses": 2102000000,
        "operatingincomeloss": 1501000000,
        "interestexpense": 28000000,
        "gainlossoninvestments": -4000000,
        "nonoperatingincomeexpense": -33000000,
        "incomelossfromcontinuingoperationsbeforeincometaxesextraordinaryitemsnoncontrollinginterest": 1468000000,
        "incometaxexpensebenefit": 235000000,
        "netincomeloss": 1233000000,
        "earningspersharebasic": 2.59,
        "weightedaveragenumberofsharesoutstandingbasic": -478000000,
        "earningspersharediluted": 2.57,
        "weightedaveragenumberofdilutedsharesoutstanding": -482000000,
        "othercomprehensiveincomelosscashflowhedgegainlossbeforereclassificationaftertax": 67000000,
        "othercomprehensiveincomelosscashflowhedgegainlossreclassificationaftertax": 9000000,
        "othercomprehensiveincomelosscashflowhedgegainlossafterreclassificationandtax": 58000000,
        "othercomprehensiveincomelossforeigncurrencytransactionandtranslationadjustmentnetoftax": -60000000,
        "othercomprehensiveincomelossnetoftax": -6000000,
        "comprehensiveincomenetoftax": 1227000000
    },
    {
        "date": "2021-09-02",
        "symbol": "ADBE",
        "period": "Q3",
        "subscriptionrevenues": 36000000,
        "productrevenue": 119000000,
        "servicesandotherrevenue": 159000000,
        "revenues": 632000000,
        "costofsubscriptionrevenue": 344000000,
        "costofproductrevenue": 10000000,
        "costofservicesandotherrevenue": 113000000,
        "costofrevenue": 27000000,
        "grossprofit": 58000000,
        "researchanddevelopmentexpensesoftwareexcludingacquiredinprocesscost": 651000000,
        "sellingandmarketingexpense": 1068000000,
        "generalandadministrativeexpense": 265000000,
        "operatingexpensesamortizationofpurchasedintangibles": 43000000,
        "operatingexpenses": 2027000000,
        "operatingincomeloss": 1441000000,
        "interestexpense": 27000000,
        "gainlossoninvestments": 7000000,
        "othernonoperatingincomeexpense": -3000000,
        "nonoperatingincomeexpense": -23000000,
        "incomelossfromcontinuingoperationsbeforeincometaxesextraordinaryitemsnoncontrollinginterest": 1418000000,
        "incometaxexpensebenefit": 206000000,
        "netincomeloss": 1212000000,
        "earningspersharebasic": 2.54,
        "weightedaveragenumberofsharesoutstandingbasic": 477000000,
        "earningspersharediluted": 2.52,
        "weightedaveragenumberofdilutedsharesoutstanding": 481000000,
        "othercomprehensiveincomeunrealizedholdinggainlossonsecuritiesarisingduringperiodnetoftax": -1000000,
        "othercomprehensiveincomelossavailableforsalesecuritiesadjustmentnetoftax": -1000000,
        "othercomprehensiveincomelosscashflowhedgegainlossbeforereclassificationaftertax": 12000000,
        "othercomprehensiveincomelosscashflowhedgegainlossreclassificationaftertax": -5000000,
        "othercomprehensiveincomelosscashflowhedgegainlossafterreclassificationandtax": 17000000,
        "othercomprehensiveincomelossforeigncurrencytransactionandtranslationadjustmentnetoftax": -26000000,
        "othercomprehensiveincomelossnetoftax": -10000000,
        "comprehensiveincomenetoftax": 1202000000
    },
    {
        "date": "2021-06-03",
        "symbol": "ADBE",
        "period": "Q2",
        "subscriptionrevenues": 35000000,
        "productrevenue": 153000000,
        "servicesandotherrevenue": 162000000,
        "revenues": 624000000,
        "costofsubscriptionrevenue": 328000000,
        "costofproductrevenue": 9000000,
        "costofservicesandotherrevenue": 107000000,
        "costofrevenue": 26000000,
        "grossprofit": 84000000,
        "researchanddevelopmentexpensesoftwareexcludingacquiredinprocesscost": 612000000,
        "sellingandmarketingexpense": 1073000000,
        "generalandadministrativeexpense": 256000000,
        "operatingexpensesamortizationofpurchasedintangibles": 44000000,
        "operatingexpenses": 1985000000,
        "operatingincomeloss": 1406000000,
        "interestexpense": 28000000,
        "gainlossoninvestments": 8000000,
        "othernonoperatingincome": 0,
        "nonoperatingincomeexpense": -20000000,
        "incomelossfromcontinuingoperationsbeforeincometaxesextraordinaryitemsnoncontrollinginterest": 1386000000,
        "incometaxexpensebenefit": 270000000,
        "netincomeloss": 1116000000,
        "earningspersharebasic": 2.34,
        "weightedaveragenumberofsharesoutstandingbasic": -1000000,
        "earningspersharediluted": 2.32,
        "weightedaveragenumberofdilutedsharesoutstanding": -1000000,
        "othercomprehensiveincomeunrealizedholdinggainlossonsecuritiesarisingduringperiodnetoftax": 0,
        "othercomprehensiveincomelosscashflowhedgegainlossbeforereclassificationaftertax": -15000000,
        "othercomprehensiveincomelosscashflowhedgegainlossreclassificationaftertax": -12000000,
        "othercomprehensiveincomelosscashflowhedgegainlossafterreclassificationandtax": -3000000,
        "othercomprehensiveincomelossforeigncurrencytransactionandtranslationadjustmentnetoftax": 23000000,
        "othercomprehensiveincomelossnetoftax": 20000000,
        "comprehensiveincomenetoftax": 1136000000
    },
    {
        "date": "2021-03-04",
        "symbol": "ADBE",
        "period": "Q1",
        "subscriptionrevenues": 41000000,
        "productrevenue": 155000000,
        "servicesandotherrevenue": 166000000,
        "revenues": 629000000,
        "costofsubscriptionrevenue": 324000000,
        "costofproductrevenue": 10000000,
        "costofservicesandotherrevenue": 113000000,
        "costofrevenue": 30000000,
        "grossprofit": 82000000,
        "researchanddevelopmentexpensesoftwareexcludingacquiredinprocesscost": 620000000,
        "sellingandmarketingexpense": 1049000000,
        "generalandadministrativeexpense": 290000000,
        "operatingexpensesamortizationofpurchasedintangibles": 45000000,
        "operatingexpenses": 2004000000,
        "operatingincomeloss": 1454000000,
        "interestexpense": 30000000,
        "gainlossoninvestments": 5000000,
        "othernonoperatingincome": 4000000,
        "nonoperatingincomeexpense": -21000000,
        "incomelossfromcontinuingoperationsbeforeincometaxesextraordinaryitemsnoncontrollinginterest": 1433000000,
        "incometaxexpensebenefit": 172000000,
        "netincomeloss": 1261000000,
        "earningspersharebasic": 2.63,
        "weightedaveragenumberofsharesoutstandingbasic": 479000000,
        "earningspersharediluted": 2.61,
        "weightedaveragenumberofdilutedsharesoutstanding": 483000000,
        "othercomprehensiveincomeunrealizedholdinggainlossonsecuritiesarisingduringperiodnetoftax": -3000000,
        "othercomprehensiveincomelosscashflowhedgegainlossbeforereclassificationaftertax": 5000000,
        "othercomprehensiveincomelosscashflowhedgegainlossreclassificationaftertax": -12000000,
        "othercomprehensiveincomelosscashflowhedgegainlossafterreclassificationandtax": 17000000,
        "othercomprehensiveincomelossforeigncurrencytransactionandtranslationadjustmentnetoftax": 3000000,
        "othercomprehensiveincomelossnetoftax": 17000000,
        "comprehensiveincomenetoftax": 1278000000
    },
    {
        "date": "2020-11-26",
        "symbol": "ADBE",
        "period": "Q4",
        "productrevenue": 127000000,
        "revenues": 544000000,
        "costofsubscriptionrevenue": 108000000,
        "costofproductrevenue": 10000000,
        "costofrevenue": 229000000,
        "grossprofit": 97000000,
        "researchanddevelopmentexpensesoftwareexcludingacquiredinprocesscost": 558000000,
        "sellingandmarketingexpense": 941000000,
        "generalandadministrativeexpense": 243000000,
        "operatingexpensesamortizationofpurchasedintangibles": 39000000,
        "operatingexpenses": 1781000000,
        "operatingincomeloss": 1215000000,
        "interestexpense": 27000000,
        "othernonoperatingincome": 3000000,
        "nonoperatingincomeexpense": -18000000,
        "incomelossfromcontinuingoperationsbeforeincometaxesextraordinaryitemsnoncontrollinginterest": 1197000000,
        "incometaxexpensebenefit": -1053000000,
        "netincomeloss": 2250000000,
        "earningspersharebasic": 4.6899999999999995,
        "earningspersharediluted": 4.629999999999999,
        "othercomprehensiveincomeunrealizedholdinggainlossonsecuritiesarisingduringperiodnetoftax": -5000000,
        "othercomprehensiveincomelossforeigncurrencytransactionandtranslationadjustmentnetoftax": 4000000,
        "othercomprehensiveincomelossnetoftax": -5000000,
        "comprehensiveincomenetoftax": 2245000000
    },
    {
        "date": "2020-08-27",
        "symbol": "ADBE",
        "period": "Q3",
        "subscriptionandcirculationrevenue": 31000000,
        "productrevenue": 109000000,
        "servicesandsupportrevenue": 116000000,
        "revenues": 501000000,
        "costofsubscriptionrevenue": 328000000,
        "costofproductrevenue": 10000000,
        "costofservicesandsupportrevenue": 89000000,
        "costofrevenue": 6000000,
        "grossprofit": 44000000,
        "researchanddevelopmentexpensesoftwareexcludingacquiredinprocesscost": 566000000,
        "sellingandmarketingexpense": 892000000,
        "generalandadministrativeexpense": 230000000,
        "operatingexpensesamortizationofpurchasedintangibles": 41000000,
        "operatingexpenses": 1729000000,
        "operatingincomeloss": 1069000000,
        "interestexpense": 28000000,
        "othernonoperatingincome": 9000000,
        "nonoperatingincomeexpense": -9000000,
        "incomelossfromcontinuingoperationsbeforeincometaxesextraordinaryitemsnoncontrollinginterest": 1060000000,
        "incometaxexpensebenefit": 105000000,
        "netincomeloss": 955000000,
        "earningspersharebasic": 1.9900000000000002,
        "earningspersharediluted": 1.9699999999999998,
        "weightedaveragenumberofdilutedsharesoutstanding": 0,
        "othercomprehensiveincomeunrealizedholdinggainlossonsecuritiesarisingduringperiodnetoftax": 2000000,
        "othercomprehensiveincomeunrealizedgainlossonderivativesarisingduringperiodnetoftax": -33000000,
        "othercomprehensiveincomelossreclassificationadjustmentfromaocionderivativesnetoftax": -1000000,
        "othercomprehensiveincomelossderivativesqualifyingashedgesnetoftax": -32000000,
        "othercomprehensiveincomelossforeigncurrencytransactionandtranslationadjustmentnetoftax": 73000000,
        "othercomprehensiveincomelossnetoftax": 42000000,
        "comprehensiveincomenetoftax": 997000000
    },
    {
        "date": "2020-05-28",
        "symbol": "ADBE",
        "period": "Q2",
        "netincomeloss": 1100000000,
        "othercomprehensiveincomeunrealizedholdinggainlossonsecuritiesarisingduringperiodnetoftax": 2000000,
        "othercomprehensiveincomeunrealizedgainlossonderivativesarisingduringperiodnetoftax": 1000000,
        "othercomprehensiveincomelossreclassificationadjustmentfromaocionderivativesnetoftax": 2000000,
        "othercomprehensiveincomelossderivativesqualifyingashedgesnetoftax": -1000000,
        "othercomprehensiveincomelossforeigncurrencytransactionandtranslationadjustmentnetoftax": -7000000,
        "othercomprehensiveincomelossnetoftax": -6000000,
        "comprehensiveincomenetoftax": 1094000000,
        "subscriptionandcirculationrevenue": 32000000,
        "productrevenue": 128000000,
        "servicesandsupportrevenue": 126000000,
        "revenues": 492000000,
        "costofsubscriptionrevenue": 317000000,
        "costofproductrevenue": 9000000,
        "costofservicesandsupportrevenue": 89000000,
        "costofrevenue": 5000000,
        "grossprofit": 65000000,
        "researchanddevelopmentexpensesoftwareexcludingacquiredinprocesscost": 532000000,
        "sellingandmarketingexpense": 901000000,
        "generalandadministrativeexpense": 224000000,
        "operatingexpensesamortizationofpurchasedintangibles": 40000000,
        "operatingexpenses": 1697000000,
        "operatingincomeloss": 1016000000,
        "interestexpense": 28000000,
        "gainlossoninvestments": 0,
        "othernonoperatingincome": 12000000,
        "nonoperatingincomeexpense": -16000000,
        "incomelossfromcontinuingoperationsbeforeincometaxesextraordinaryitemsnoncontrollinginterest": 1000000000,
        "incometaxexpensebenefit": -100000000,
        "earningspersharebasic": 2.28,
        "weightedaveragenumberofsharesoutstandingbasic": 0,
        "earningspersharediluted": 2.2700000000000005,
        "weightedaveragenumberofdilutedsharesoutstanding": -2000000
    },
    {
        "date": "2020-02-27",
        "symbol": "ADBE",
        "period": "Q1",
        "netincomeloss": 955000000,
        "othercomprehensiveincomeunrealizedholdinggainlossonsecuritiesarisingduringperiodnetoftax": 4000000,
        "othercomprehensiveincomeunrealizedgainlossonderivativesarisingduringperiodnetoftax": 1000000,
        "othercomprehensiveincomelossreclassificationadjustmentfromaocionderivativesnetoftax": 2000000,
        "othercomprehensiveincomelossderivativesqualifyingashedgesnetoftax": -1000000,
        "othercomprehensiveincomelossforeigncurrencytransactionandtranslationadjustmentnetoftax": -4000000,
        "othercomprehensiveincomelossnetoftax": -1000000,
        "comprehensiveincomenetoftax": 954000000,
        "subscriptionandcirculationrevenue": 2825000000,
        "productrevenue": 143000000,
        "servicesandsupportrevenue": 123000000,
        "revenues": 3091000000,
        "costofsubscriptionrevenue": 355000000,
        "costofproductrevenue": 7000000,
        "costofservicesandsupportrevenue": 90000000,
        "costofrevenue": 452000000,
        "grossprofit": 2639000000,
        "researchanddevelopmentexpensesoftwareexcludingacquiredinprocesscost": 532000000,
        "sellingandmarketingexpense": 857000000,
        "generalandadministrativeexpense": 271000000,
        "operatingexpensesamortizationofpurchasedintangibles": 42000000,
        "operatingexpenses": 1702000000,
        "operatingincomeloss": 937000000,
        "interestexpense": 33000000,
        "gainlossoninvestments": -3000000,
        "othernonoperatingincome": 18000000,
        "nonoperatingincomeexpense": -18000000,
        "incomelossfromcontinuingoperationsbeforeincometaxesextraordinaryitemsnoncontrollinginterest": 919000000,
        "incometaxexpensebenefit": -36000000,
        "earningspersharebasic": 1.98,
        "weightedaveragenumberofsharesoutstandingbasic": 482000000,
        "earningspersharediluted": 1.96,
        "weightedaveragenumberofdilutedsharesoutstanding": 488000000
    },
    {
        "date": "2019-11-28",
        "symbol": "ADBE",
        "period": "Q4",
        "netincomeloss": 851861000,
        "othercomprehensiveincomeunrealizedholdinggainlossonsecuritiesarisingduringperiodnetoftax": 230000,
        "othercomprehensiveincomelossreclassificationadjustmentfromaociforsaleofsecuritiesnetoftax": 32000,
        "othercomprehensiveincomelossavailableforsalesecuritiesadjustmentnetoftax": 198000,
        "othercomprehensiveincomeunrealizedgainlossonderivativesarisingduringperiodnetoftax": 19017000,
        "othercomprehensiveincomelossreclassificationadjustmentfromaocionderivativesnetoftax": 16428000,
        "othercomprehensiveincomelossderivativesqualifyingashedgesnetoftax": 2589000,
        "othercomprehensiveincomelossforeigncurrencytransactionandtranslationadjustmentnetoftax": 3128000,
        "othercomprehensiveincomelossnetoftax": 5915000,
        "comprehensiveincomenetoftax": 857776000,
        "subscriptionandcirculationrevenue": 2686828000,
        "productrevenue": 167097000,
        "servicesandsupportrevenue": 138020000,
        "revenues": 2991945000,
        "costofsubscriptionrevenue": 334128000,
        "costofproductrevenue": 9029000,
        "costofservicesandsupportrevenue": 108826000,
        "costofrevenue": 451983000,
        "grossprofit": 2539962000,
        "researchanddevelopmentexpensesoftwareexcludingacquiredinprocesscost": 499806000,
        "sellingandmarketingexpense": 801588000,
        "generalandadministrativeexpense": 225938000,
        "operatingexpensesamortizationofpurchasedintangibles": 42698000,
        "operatingexpenses": 1570030000,
        "operatingincomeloss": 969932000,
        "othernonoperatingincome": 18879000,
        "interestexpense": 36515000,
        "gainlossoninvestments": 4851000,
        "nonoperatingincomeexpense": -12785000,
        "incomelossfromcontinuingoperationsbeforeincometaxesextraordinaryitemsnoncontrollinginterest": 957147000,
        "incometaxexpensebenefit": 105286000,
        "earningspersharebasic": 1.7600000000000007,
        "weightedaveragenumberofsharesoutstandingbasic": -975148000,
        "earningspersharediluted": 1.7399999999999995,
        "weightedaveragenumberofdilutedsharesoutstanding": -985870000
    },
    {
        "date": "2019-08-29",
        "symbol": "ADBE",
        "period": "Q3",
        "netincomeloss": 792763000,
        "othercomprehensiveincomeunrealizedholdinggainlossonsecuritiesarisingduringperiodnetoftax": 6867000,
        "othercomprehensiveincomelossreclassificationadjustmentfromaociforsaleofsecuritiesnetoftax": 36000,
        "othercomprehensiveincomelossavailableforsalesecuritiesadjustmentnetoftax": 6831000,
        "othercomprehensiveincomeunrealizedgainlossonderivativesarisingduringperiodnetoftax": -27031000,
        "othercomprehensiveincomelossreclassificationadjustmentfromaocionderivativesnetoftax": 11034000,
        "othercomprehensiveincomelossderivativesqualifyingashedgesnetoftax": -38065000,
        "othercomprehensiveincomelossforeigncurrencytransactionandtranslationadjustmentnetoftax": -18351000,
        "othercomprehensiveincomelossnetoftax": -49585000,
        "comprehensiveincomenetoftax": 743178000,
        "subscriptionandcirculationrevenue": 2546571000,
        "productrevenue": 157321000,
        "servicesandsupportrevenue": 130234000,
        "revenues": 2834126000,
        "costofsubscriptionrevenue": 303885000,
        "costofproductrevenue": 9146000,
        "costofservicesandsupportrevenue": 102932000,
        "costofrevenue": 415963000,
        "grossprofit": 2418163000,
        "researchanddevelopmentexpensesoftwareexcludingacquiredinprocesscost": 489827000,
        "sellingandmarketingexpense": 812314000,
        "generalandadministrativeexpense": 219256000,
        "operatingexpensesamortizationofpurchasedintangibles": 42954000,
        "operatingexpenses": 1564351000,
        "operatingincomeloss": 853812000,
        "othernonoperatingincome": 16552000,
        "interestexpense": 39529000,
        "gainlossoninvestments": 3653000,
        "nonoperatingincomeexpense": -19324000,
        "incomelossfromcontinuingoperationsbeforeincometaxesextraordinaryitemsnoncontrollinginterest": 834488000,
        "incometaxexpensebenefit": 41725000,
        "earningspersharebasic": 1.63,
        "weightedaveragenumberofsharesoutstandingbasic": 485848000,
        "earningspersharediluted": 1.61,
        "weightedaveragenumberofdilutedsharesoutstanding": 491042000
    },
    {
        "date": "2019-05-30",
        "symbol": "ADBE",
        "period": "Q2",
        "netincomeloss": 632593000,
        "othercomprehensiveincomeunrealizedholdinggainlossonsecuritiesarisingduringperiodnetoftax": 9910000,
        "othercomprehensiveincomelossreclassificationadjustmentfromaociforsaleofsecuritiesnetoftax": -67000,
        "othercomprehensiveincomelossavailableforsalesecuritiesadjustmentnetoftax": 9977000,
        "othercomprehensiveincomeunrealizedgainlossonderivativesarisingduringperiodnetoftax": 16765000,
        "othercomprehensiveincomelossreclassificationadjustmentfromaocionderivativesnetoftax": 8675000,
        "othercomprehensiveincomelossderivativesqualifyingashedgesnetoftax": 8090000,
        "othercomprehensiveincomelossforeigncurrencytransactionandtranslationadjustmentnetoftax": -11999000,
        "othercomprehensiveincomelossnetoftax": 6068000,
        "comprehensiveincomenetoftax": 638661000,
        "subscriptionandcirculationrevenue": 2456097000,
        "productrevenue": 152816000,
        "servicesandsupportrevenue": 135367000,
        "revenues": 2744280000,
        "costofsubscriptionrevenue": 296476000,
        "costofproductrevenue": 9345000,
        "costofservicesandsupportrevenue": 101667000,
        "costofrevenue": 407488000,
        "grossprofit": 2336792000,
        "researchanddevelopmentexpensesoftwareexcludingacquiredinprocesscost": 475958000,
        "sellingandmarketingexpense": 848927000,
        "generalandadministrativeexpense": 219334000,
        "operatingexpensesamortizationofpurchasedintangibles": 43026000,
        "operatingexpenses": 1587245000,
        "operatingincomeloss": 749547000,
        "othernonoperatingincome": 2558000,
        "interestexpense": 40577000,
        "gainlossoninvestments": -756000,
        "nonoperatingincomeexpense": -38775000,
        "incomelossfromcontinuingoperationsbeforeincometaxesextraordinaryitemsnoncontrollinginterest": 710772000,
        "incometaxexpensebenefit": 78179000,
        "earningspersharebasic": 1.3,
        "weightedaveragenumberofsharesoutstandingbasic": 487535000,
        "earningspersharediluted": 1.29,
        "weightedaveragenumberofdilutedsharesoutstanding": 492212000
    },
    {
        "date": "2019-02-28",
        "symbol": "ADBE",
        "period": "Q1",
        "netincomeloss": 674241000,
        "othercomprehensiveincomeunrealizedholdinggainlossonsecuritiesarisingduringperiodnetoftax": 12402000,
        "othercomprehensiveincomelossreclassificationadjustmentfromaociforsaleofsecuritiesnetoftax": -125000,
        "othercomprehensiveincomelossavailableforsalesecuritiesadjustmentnetoftax": 12527000,
        "othercomprehensiveincomeunrealizedgainlossonderivativesarisingduringperiodnetoftax": -8457000,
        "othercomprehensiveincomelossreclassificationadjustmentfromaocionderivativesnetoftax": 8197000,
        "othercomprehensiveincomelossderivativesqualifyingashedgesnetoftax": -16654000,
        "othercomprehensiveincomelossforeigncurrencytransactionandtranslationadjustmentnetoftax": 1825000,
        "othercomprehensiveincomelossnetoftax": -2302000,
        "comprehensiveincomenetoftax": 671939000,
        "subscriptionandcirculationrevenue": 2304967000,
        "productrevenue": 170554000,
        "servicesandsupportrevenue": 125425000,
        "revenues": 2600946000,
        "costofsubscriptionrevenue": 288031000,
        "costofproductrevenue": 12105000,
        "costofservicesandsupportrevenue": 97150000,
        "costofrevenue": 397286000,
        "grossprofit": 2203660000,
        "researchanddevelopmentexpensesoftwareexcludingacquiredinprocesscost": 464637000,
        "sellingandmarketingexpense": 781518000,
        "generalandadministrativeexpense": 216109000,
        "operatingexpensesamortizationofpurchasedintangibles": 46566000,
        "operatingexpenses": 1508830000,
        "operatingincomeloss": 694830000,
        "othernonoperatingincome": 4266000,
        "interestexpense": 40593000,
        "gainlossoninvestments": 43831000,
        "nonoperatingincomeexpense": 7504000,
        "incomelossfromcontinuingoperationsbeforeincometaxesextraordinaryitemsnoncontrollinginterest": 702334000,
        "incometaxexpensebenefit": 28093000,
        "earningspersharebasic": 1.38,
        "weightedaveragenumberofsharesoutstandingbasic": 488056000,
        "earningspersharediluted": 1.36,
        "weightedaveragenumberofdilutedsharesoutstanding": 494188000
    },
    {
        "date": "2018-11-29",
        "symbol": "ADBE",
        "period": "Q4",
        "netincomeloss": 678240000,
        "othercomprehensiveincomeunrealizedholdinggainlossonsecuritiesarisingduringperiodnetoftax": -5442000,
        "othercomprehensiveincomelossreclassificationadjustmentfromaociforsaleofsecuritiesnetoftax": -809000,
        "othercomprehensiveincomelossavailableforsalesecuritiesadjustmentnetoftax": -4633000,
        "othercomprehensiveincomeunrealizedgainlossonderivativesarisingduringperiodnetoftax": 26788000,
        "othercomprehensiveincomelossreclassificationadjustmentfromaocionderivativesnetoftax": 30311000,
        "othercomprehensiveincomelossderivativesqualifyingashedgesnetoftax": -3523000,
        "othercomprehensiveincomelossforeigncurrencytransactionandtranslationadjustmentnetoftax": -11926000,
        "othercomprehensiveincomelossnetoftax": -20082000,
        "comprehensiveincomenetoftax": 658158000,
        "revenues": -1949201000,
        "costofrevenue": -247935000,
        "grossprofit": -1701266000,
        "researchanddevelopmentexpensesoftwareexcludingacquiredinprocesscost": 415958000,
        "sellingandmarketingexpense": 723573000,
        "generalandadministrativeexpense": 212355000,
        "operatingexpensesamortizationofpurchasedintangibles": 32932000,
        "operatingexpenses": 1384818000,
        "operatingincomeloss": 720546000,
        "othernonoperatingincome": 9657000,
        "interestexpense": 27873000,
        "gainlossoninvestments": -3113000,
        "nonoperatingincomeexpense": -21329000,
        "incomelossfromcontinuingoperationsbeforeincometaxesextraordinaryitemsnoncontrollinginterest": 699217000,
        "incometaxexpensebenefit": 20977000,
        "earningspersharebasic": 1.39,
        "weightedaveragenumberofsharesoutstandingbasic": -983436000,
        "earningspersharediluted": 1.3600000000000003,
        "weightedaveragenumberofdilutedsharesoutstanding": -996708000
    },
    {
        "date": "2018-08-30",
        "symbol": "ADBE",
        "period": "Q3",
        "netincomeloss": 666291000,
        "othercomprehensiveincomeunrealizedholdinggainlossonsecuritiesarisingduringperiodnetoftax": 5849000,
        "othercomprehensiveincomelossreclassificationadjustmentfromaociforsaleofsecuritiesnetoftax": -9645000,
        "othercomprehensiveincomelossavailableforsalesecuritiesadjustmentnetoftax": 15494000,
        "othercomprehensiveincomeunrealizedgainlossonderivativesarisingduringperiodnetoftax": 17524000,
        "othercomprehensiveincomelossreclassificationadjustmentfromaocionderivativesnetoftax": 16494000,
        "othercomprehensiveincomelossderivativesqualifyingashedgesnetoftax": 1030000,
        "othercomprehensiveincomelossforeigncurrencytransactionandtranslationadjustmentnetoftax": -15341000,
        "othercomprehensiveincomelossnetoftax": 1183000,
        "comprehensiveincomenetoftax": 667474000,
        "subscriptionrevenue": 2021505000,
        "salesrevenuegoodsnet": 149127000,
        "salesrevenueservicesnet": 120444000,
        "revenues": 68218000,
        "costofgoodssoldsubscription": 199157000,
        "costofgoodssold": 11454000,
        "costofservices": 84881000,
        "costofrevenue": 6344000,
        "grossprofit": 61874000,
        "researchanddevelopmentexpensesoftwareexcludingacquiredinprocesscost": 398957000,
        "sellingandmarketingexpense": 670084000,
        "generalandadministrativeexpense": 184063000,
        "operatingexpensesamortizationofpurchasedintangibles": 23874000,
        "operatingexpenses": 1276978000,
        "operatingincomeloss": 718606000,
        "othernonoperatingincome": 1608000,
        "interestexpense": 21107000,
        "gainlossoninvestments": 2251000,
        "nonoperatingincomeexpense": -17248000,
        "incomelossfromcontinuingoperationsbeforeincometaxesextraordinaryitemsnoncontrollinginterest": 701358000,
        "incometaxexpensebenefit": 35067000,
        "earningspersharebasic": 1.36,
        "weightedaveragenumberofsharesoutstandingbasic": 490025000,
        "earningspersharediluted": 1.34,
        "weightedaveragenumberofdilutedsharesoutstanding": 496866000
    },
    {
        "date": "2018-05-31",
        "symbol": "ADBE",
        "period": "Q2",
        "netincomeloss": 663167000,
        "othercomprehensiveincomeunrealizedholdinggainlossonsecuritiesarisingduringperiodnetoftax": -1721000,
        "othercomprehensiveincomelossreclassificationadjustmentfromaociforsaleofsecuritiesnetoftax": -75000,
        "othercomprehensiveincomelossavailableforsalesecuritiesadjustmentnetoftax": -1646000,
        "othercomprehensiveincomeunrealizedgainlossonderivativesarisingduringperiodnetoftax": 31104000,
        "othercomprehensiveincomelossreclassificationadjustmentfromaocionderivativesnetoftax": 37000,
        "othercomprehensiveincomelossderivativesqualifyingashedgesnetoftax": 31067000,
        "othercomprehensiveincomelossforeigncurrencytransactionandtranslationadjustmentnetoftax": -48713000,
        "othercomprehensiveincomelossnetoftax": -19292000,
        "comprehensiveincomenetoftax": 643875000,
        "subscriptionrevenue": 1923131000,
        "salesrevenuegoodsnet": 150993000,
        "salesrevenueservicesnet": 121236000,
        "revenues": 62984000,
        "costofgoodssoldsubscription": 186355000,
        "costofgoodssold": 10779000,
        "costofservices": 84210000,
        "costofrevenue": 5888000,
        "grossprofit": 57096000,
        "researchanddevelopmentexpensesoftwareexcludingacquiredinprocesscost": 374128000,
        "sellingandmarketingexpense": 646215000,
        "generalandadministrativeexpense": 178040000,
        "operatingexpensesamortizationofpurchasedintangibles": 17149000,
        "operatingexpenses": 1215532000,
        "operatingincomeloss": 698484000,
        "othernonoperatingincome": 11599000,
        "interestexpense": 20363000,
        "gainlossoninvestments": 1079000,
        "nonoperatingincomeexpense": -7685000,
        "incomelossfromcontinuingoperationsbeforeincometaxesextraordinaryitemsnoncontrollinginterest": 690799000,
        "incometaxexpensebenefit": 27632000,
        "earningspersharebasic": 1.35,
        "weightedaveragenumberofsharesoutstandingbasic": 491914000,
        "earningspersharediluted": 1.33,
        "weightedaveragenumberofdilutedsharesoutstanding": 498252000
    },
    {
        "date": "2018-03-01",
        "symbol": "ADBE",
        "period": "Q1",
        "netincomeloss": 583076000,
        "othercomprehensiveincomeunrealizedholdinggainlossonsecuritiesarisingduringperiodnetoftax": -23150000,
        "othercomprehensiveincomelossreclassificationadjustmentfromaociforsaleofsecuritiesnetoftax": -121000,
        "othercomprehensiveincomelossavailableforsalesecuritiesadjustmentnetoftax": -23029000,
        "othercomprehensiveincomeunrealizedgainlossonderivativesarisingduringperiodnetoftax": -1336000,
        "othercomprehensiveincomelossreclassificationadjustmentfromaocionderivativesnetoftax": 2139000,
        "othercomprehensiveincomelossderivativesqualifyingashedgesnetoftax": -3475000,
        "othercomprehensiveincomelossforeigncurrencytransactionandtranslationadjustmentnetoftax": 28386000,
        "othercomprehensiveincomelossnetoftax": 1882000,
        "comprehensiveincomenetoftax": 584958000,
        "subscriptionrevenue": 1793358000,
        "salesrevenuegoodsnet": 171608000,
        "salesrevenueservicesnet": 113981000,
        "revenues": 2078947000,
        "costofgoodssoldsubscription": 164685000,
        "costofgoodssold": 12877000,
        "costofservices": 81340000,
        "costofrevenue": 258902000,
        "grossprofit": 1820045000,
        "researchanddevelopmentexpensesoftwareexcludingacquiredinprocesscost": 348769000,
        "sellingandmarketingexpense": 580957000,
        "generalandadministrativeexpense": 170440000,
        "operatingexpensesamortizationofpurchasedintangibles": 17146000,
        "operatingexpenses": 1117312000,
        "operatingincomeloss": 702733000,
        "othernonoperatingincome": 16672000,
        "interestexpense": 19899000,
        "gainlossoninvestments": 2996000,
        "nonoperatingincomeexpense": -231000,
        "incomelossfromcontinuingoperationsbeforeincometaxesextraordinaryitemsnoncontrollinginterest": 702502000,
        "incometaxexpensebenefit": 119426000,
        "earningspersharebasic": 1.18,
        "weightedaveragenumberofsharesoutstandingbasic": 492061000,
        "earningspersharediluted": 1.17,
        "weightedaveragenumberofdilutedsharesoutstanding": 499433000
    },
    {
        "date": "2017-08-31",
        "symbol": "ADBE",
        "period": "Q3",
        "netincomeloss": 419569000,
        "othercomprehensiveincomeunrealizedholdinggainlossonsecuritiesarisingduringperiodnetoftax": 3545000,
        "othercomprehensiveincomelossreclassificationadjustmentfromaociforsaleofsecuritiesnetoftax": 488000,
        "othercomprehensiveincomelossavailableforsalesecuritiesadjustmentnetoftax": 3057000,
        "othercomprehensiveincomeunrealizedgainlossonderivativesarisingduringperiodnetoftax": 1483000,
        "othercomprehensiveincomelossreclassificationadjustmentfromaocionderivativesnetoftax": -30000,
        "othercomprehensiveincomelossderivativesqualifyingashedgesnetoftax": 1513000,
        "othercomprehensiveincomelossforeigncurrencytransactionandtranslationadjustmentnetoftax": 43552000,
        "othercomprehensiveincomelossnetoftax": 48122000,
        "comprehensiveincomenetoftax": 467691000,
        "subscriptionrevenue": 1570336000,
        "salesrevenuegoodsnet": 158961000,
        "salesrevenueservicesnet": 111777000,
        "revenues": 41362000,
        "costofgoodssoldsubscription": 168915000,
        "costofgoodssold": 11709000,
        "costofservices": 82298000,
        "costofrevenue": 1853000,
        "grossprofit": 39509000,
        "researchanddevelopmentexpensesoftwareexcludingacquiredinprocesscost": 315555000,
        "sellingandmarketingexpense": 550093000,
        "generalandadministrativeexpense": 147402000,
        "operatingexpensesamortizationofpurchasedintangibles": 19428000,
        "operatingexpenses": 1032478000,
        "operatingincomeloss": 545674000,
        "othernonoperatingincome": 13539000,
        "interestexpense": 18809000,
        "gainlossoninvestments": 975000,
        "nonoperatingincomeexpense": -4295000,
        "incomelossfromcontinuingoperationsbeforeincometaxesextraordinaryitemsnoncontrollinginterest": 541379000,
        "incometaxexpensebenefit": 121810000,
        "earningspersharebasic": 0.85,
        "weightedaveragenumberofsharesoutstandingbasic": 493426000,
        "earningspersharediluted": 0.84,
        "weightedaveragenumberofdilutedsharesoutstanding": 500398000
    },
    {
        "date": "2017-06-01",
        "symbol": "ADBE",
        "period": "Q2",
        "netincomeloss": 374390000,
        "othercomprehensiveincomeunrealizedholdinggainlossonsecuritiesarisingduringperiodnetoftax": 8665000,
        "othercomprehensiveincomelossreclassificationadjustmentfromaociforsaleofsecuritiesnetoftax": 246000,
        "othercomprehensiveincomelossavailableforsalesecuritiesadjustmentnetoftax": 8419000,
        "othercomprehensiveincomeunrealizedgainlossonderivativesarisingduringperiodnetoftax": -4579000,
        "othercomprehensiveincomelossreclassificationadjustmentfromaocionderivativesnetoftax": 13065000,
        "othercomprehensiveincomelossderivativesqualifyingashedgesnetoftax": -17644000,
        "othercomprehensiveincomelossforeigncurrencytransactionandtranslationadjustmentnetoftax": 47881000,
        "othercomprehensiveincomelossnetoftax": 38656000,
        "comprehensiveincomenetoftax": 413046000,
        "subscriptionrevenue": 1483690000,
        "salesrevenuegoodsnet": 171545000,
        "salesrevenueservicesnet": 116955000,
        "revenues": 43523000,
        "costofgoodssoldsubscription": 142734000,
        "costofgoodssold": 15488000,
        "costofservices": 81138000,
        "costofrevenue": 1668000,
        "grossprofit": 41855000,
        "researchanddevelopmentexpensesoftwareexcludingacquiredinprocesscost": 299401000,
        "sellingandmarketingexpense": 553098000,
        "generalandadministrativeexpense": 156929000,
        "operatingexpensesamortizationofpurchasedintangibles": 19320000,
        "operatingexpenses": 1028748000,
        "operatingincomeloss": 504082000,
        "othernonoperatingincome": 5154000,
        "interestexpense": 18347000,
        "gainlossoninvestments": 1729000,
        "nonoperatingincomeexpense": -11464000,
        "incomelossfromcontinuingoperationsbeforeincometaxesextraordinaryitemsnoncontrollinginterest": 492618000,
        "incometaxexpensebenefit": 118228000,
        "earningspersharebasic": 0.76,
        "weightedaveragenumberofsharesoutstandingbasic": 494371000,
        "earningspersharediluted": 0.75,
        "weightedaveragenumberofdilutedsharesoutstanding": 500351000
    },
    {
        "date": "2017-03-02",
        "symbol": "ADBE",
        "period": "Q1",
        "netincomeloss": 398446000,
        "othercomprehensiveincomeunrealizedholdinggainlossonsecuritiesarisingduringperiodnetoftax": 1024000,
        "othercomprehensiveincomelossreclassificationadjustmentfromaociforsaleofsecuritiesnetoftax": 160000,
        "othercomprehensiveincomelossavailableforsalesecuritiesadjustmentnetoftax": 864000,
        "othercomprehensiveincomeunrealizedgainlossonderivativesarisingduringperiodnetoftax": 6709000,
        "othercomprehensiveincomelossreclassificationadjustmentfromaocionderivativesnetoftax": 18184000,
        "othercomprehensiveincomelossderivativesqualifyingashedgesnetoftax": -11475000,
        "othercomprehensiveincomelossforeigncurrencytransactionandtranslationadjustmentnetoftax": -1196000,
        "othercomprehensiveincomelossnetoftax": -11807000,
        "comprehensiveincomenetoftax": 386639000,
        "subscriptionrevenue": 1383856000,
        "salesrevenuegoodsnet": 183385000,
        "salesrevenueservicesnet": 114405000,
        "revenues": 1681646000,
        "costofgoodssoldsubscription": 141181000,
        "costofgoodssold": 14333000,
        "costofservices": 81823000,
        "costofrevenue": 237337000,
        "grossprofit": 1444309000,
        "researchanddevelopmentexpensesoftwareexcludingacquiredinprocesscost": 285077000,
        "sellingandmarketingexpense": 520297000,
        "generalandadministrativeexpense": 150808000,
        "operatingexpensesamortizationofpurchasedintangibles": 19128000,
        "operatingexpenses": 975310000,
        "operatingincomeloss": 468999000,
        "othernonoperatingincome": 7206000,
        "interestexpense": 18130000,
        "gainlossoninvestments": 2557000,
        "nonoperatingincomeexpense": -8367000,
        "incomelossfromcontinuingoperationsbeforeincometaxesextraordinaryitemsnoncontrollinginterest": 460632000,
        "incometaxexpensebenefit": 62186000,
        "earningspersharebasic": 0.81,
        "weightedaveragenumberofsharesoutstandingbasic": 494612000,
        "earningspersharediluted": 0.8,
        "weightedaveragenumberofdilutedsharesoutstanding": 500861000
    },
    {
        "date": "2016-12-01",
        "symbol": "ADBE",
        "period": "Q4",
        "netincomeloss": 399613000,
        "othercomprehensiveincomeunrealizedholdinggainlossonsecuritiesarisingduringperiodnetoftax": -23296000,
        "othercomprehensiveincomelossreclassificationadjustmentfromaociforsaleofsecuritiesnetoftax": -88000,
        "othercomprehensiveincomelossavailableforsalesecuritiesadjustmentnetoftax": -23208000,
        "othercomprehensiveincomeunrealizedgainlossonderivativesarisingduringperiodnetoftax": 26110000,
        "othercomprehensiveincomelossreclassificationadjustmentfromaocionderivativesnetoftax": 6461000,
        "othercomprehensiveincomelossderivativesqualifyingashedgesnetoftax": 19649000,
        "othercomprehensiveincomelossforeigncurrencytransactionandtranslationadjustmentnetoftax": -35932000,
        "othercomprehensiveincomelossnetoftax": -39491000,
        "comprehensiveincomenetoftax": 360122000,
        "subscriptionrevenue": 1262273000,
        "salesrevenuegoodsnet": 221926000,
        "salesrevenueservicesnet": 124220000,
        "revenues": 148025000,
        "costofgoodssoldsubscription": 122196000,
        "costofgoodssold": 17427000,
        "costofservices": 76933000,
        "costofrevenue": -194601000,
        "grossprofit": -1099693000,
        "researchanddevelopmentexpensesoftwareexcludingacquiredinprocesscost": 257849000,
        "sellingandmarketingexpense": 495042000,
        "generalandadministrativeexpense": 148477000,
        "restructuringcharges": -285000,
        "operatingexpensesamortizationofpurchasedintangibles": 18500000,
        "operatingexpenses": 919583000,
        "operatingincomeloss": 472280000,
        "othernonoperatingincome": 553000,
        "interestexpense": 17518000,
        "gainlossoninvestments": 1385000,
        "nonoperatingincomeexpense": -15580000,
        "incometaxexpensebenefit": 57087000,
        "earningspersharebasic": 0.81,
        "weightedaveragenumberofsharesoutstandingbasic": -999338000,
        "earningspersharediluted": 0.7999999999999998,
        "weightedaveragenumberofdilutedsharesoutstanding": -1009771000
    },
    {
        "date": "2016-09-01",
        "symbol": "ADBE",
        "period": "Q3",
        "netincomeloss": 270788000,
        "othercomprehensiveincomeunrealizedholdinggainlossonsecuritiesarisingduringperiodnetoftax": 3055000,
        "othercomprehensiveincomelossreclassificationadjustmentfromaociforsaleofsecuritiesnetoftax": 869000,
        "othercomprehensiveincomelossavailableforsalesecuritiesadjustmentnetoftax": 2186000,
        "othercomprehensiveincomeunrealizedgainlossonderivativesarisingduringperiodnetoftax": 13233000,
        "othercomprehensiveincomelossreclassificationadjustmentfromaocionderivativesnetoftax": 3656000,
        "othercomprehensiveincomelossderivativesqualifyingashedgesnetoftax": 9577000,
        "othercomprehensiveincomelossforeigncurrencytransactionandtranslationadjustmentnetoftax": -12828000,
        "othercomprehensiveincomelossnetoftax": -1065000,
        "comprehensiveincomenetoftax": 269723000,
        "subscriptionrevenue": 1168602000,
        "salesrevenuegoodsnet": 180960000,
        "salesrevenueservicesnet": 114405000,
        "revenues": 44393000,
        "costofgoodssoldsubscription": 116990000,
        "costofgoodssold": 15435000,
        "costofservices": 70276000,
        "costofrevenue": 1865000,
        "grossprofit": 42528000,
        "researchanddevelopmentexpensesoftwareexcludingacquiredinprocesscost": 248450000,
        "sellingandmarketingexpense": 477475000,
        "generalandadministrativeexpense": 143702000,
        "restructuringcharges": -338000,
        "operatingexpensesamortizationofpurchasedintangibles": 22652000,
        "operatingexpenses": 891941000,
        "operatingincomeloss": 369325000,
        "othernonoperatingincome": 2725000,
        "interestexpense": 17281000,
        "gainlossoninvestments": 1532000,
        "nonoperatingincomeexpense": -13024000,
        "incomelossfromcontinuingoperationsbeforeincometaxesminorityinterestandincomelossfromequitymethodinvestments": 356301000,
        "incometaxexpensebenefit": 85513000,
        "earningspersharebasic": 0.54,
        "weightedaveragenumberofsharesoutstandingbasic": 498584000,
        "earningspersharediluted": 0.54,
        "weightedaveragenumberofdilutedsharesoutstanding": 503669000
    },
    {
        "date": "2016-06-02",
        "symbol": "ADBE",
        "period": "Q2",
        "netincomeloss": 244074000,
        "othercomprehensiveincomeunrealizedholdinggainlossonsecuritiesarisingduringperiodnetoftax": 20250000,
        "othercomprehensiveincomelossreclassificationadjustmentfromaociforsaleofsecuritiesnetoftax": 1070000,
        "othercomprehensiveincomelossavailableforsalesecuritiesadjustmentnetoftax": 19180000,
        "othercomprehensiveincomeunrealizedgainlossonderivativesarisingduringperiodnetoftax": -2433000,
        "othercomprehensiveincomelossreclassificationadjustmentfromaocionderivativesnetoftax": 3373000,
        "othercomprehensiveincomelossderivativesqualifyingashedgesnetoftax": -5806000,
        "othercomprehensiveincomelossforeigncurrencytransactionandtranslationadjustmentnetoftax": 5259000,
        "othercomprehensiveincomelossnetoftax": 18633000,
        "comprehensiveincomenetoftax": 262707000,
        "subscriptionrevenue": 1083708000,
        "salesrevenuegoodsnet": 196500000,
        "salesrevenueservicesnet": 118501000,
        "revenues": 43400000,
        "costofgoodssoldsubscription": 115399000,
        "costofgoodssold": 15756000,
        "costofservices": 70924000,
        "costofrevenue": 1905000,
        "grossprofit": 41495000,
        "researchanddevelopmentexpensesoftwareexcludingacquiredinprocesscost": 232484000,
        "sellingandmarketingexpense": 462789000,
        "generalandadministrativeexpense": 138596000,
        "restructuringcharges": -466000,
        "operatingexpensesamortizationofpurchasedintangibles": 18988000,
        "operatingexpenses": 852391000,
        "operatingincomeloss": 344239000,
        "othernonoperatingincome": 6083000,
        "interestexpense": 17174000,
        "gainlossoninvestments": -3318000,
        "nonoperatingincomeexpense": -14409000,
        "incomelossfromcontinuingoperationsbeforeincometaxesminorityinterestandincomelossfromequitymethodinvestments": 329830000,
        "incometaxexpensebenefit": 85756000,
        "earningspersharebasic": 0.49,
        "weightedaveragenumberofsharesoutstandingbasic": 499974000,
        "earningspersharediluted": 0.48,
        "weightedaveragenumberofdilutedsharesoutstanding": 504725000
    },
    {
        "date": "2016-03-03",
        "symbol": "ADBE",
        "period": "Q1",
        "netincomeloss": 254307000,
        "othercomprehensiveincomeunrealizedholdinggainlossonsecuritiesarisingduringperiodnetoftax": -1627000,
        "othercomprehensiveincomelossreclassificationadjustmentfromaociforsaleofsecuritiesnetoftax": 44000,
        "othercomprehensiveincomelossavailableforsalesecuritiesadjustmentnetoftax": -1671000,
        "othercomprehensiveincomeunrealizedgainlossonderivativesarisingduringperiodnetoftax": -1711000,
        "othercomprehensiveincomelossreclassificationadjustmentfromaocionderivativesnetoftax": 2935000,
        "othercomprehensiveincomelossderivativesqualifyingashedgesnetoftax": -4646000,
        "othercomprehensiveincomelossforeigncurrencytransactionandtranslationadjustmentnetoftax": 23718000,
        "othercomprehensiveincomelossnetoftax": 17401000,
        "comprehensiveincomenetoftax": 271708000,
        "subscriptionrevenue": 1070250000,
        "salesrevenuegoodsnet": 201112000,
        "salesrevenueservicesnet": 111973000,
        "revenues": 1383335000,
        "costofgoodssoldsubscription": 107275000,
        "costofgoodssold": 20299000,
        "costofservices": 70998000,
        "costofrevenue": 198572000,
        "grossprofit": 1184763000,
        "researchanddevelopmentexpensesoftwareexcludingacquiredinprocesscost": 237204000,
        "sellingandmarketingexpense": 474891000,
        "generalandadministrativeexpense": 146935000,
        "restructuringcharges": -419000,
        "operatingexpensesamortizationofpurchasedintangibles": 18394000,
        "operatingexpenses": 877005000,
        "operatingincomeloss": 307758000,
        "othernonoperatingincome": 4187000,
        "interestexpense": 18469000,
        "gainlossoninvestments": -1169000,
        "nonoperatingincomeexpense": -15451000,
        "incomelossfromcontinuingoperationsbeforeincometaxesminorityinterestandincomelossfromequitymethodinvestments": 292307000,
        "incometaxexpensebenefit": 38000000,
        "earningspersharebasic": 0.51,
        "weightedaveragenumberofsharesoutstandingbasic": 499125000,
        "earningspersharediluted": 0.5,
        "weightedaveragenumberofdilutedsharesoutstanding": 505676000
    },
    {
        "date": "2015-11-26",
        "symbol": "ADBE",
        "period": "Q4",
        "netincomeloss": 222705000,
        "othercomprehensiveincomeunrealizedholdinggainlossonsecuritiesarisingduringperiodnetoftax": -951000,
        "othercomprehensiveincomelossreclassificationadjustmentfromaociforsaleofsecuritiesnetoftax": 825000,
        "othercomprehensiveincomelossavailableforsalesecuritiesadjustmentnetoftax": -1776000,
        "othercomprehensiveincomeunrealizedgainlossonderivativesarisingduringperiodnetoftax": 11229000,
        "othercomprehensiveincomelossreclassificationadjustmentfromaocionderivativesnetoftax": 971000,
        "othercomprehensiveincomelossderivativesqualifyingashedgesnetoftax": 10258000,
        "othercomprehensiveincomelossforeigncurrencytransactionandtranslationadjustmentnetoftax": -36731000,
        "othercomprehensiveincomelossnetoftax": -28249000,
        "comprehensiveincomenetoftax": 194456000,
        "subscriptionrevenue": 907434000,
        "salesrevenuegoodsnet": 284496000,
        "salesrevenueservicesnet": 114474000,
        "revenues": 133437000,
        "costofgoodssoldsubscription": 106368000,
        "costofgoodssold": 24320000,
        "costofservices": 70673000,
        "costofrevenue": -163000000,
        "grossprofit": -848518000,
        "researchanddevelopmentexpensesoftwareexcludingacquiredinprocesscost": 220514000,
        "sellingandmarketingexpense": 441472000,
        "generalandadministrativeexpense": 134052000,
        "restructuringcharges": 521000,
        "operatingexpensesamortizationofpurchasedintangibles": 18050000,
        "operatingexpenses": 814609000,
        "operatingincomeloss": 290434000,
        "othernonoperatingincome": 22399000,
        "interestexpense": 16515000,
        "gainlossoninvestments": 622000,
        "nonoperatingincomeexpense": 6506000,
        "incomelossfromcontinuingoperationsbeforeincometaxesminorityinterestandincomelossfromequitymethodinvestments": 296940000,
        "incometaxexpensebenefit": 74235000,
        "earningspersharebasic": 0.44000000000000006,
        "weightedaveragenumberofsharesoutstandingbasic": -997910000,
        "earningspersharediluted": 0.43999999999999984,
        "weightedaveragenumberofdilutedsharesoutstanding": -1011753000
    },
    {
        "date": "2015-08-27",
        "symbol": "ADBE",
        "period": "Q3",
        "netincomeloss": 174465000,
        "othercomprehensiveincomeunrealizedholdinggainlossonsecuritiesarisingduringperiodnetoftax": -8334000,
        "othercomprehensiveincomelossreclassificationadjustmentfromaociforsaleofsecuritiesnetoftax": 570000,
        "othercomprehensiveincomelossavailableforsalesecuritiesadjustmentnetoftax": -8904000,
        "othercomprehensiveincomeunrealizedgainlossonderivativesarisingduringperiodnetoftax": -1874000,
        "othercomprehensiveincomelossreclassificationadjustmentfromaocionderivativesnetoftax": 8899000,
        "othercomprehensiveincomelossderivativesqualifyingashedgesnetoftax": -10773000,
        "othercomprehensiveincomelossforeigncurrencytransactionandtranslationadjustmentnetoftax": 8318000,
        "othercomprehensiveincomelossnetoftax": -11359000,
        "comprehensiveincomenetoftax": 163106000,
        "subscriptionrevenue": 829065000,
        "salesrevenuegoodsnet": 275338000,
        "salesrevenueservicesnet": 113365000,
        "revenues": 45611000,
        "costofgoodssoldsubscription": 103605000,
        "costofgoodssold": 24545000,
        "costofservices": 62835000,
        "costofrevenue": 2076000,
        "grossprofit": 43535000,
        "researchanddevelopmentexpensesoftwareexcludingacquiredinprocesscost": 218660000,
        "sellingandmarketingexpense": 422031000,
        "generalandadministrativeexpense": 122578000,
        "restructuringcharges": -751000,
        "operatingexpensesamortizationofpurchasedintangibles": 18246000,
        "operatingexpenses": 780764000,
        "operatingincomeloss": 246019000,
        "othernonoperatingincome": 4433000,
        "interestexpense": 16519000,
        "gainlossoninvestments": -1314000,
        "nonoperatingincomeexpense": -13400000,
        "incomelossfromcontinuingoperationsbeforeincometaxesminorityinterestandincomelossfromequitymethodinvestments": 232619000,
        "incometaxexpensebenefit": 58154000,
        "earningspersharebasic": 0.35,
        "weightedaveragenumberofsharesoutstandingbasic": 498630000,
        "earningspersharediluted": 0.34,
        "weightedaveragenumberofdilutedsharesoutstanding": 505809000
    },
    {
        "date": "2015-05-28",
        "symbol": "ADBE",
        "period": "Q2",
        "netincomeloss": 147493000,
        "othercomprehensiveincomeunrealizedholdinggainlossonsecuritiesarisingduringperiodnetoftax": 876000,
        "othercomprehensiveincomelossreclassificationadjustmentfromaociforsaleofsecuritiesnetoftax": 633000,
        "othercomprehensiveincomelossavailableforsalesecuritiesadjustmentnetoftax": 243000,
        "othercomprehensiveincomeunrealizedgainlossonderivativesarisingduringperiodnetoftax": 8144000,
        "othercomprehensiveincomelossreclassificationadjustmentfromaocionderivativesnetoftax": 21953000,
        "othercomprehensiveincomelossderivativesqualifyingashedgesnetoftax": -13809000,
        "othercomprehensiveincomelossforeigncurrencytransactionandtranslationadjustmentnetoftax": -12096000,
        "othercomprehensiveincomelossnetoftax": -25662000,
        "comprehensiveincomenetoftax": 121831000,
        "subscriptionrevenue": 773963000,
        "salesrevenuegoodsnet": 274538000,
        "salesrevenueservicesnet": 113657000,
        "revenues": 48219000,
        "costofgoodssoldsubscription": 103694000,
        "costofgoodssold": 21467000,
        "costofservices": 60012000,
        "costofrevenue": 2547000,
        "grossprofit": 45672000,
        "researchanddevelopmentexpensesoftwareexcludingacquiredinprocesscost": 208047000,
        "sellingandmarketingexpense": 426998000,
        "generalandadministrativeexpense": 130208000,
        "restructuringcharges": 34000,
        "operatingexpensesamortizationofpurchasedintangibles": 18081000,
        "operatingexpenses": 783368000,
        "operatingincomeloss": 193617000,
        "othernonoperatingincome": 3739000,
        "interestexpense": 16605000,
        "gainlossoninvestments": 223000,
        "nonoperatingincomeexpense": -12643000,
        "incomelossfromcontinuingoperationsbeforeincometaxesminorityinterestandincomelossfromequitymethodinvestments": 180974000,
        "incometaxexpensebenefit": 33481000,
        "earningspersharebasic": 0.3,
        "weightedaveragenumberofsharesoutstandingbasic": 499290000,
        "earningspersharediluted": 0.29,
        "weightedaveragenumberofdilutedsharesoutstanding": 505582000
    },
    {
        "date": "2015-02-26",
        "symbol": "ADBE",
        "period": "Q1",
        "netincomeloss": 84888000,
        "othercomprehensiveincomeunrealizedholdinggainlossonsecuritiesarisingduringperiodnetoftax": -817000,
        "othercomprehensiveincomelossreclassificationadjustmentfromaociforsaleofsecuritiesnetoftax": 927000,
        "othercomprehensiveincomelossavailableforsalesecuritiesadjustmentnetoftax": -1744000,
        "othercomprehensiveincomeunrealizedgainlossonderivativesarisingduringperiodnetoftax": 12296000,
        "othercomprehensiveincomelossreclassificationadjustmentfromaocionderivativesnetoftax": 23712000,
        "othercomprehensiveincomelossderivativesqualifyingashedgesnetoftax": -11416000,
        "othercomprehensiveincomelossforeigncurrencytransactionandtranslationadjustmentnetoftax": -82556000,
        "othercomprehensiveincomelossnetoftax": -95716000,
        "comprehensiveincomenetoftax": -10828000,
        "subscriptionrevenue": 713442000,
        "salesrevenuegoodsnet": 290774000,
        "salesrevenueservicesnet": 104965000,
        "revenues": 1109181000,
        "costofgoodssoldsubscription": 95527000,
        "costofgoodssold": 19703000,
        "costofservices": 51568000,
        "costofrevenue": 166798000,
        "grossprofit": 942383000,
        "researchanddevelopmentexpensesoftwareexcludingacquiredinprocesscost": 215509000,
        "sellingandmarketingexpense": 392741000,
        "generalandadministrativeexpense": 145081000,
        "restructuringcharges": 1755000,
        "operatingexpensesamortizationofpurchasedintangibles": 14272000,
        "operatingexpenses": 769358000,
        "operatingincomeloss": 173025000,
        "othernonoperatingincome": 3338000,
        "interestexpense": 14545000,
        "gainlossoninvestments": 1430000,
        "nonoperatingincomeexpense": -9777000,
        "incomelossfromcontinuingoperationsbeforeincometaxesminorityinterestandincomelossfromequitymethodinvestments": 163248000,
        "incometaxexpensebenefit": 78360000,
        "earningspersharebasic": 0.17,
        "weightedaveragenumberofsharesoutstandingbasic": 498754000,
        "earningspersharediluted": 0.17,
        "weightedaveragenumberofdilutedsharesoutstanding": 507526000
    },
    {
        "date": "2014-11-27",
        "symbol": "ADBE",
        "period": "Q4",
        "netincomeloss": 88136000,
        "othercomprehensiveincomeunrealizedholdinggainlossonsecuritiesarisingduringperiodnetoftax": 650000,
        "othercomprehensiveincomelossreclassificationadjustmentfromaociforsaleofsecuritiesnetoftax": 448000,
        "othercomprehensiveincomelossavailableforsalesecuritiesadjustmentnetoftax": 202000,
        "othercomprehensiveincomeunrealizedgainlossonderivativesarisingduringperiodnetoftax": 30018000,
        "othercomprehensiveincomelossreclassificationadjustmentfromaocionderivativesnetoftax": 12216000,
        "othercomprehensiveincomelossderivativesqualifyingashedgesnetoftax": 17802000,
        "othercomprehensiveincomelossforeigncurrencytransactionandtranslationadjustmentnetoftax": -46165000,
        "othercomprehensiveincomelossnetoftax": -28161000,
        "comprehensiveincomenetoftax": 59975000,
        "salesrevenuegoodsnet": 327951000,
        "subscriptionrevenue": 628954000,
        "salesrevenueservicesnet": 116423000,
        "revenues": 1579225000,
        "costofgoodssold": 21930000,
        "costofgoodssoldsubscription": 87883000,
        "costofservices": 51130000,
        "costofrevenue": 72848000,
        "grossprofit": -15897000,
        "researchanddevelopmentexpensesoftwareexcludingacquiredinprocesscost": 213687000,
        "sellingandmarketingexpense": 408862000,
        "generalandadministrativeexpense": 133534000,
        "restructuringcharges": 19385000,
        "operatingexpensesamortizationofpurchasedintangibles": 12412000,
        "operatingexpenses": 787880000,
        "operatingincomeloss": 124505000,
        "othernonoperatingincome": 105000,
        "interestexpense": 12678000,
        "gainlossoninvestments": 343000,
        "nonoperatingincomeexpense": -12230000,
        "incomelossfromcontinuingoperationsbeforeincometaxesminorityinterestandincomelossfromequitymethodinvestments": 112275000,
        "incometaxexpensebenefit": 24139000,
        "earningspersharebasic": 0.18000000000000008,
        "weightedaveragenumberofsharesoutstandingbasic": -995480000,
        "earningspersharediluted": 0.18000000000000002,
        "weightedaveragenumberofdilutedsharesoutstanding": -1014358000
    },
    {
        "date": "2014-08-28",
        "symbol": "ADBE",
        "period": "Q3",
        "netincomeloss": 44686000,
        "othercomprehensiveincomeunrealizedholdinggainlossonsecuritiesarisingduringperiodnetoftax": -1822000,
        "othercomprehensiveincomelossreclassificationadjustmentfromaociforsaleofsecuritiesnetoftax": 1592000,
        "othercomprehensiveincomelossavailableforsalesecuritiesadjustmentnetoftax": -3414000,
        "othercomprehensiveincomeunrealizedgainlossonderivativesarisingduringperiodnetoftax": 10003000,
        "othercomprehensiveincomelossreclassificationadjustmentfromaocionderivativesnetoftax": 1075000,
        "othercomprehensiveincomelossderivativesqualifyingashedgesnetoftax": 8928000,
        "othercomprehensiveincomelossforeigncurrencytransactionandtranslationadjustmentnetoftax": -32090000,
        "othercomprehensiveincomelossnetoftax": -26576000,
        "comprehensiveincomenetoftax": 18110000,
        "salesrevenuegoodsnet": 349151000,
        "subscriptionrevenue": 547373000,
        "salesrevenueservicesnet": 108885000,
        "revenues": 336575000,
        "costofgoodssold": 23172000,
        "costofgoodssoldsubscription": 86670000,
        "costofservices": 47882000,
        "costofrevenue": 1960000,
        "grossprofit": 45415000,
        "researchanddevelopmentexpensesoftwareexcludingacquiredinprocesscost": 212049000,
        "sellingandmarketingexpense": 406475000,
        "generalandadministrativeexpense": 141676000,
        "restructuringcharges": 201000,
        "operatingexpensesamortizationofpurchasedintangibles": 13108000,
        "operatingexpenses": 773509000,
        "operatingincomeloss": 74176000,
        "othernonoperatingincome": 1454000,
        "interestexpense": 13361000,
        "gainlossoninvestments": 669000,
        "nonoperatingincomeexpense": -11238000,
        "incomelossfromcontinuingoperationsbeforeincometaxesminorityinterestandincomelossfromequitymethodinvestments": 62938000,
        "incometaxexpensebenefit": 18252000,
        "earningspersharebasic": 0.09,
        "weightedaveragenumberofsharesoutstandingbasic": 498468000,
        "earningspersharediluted": 0.09,
        "weightedaveragenumberofdilutedsharesoutstanding": 507811000
    },
    {
        "date": "2014-05-29",
        "symbol": "ADBE",
        "period": "Q2",
        "netincomeloss": 88527000,
        "othercomprehensiveincomeunrealizedholdinggainlossonsecuritiesarisingduringperiodnetoftax": 1977000,
        "othercomprehensiveincomelossreclassificationadjustmentfromaociforsaleofsecuritiesnetoftax": 1251000,
        "othercomprehensiveincomelossavailableforsalesecuritiesadjustmentnetoftax": 726000,
        "othercomprehensiveincomeunrealizedgainlossonderivativesarisingduringperiodnetoftax": 2001000,
        "othercomprehensiveincomelossreclassificationadjustmentfromaocionderivativesnetoftax": 2616000,
        "othercomprehensiveincomelossderivativesqualifyingashedgesnetoftax": -615000,
        "othercomprehensiveincomelossforeigncurrencytransactionandtranslationadjustmentnetoftax": -10060000,
        "othercomprehensiveincomelossnetoftax": -9949000,
        "comprehensiveincomenetoftax": 78578000,
        "salesrevenuegoodsnet": 479247000,
        "subscriptionrevenue": 476694000,
        "salesrevenueservicesnet": 112267000,
        "revenues": 46276000,
        "costofgoodssold": 24499000,
        "costofgoodssoldsubscription": 84147000,
        "costofservices": 46258000,
        "costofrevenue": 36063000,
        "grossprofit": 655512000,
        "researchanddevelopmentexpensesoftwareexcludingacquiredinprocesscost": 209092000,
        "sellingandmarketingexpense": 426830000,
        "generalandadministrativeexpense": 129138000,
        "restructuringcharges": -366000,
        "operatingexpensesamortizationofpurchasedintangibles": 13352000,
        "operatingexpenses": 778046000,
        "operatingincomeloss": 135258000,
        "othernonoperatingincome": 2563000,
        "interestexpense": 17103000,
        "gainlossoninvestments": 553000,
        "nonoperatingincomeexpense": -13987000,
        "incomelossfromcontinuingoperationsbeforeincometaxesminorityinterestandincomelossfromequitymethodinvestments": 121271000,
        "incometaxexpensebenefit": 32744000,
        "earningspersharebasic": 0.18,
        "weightedaveragenumberofsharesoutstandingbasic": 497931000,
        "earningspersharediluted": 0.17,
        "weightedaveragenumberofdilutedsharesoutstanding": 506687000
    },
    {
        "date": "2014-02-27",
        "symbol": "ADBE",
        "period": "Q1",
        "netincomeloss": 47046000,
        "othercomprehensiveincomeunrealizedholdinggainlossonsecuritiesarisingduringperiodnetoftax": 1510000,
        "othercomprehensiveincomelossreclassificationadjustmentfromaociforsaleofsecuritiesnetoftax": 637000,
        "othercomprehensiveincomelossavailableforsalesecuritiesadjustmentnetoftax": 873000,
        "othercomprehensiveincomeunrealizedgainlossonderivativesarisingduringperiodnetoftax": -29000,
        "othercomprehensiveincomelossreclassificationadjustmentfromaocionderivativesnetoftax": 2798000,
        "othercomprehensiveincomelossderivativesqualifyingashedgesnetoftax": -2827000,
        "othercomprehensiveincomelossforeigncurrencytransactionandtranslationadjustmentnetoftax": 12443000,
        "othercomprehensiveincomelossnetoftax": 10489000,
        "comprehensiveincomenetoftax": 57535000,
        "salesrevenuegoodsnet": 471454000,
        "subscriptionrevenue": 423563000,
        "salesrevenueservicesnet": 105103000,
        "revenues": 641103000,
        "costofgoodssold": 27498000,
        "costofgoodssoldsubscription": 76732000,
        "costofservices": 44279000,
        "costofrevenue": 38087000,
        "grossprofit": 206414000,
        "researchanddevelopmentexpensesoftwareexcludingacquiredinprocesscost": 209525000,
        "sellingandmarketingexpense": 410141000,
        "generalandadministrativeexpense": 138984000,
        "restructuringcharges": 663000,
        "operatingexpensesamortizationofpurchasedintangibles": 13552000,
        "operatingexpenses": 772865000,
        "operatingincomeloss": 78746000,
        "othernonoperatingincome": 3145000,
        "interestexpense": 16590000,
        "gainlossoninvestments": -409000,
        "nonoperatingincomeexpense": -13854000,
        "incomelossfromcontinuingoperationsbeforeincometaxesminorityinterestandincomelossfromequitymethodinvestments": 64892000,
        "incometaxexpensebenefit": 17846000,
        "earningspersharebasic": 0.09,
        "weightedaveragenumberofsharesoutstandingbasic": 496948000,
        "earningspersharediluted": 0.09,
        "weightedaveragenumberofdilutedsharesoutstanding": 508340000
    },
    {
        "date": "2013-11-28",
        "symbol": "ADBE",
        "period": "Q4",
        "netincomeloss": 65320000,
        "othercomprehensiveincomeunrealizedholdinggainlossonsecuritiesarisingduringperiodnetoftax": 10125000,
        "othercomprehensiveincomelossavailableforsalesecuritiesadjustmentnetoftax": 9438000,
        "othercomprehensiveincomeunrealizedgainlossonderivativesarisingduringperiodnetoftax": 4963000,
        "othercomprehensiveincomelossderivativesqualifyingashedgesnetoftax": 1929000,
        "othercomprehensiveincomelossforeigncurrencytransactionandtranslationadjustmentnetoftax": 21769000,
        "othercomprehensiveincomelossnetoftax": 33136000,
        "comprehensiveincomenetoftax": 98456000,
        "salesrevenuegoodsnet": 567232000,
        "subscriptionrevenue": 359723000,
        "salesrevenueservicesnet": 114744000,
        "revenues": 1390734000,
        "costofgoodssold": 26803000,
        "costofgoodssoldsubscription": 77314000,
        "costofservices": 43399000,
        "costofrevenue": 40822000,
        "grossprofit": 258458000,
        "researchanddevelopmentexpensesoftwareexcludingacquiredinprocesscost": 205196000,
        "sellingandmarketingexpense": 431540000,
        "generalandadministrativeexpense": 138358000,
        "restructuringcharges": 2294000,
        "operatingexpensesamortizationofpurchasedintangibles": 13959000,
        "operatingexpenses": 791347000,
        "operatingincomeloss": 102836000,
        "othernonoperatingincome": 695000,
        "interestexpense": 16722000,
        "gainlossoninvestments": 1461000,
        "nonoperatingincomeexpense": -14566000,
        "incomelossfromcontinuingoperationsbeforeincometaxesminorityinterestandincomelossfromequitymethodinvestments": 88270000,
        "incometaxexpensebenefit": 22950000,
        "earningspersharebasic": 0.1399999999999999,
        "weightedaveragenumberofsharesoutstandingbasic": -1004735000,
        "earningspersharediluted": 0.12,
        "weightedaveragenumberofdilutedsharesoutstanding": -1020868000
    },
    {
        "date": "2013-08-29",
        "symbol": "ADBE",
        "period": "Q3",
        "netincomeloss": 83002000,
        "othercomprehensiveincomeunrealizedholdinggainlossonsecuritiesarisingduringperiodnetoftax": -7757000,
        "othercomprehensiveincomelossreclassificationadjustmentfromaociforsaleofsecuritiesnetoftax": -46000,
        "othercomprehensiveincomelossavailableforsalesecuritiesadjustmentnetoftax": -7711000,
        "othercomprehensiveincomeunrealizedgainlossonderivativesarisingduringperiodnetoftax": -2947000,
        "othercomprehensiveincomelossreclassificationadjustmentfromaocionderivativesnetoftax": 10487000,
        "othercomprehensiveincomelossderivativesqualifyingashedgesnetoftax": -13434000,
        "othercomprehensiveincomelossforeigncurrencytransactionandtranslationadjustmentnetoftax": 6651000,
        "othercomprehensiveincomelossnetoftax": -14494000,
        "comprehensiveincomenetoftax": 68508000,
        "salesrevenuegoodsnet": 582178000,
        "subscriptionrevenue": 299346000,
        "salesrevenueservicesnet": 113595000,
        "revenues": 636723000,
        "costofgoodssold": 32564000,
        "costofgoodssoldsubscription": 71656000,
        "costofservices": 42856000,
        "costofrevenue": 41376000,
        "grossprofit": 208538000,
        "researchanddevelopmentexpensesoftwareexcludingacquiredinprocesscost": 208700000,
        "sellingandmarketingexpense": 388673000,
        "generalandadministrativeexpense": 128043000,
        "restructuringcharges": -791000,
        "operatingexpensesamortizationofpurchasedintangibles": 13064000,
        "operatingexpenses": 737689000,
        "operatingincomeloss": 110354000,
        "othernonoperatingincome": 1732000,
        "interestexpense": 16747000,
        "gainlossoninvestments": -2079000,
        "nonoperatingincomeexpense": -17094000,
        "incomelossfromcontinuingoperationsbeforeincometaxesminorityinterestandincomelossfromequitymethodinvestments": 93260000,
        "incometaxexpensebenefit": 10258000,
        "earningspersharebasic": 0.16,
        "weightedaveragenumberofsharesoutstandingbasic": 504116000,
        "earningspersharediluted": 0.16,
        "weightedaveragenumberofdilutedsharesoutstanding": 514058000
    },
    {
        "date": "2013-05-30",
        "symbol": "ADBE",
        "period": "Q2",
        "netincomeloss": 76546000,
        "othercomprehensiveincomeunrealizedholdinggainlossonsecuritiesarisingduringperiodnetoftax": -5255000,
        "othercomprehensiveincomelossreclassificationadjustmentforsaleofsecuritiesincludedinnetincomenetoftax": -788000,
        "othercomprehensiveincomelossavailableforsalesecuritiesadjustmentnetoftax": -6043000,
        "othercomprehensiveincomeunrealizedgainlossonderivativesarisingduringperiodnetoftax": 10885000,
        "othercomprehensiveincomelossreclassificationadjustmentonderivativesincludedinnetincomenetoftax": -15299000,
        "othercomprehensiveincomelossderivativesqualifyingashedgesnetoftax": -4414000,
        "othercomprehensiveincomelossforeigncurrencytransactionandtranslationadjustmentnetoftax": -2192000,
        "othercomprehensiveincomelossnetoftax": -12649000,
        "comprehensiveincomenetoftax": 63897000,
        "salesrevenuegoodsnet": 644899000,
        "subscriptionrevenue": 254521000,
        "salesrevenueservicesnet": 111129000,
        "revenues": 55152000,
        "costofgoodssold": 26805000,
        "costofgoodssoldsubscription": 66527000,
        "costofservices": 41949000,
        "costofrevenue": 34881000,
        "grossprofit": 187647000,
        "researchanddevelopmentexpensesoftwareexcludingacquiredinprocesscost": 203097000,
        "sellingandmarketingexpense": 402208000,
        "generalandadministrativeexpense": 120870000,
        "restructuringcharges": 24992000,
        "operatingexpensesamortizationofpurchasedintangibles": 12792000,
        "operatingexpenses": 763959000,
        "operatingincomeloss": 111309000,
        "othernonoperatingincome": 1268000,
        "interestexpense": 17205000,
        "gainlossoninvestments": -4245000,
        "nonoperatingincomeexpense": -20182000,
        "incomelossfromcontinuingoperationsbeforeincometaxesminorityinterestandincomelossfromequitymethodinvestments": 91127000,
        "incometaxexpensebenefit": 14581000,
        "earningspersharebasic": 0.15,
        "weightedaveragenumberofsharesoutstandingbasic": 503384000,
        "earningspersharediluted": 0.15,
        "weightedaveragenumberofdilutedsharesoutstanding": 512446000
    },
    {
        "date": "2013-02-28",
        "symbol": "ADBE",
        "period": "Q1",
        "netincomeloss": 65117000,
        "othercomprehensiveincomeunrealizedholdinggainlossonsecuritiesarisingduringperiodnetoftax": 702000,
        "othercomprehensiveincomelossreclassificationadjustmentforsaleofsecuritiesincludedinnetincomenetoftax": -1584000,
        "othercomprehensiveincomelossavailableforsalesecuritiesadjustmentnetoftax": -882000,
        "othercomprehensiveincomeunrealizedgainlossonderivativesarisingduringperiodnetoftax": 21776000,
        "othercomprehensiveincomelossreclassificationadjustmentonderivativesincludedinnetincomenetoftax": -7094000,
        "othercomprehensiveincomelossderivativesqualifyingashedgesnetoftax": 14682000,
        "othercomprehensiveincomelossforeigncurrencytransactionandtranslationadjustmentnetoftax": -4402000,
        "othercomprehensiveincomelossnetoftax": 9398000,
        "comprehensiveincomenetoftax": 74515000,
        "salesrevenuegoodsnet": 675789000,
        "subscriptionrevenue": 224266000,
        "salesrevenueservicesnet": 107818000,
        "revenues": 51773000,
        "costofgoodssold": 51982000,
        "costofgoodssoldsubscription": 62580000,
        "costofservices": 42122000,
        "costofrevenue": 53709000,
        "grossprofit": 169421000,
        "researchanddevelopmentexpensesoftwareexcludingacquiredinprocesscost": 209638000,
        "sellingandmarketingexpense": 398033000,
        "generalandadministrativeexpense": 132853000,
        "restructuringcharges": 2000,
        "operatingexpensesamortizationofpurchasedintangibles": 12439000,
        "operatingexpenses": 752965000,
        "operatingincomeloss": 98224000,
        "othernonoperatingincome": 1246000,
        "interestexpense": 16834000,
        "gainlossoninvestments": 848000,
        "nonoperatingincomeexpense": -14740000,
        "incomelossfromcontinuingoperationsbeforeincometaxesminorityinterestandincomelossfromequitymethodinvestments": 83484000,
        "incometaxexpensebenefit": 18367000,
        "earningspersharebasic": 0.13,
        "weightedaveragenumberofsharesoutstandingbasic": 498607000,
        "earningspersharediluted": 0.13,
        "weightedaveragenumberofdilutedsharesoutstanding": 507840000
    },
    {
        "date": "2012-11-29",
        "symbol": "ADBE",
        "period": "Q4",
        "salesrevenuegoodsnet": 852843000,
        "subscriptionrevenue": 194537000,
        "salesrevenueservicesnet": 106048000,
        "revenues": 2031838000,
        "costofgoodssold": 28687000,
        "costofgoodssoldsubscription": 59308000,
        "costofservices": 36983000,
        "costofrevenue": 237917000,
        "grossprofit": 2475873000,
        "researchanddevelopmentexpensesoftwareexcludingacquiredinprocesscost": 195047000,
        "sellingandmarketingexpense": 402181000,
        "generalandadministrativeexpense": 111449000,
        "restructuringcharges": -275000,
        "operatingexpenses": 720685000,
        "operatingincomeloss": 307765000,
        "othernonoperatingincome": -718000,
        "interestexpense": 16767000,
        "gainlossoninvestments": 351000,
        "nonoperatingincomeexpense": -17134000,
        "incomelossfromcontinuingoperationsbeforeincometaxesminorityinterestandincomelossfromequitymethodinvestments": 290631000,
        "incometaxexpensebenefit": 68298000,
        "netincomeloss": 222333000,
        "earningspersharebasic": 0.45000000000000007,
        "weightedaveragenumberofsharesoutstandingbasic": -989286000,
        "earningspersharediluted": 0.43999999999999984,
        "weightedaveragenumberofdilutedsharesoutstanding": -998791000
    },
    {
        "date": "2012-08-30",
        "symbol": "ADBE",
        "period": "Q3",
        "salesrevenuegoodsnet": 810457000,
        "subscriptionrevenue": 172920000,
        "salesrevenueservicesnet": 97203000,
        "revenues": 54428000,
        "costofgoodssold": 27234000,
        "costofgoodssoldsubscription": 56191000,
        "costofservices": 36196000,
        "costofrevenue": 30656000,
        "grossprofit": 171474000,
        "researchanddevelopmentexpensesoftwareexcludingacquiredinprocesscost": 189145000,
        "sellingandmarketingexpense": 368556000,
        "generalandadministrativeexpense": 110249000,
        "restructuringcharges": 2374000,
        "operatingexpensesamortizationofpurchasedintangibles": 12331000,
        "operatingexpenses": 682655000,
        "operatingincomeloss": 278304000,
        "othernonoperatingincome": 1217000,
        "interestexpense": 17253000,
        "gainlossoninvestments": 944000,
        "nonoperatingincomeexpense": -15092000,
        "incomelossfromcontinuingoperationsbeforeincometaxesminorityinterestandincomelossfromequitymethodinvestments": 263212000,
        "incometaxexpensebenefit": 61855000,
        "netincomeloss": 201357000,
        "earningspersharebasic": 0.41,
        "weightedaveragenumberofsharesoutstandingbasic": 494051000,
        "earningspersharediluted": 0.4,
        "weightedaveragenumberofdilutedsharesoutstanding": 499757000
    },
    {
        "date": "2012-05-31",
        "symbol": "ADBE",
        "period": "Q2",
        "salesrevenuegoodsnet": 871022000,
        "subscriptionrevenue": 159519000,
        "salesrevenueservicesnet": 93908000,
        "revenues": 55058000,
        "costofgoodssold": 40074000,
        "costofgoodssoldsubscription": 54823000,
        "costofservices": 36021000,
        "costofrevenue": 43054000,
        "grossprofit": 165007000,
        "researchanddevelopmentexpensesoftwareexcludingacquiredinprocesscost": 180903000,
        "sellingandmarketingexpense": 386459000,
        "generalandadministrativeexpense": 110603000,
        "restructuringcharges": -2191000,
        "operatingexpensesamortizationofpurchasedintangibles": 12614000,
        "operatingexpenses": 688388000,
        "operatingincomeloss": 305143000,
        "othernonoperatingincome": -1128000,
        "interestexpense": 16629000,
        "gainlossoninvestments": 7188000,
        "nonoperatingincomeexpense": -10569000,
        "incomelossfromcontinuingoperationsbeforeincometaxesminorityinterestandincomelossfromequitymethodinvestments": 294574000,
        "incometaxexpensebenefit": 70698000,
        "netincomeloss": 223876000,
        "earningspersharebasic": 0.45,
        "weightedaveragenumberofsharesoutstandingbasic": 495950000,
        "earningspersharediluted": 0.45,
        "weightedaveragenumberofdilutedsharesoutstanding": 501377000
    },
    {
        "date": "2012-03-01",
        "symbol": "ADBE",
        "period": "Q1",
        "salesrevenuegoodsnet": 808521000,
        "subscriptionrevenue": 146230000,
        "salesrevenueservicesnet": 90469000,
        "revenues": 55030000,
        "costofgoodssold": 25668000,
        "costofgoodssoldsubscription": 48780000,
        "costofservices": 33817000,
        "costofrevenue": 26973000,
        "grossprofit": 181620000,
        "researchanddevelopmentexpensesoftwareexcludingacquiredinprocesscost": 177728000,
        "sellingandmarketingexpense": 358963000,
        "generalandadministrativeexpense": 102681000,
        "restructuringcharges": -2825000,
        "amortizationofintangibleassets": 11429000,
        "operatingexpenses": 647976000,
        "operatingincomeloss": 288979000,
        "othernonoperatingincome": -2785000,
        "interestexpense": 16838000,
        "gainlossoninvestments": 1021000,
        "nonoperatingincomeexpense": -18602000,
        "incomelossfromcontinuingoperationsbeforeincometaxesminorityinterestandincomelossfromequitymethodinvestments": 270377000,
        "incometaxexpensebenefit": 85168000,
        "netincomeloss": 185209000,
        "earningspersharebasic": 0.37,
        "weightedaveragenumberofsharesoutstandingbasic": 494016000,
        "earningspersharediluted": 0.37,
        "weightedaveragenumberofdilutedsharesoutstanding": 500378000
    },
    {
        "date": "2011-12-01",
        "symbol": "ADBE",
        "period": "Q4",
        "salesrevenuegoodsnet": 936958000,
        "subscriptionrevenue": 123374000,
        "salesrevenueservicesnet": 91829000,
        "revenues": 749899000,
        "costofgoodssold": 34048000,
        "costofgoodssoldsubscription": 51334000,
        "costofservices": 30997000,
        "costofrevenue": 151049000,
        "grossprofit": 51746000,
        "researchanddevelopmentexpensesoftwareexcludingacquiredinprocesscost": 195403000,
        "sellingandmarketingexpense": 368330000,
        "generalandadministrativeexpense": 119586000,
        "restructuringcharges": 94502000,
        "operatingexpenses": 789651000,
        "operatingincomeloss": 246131000,
        "othernonoperatingincome": -1351000,
        "interestexpense": 16774000,
        "gainlossoninvestments": 5174000,
        "nonoperatingincomeexpense": -12951000,
        "incomelossfromcontinuingoperationsbeforeincometaxesminorityinterestandincomelossfromequitymethodinvestments": 233180000,
        "incometaxexpensebenefit": 59461000,
        "netincomeloss": 173719000,
        "earningspersharebasic": 0.34999999999999987,
        "weightedaveragenumberofsharesoutstandingbasic": -1000888000,
        "earningspersharediluted": 0.3499999999999998,
        "weightedaveragenumberofdilutedsharesoutstanding": -1012445000
    },
    {
        "date": "2011-09-01",
        "symbol": "ADBE",
        "period": "Q3",
        "salesrevenuegoodsnet": 814544000,
        "subscriptionrevenue": 111931000,
        "salesrevenueservicesnet": 86737000,
        "revenues": 151107000,
        "costofgoodssold": 26209000,
        "costofgoodssoldsubscription": 47492000,
        "costofservices": 30953000,
        "costofrevenue": 12520000,
        "grossprofit": 142113000,
        "researchanddevelopmentexpensesoftwareexcludingacquiredinprocesscost": 181039000,
        "sellingandmarketingexpense": 340724000,
        "generalandadministrativeexpense": 98493000,
        "restructuringcharges": 3816000,
        "amortizationofintangibleassets": 10376000,
        "operatingexpenses": 634448000,
        "operatingincomeloss": 274110000,
        "othernonoperatingincome": 33000,
        "interestexpense": 16431000,
        "gainlossoninvestments": -993000,
        "nonoperatingincomeexpense": -17391000,
        "incomelossfromcontinuingoperationsbeforeincometaxesminorityinterestandincomelossfromequitymethodinvestments": 256719000,
        "incometaxexpensebenefit": 61618000,
        "netincomeloss": 195101000,
        "earningspersharebasic": 0.39,
        "weightedaveragenumberofsharesoutstandingbasic": 494537000,
        "earningspersharediluted": 0.39,
        "weightedaveragenumberofdilutedsharesoutstanding": 498741000
    },
    {
        "date": "2011-06-02",
        "symbol": "ADBE",
        "period": "Q2",
        "salesrevenuegoodsnet": 830281000,
        "subscriptionrevenue": 109169000,
        "salesrevenueservicesnet": 83729000,
        "revenues": 115892000,
        "costofgoodssold": 34666000,
        "costofgoodssoldsubscription": 47329000,
        "costofservices": 27206000,
        "costofrevenue": 25309000,
        "grossprofit": 76208000,
        "researchanddevelopmentexpensesoftwareexcludingacquiredinprocesscost": 183211000,
        "sellingandmarketingexpense": 348690000,
        "generalandadministrativeexpense": 95547000,
        "restructuringcharges": -586000,
        "amortizationofintangibleassets": 10392000,
        "operatingexpenses": 637254000,
        "operatingincomeloss": 276724000,
        "othernonoperatingincome": -839000,
        "interestexpense": 16727000,
        "gainlossoninvestments": 86000,
        "nonoperatingincomeexpense": -17480000,
        "incomelossfromcontinuingoperationsbeforeincometaxesminorityinterestandincomelossfromequitymethodinvestments": 259244000,
        "incometaxexpensebenefit": 29808000,
        "netincomeloss": 229436000,
        "earningspersharebasic": 0.46,
        "weightedaveragenumberofsharesoutstandingbasic": 499686000,
        "earningspersharediluted": 0.45,
        "weightedaveragenumberofdilutedsharesoutstanding": 506280000
    },
    {
        "date": "2011-03-03",
        "symbol": "ADBE",
        "period": "Q1",
        "salesrevenuegoodsnet": 842689000,
        "subscriptionrevenue": 106171000,
        "salesrevenueservicesnet": 78846000,
        "revenues": 1027706000,
        "costofgoodssold": 30717000,
        "costofgoodssoldsubscription": 47878000,
        "costofservices": 29044000,
        "costofrevenue": 2662000,
        "grossprofit": 63045000,
        "researchanddevelopmentexpensesoftwareexcludingacquiredinprocesscost": 178400000,
        "sellingandmarketingexpense": 328078000,
        "generalandadministrativeexpense": 100979000,
        "restructuringcharges": 41000,
        "amortizationofintangibleassets": 10235000,
        "operatingexpenses": 617733000,
        "operatingincomeloss": 302334000,
        "othernonoperatingincome": -817000,
        "interestexpense": 17020000,
        "gainlossoninvestments": 1590000,
        "nonoperatingincomeexpense": -16247000,
        "incomelossfromcontinuingoperationsbeforeincometaxesminorityinterestandincomelossfromequitymethodinvestments": 286087000,
        "incometaxexpensebenefit": 51496000,
        "netincomeloss": 234591000,
        "earningspersharebasic": 0.47,
        "weightedaveragenumberofsharesoutstandingbasic": 504134000,
        "earningspersharediluted": 0.46,
        "weightedaveragenumberofdilutedsharesoutstanding": 511345000
    },
    {
        "date": "2010-09-02",
        "symbol": "ADBE",
        "period": "Q3",
        "salesrevenuegoodsnet": 829096000,
        "subscriptionrevenue": 91000000,
        "salesrevenueservicesnet": 62591000,
        "revenues": 990319000,
        "costofgoodssold": 29147000,
        "costofgoodssoldsubscription": 50483000,
        "costofservices": 19454000,
        "costofrevenue": 46702000,
        "grossprofit": 44333000,
        "researchanddevelopmentexpensesoftwareexcludingacquiredinprocesscost": 168296000,
        "sellingandmarketingexpense": 303219000,
        "generalandadministrativeexpense": 102177000,
        "restructuringcharges": -2090000,
        "amortizationofintangibleassets": 17620000,
        "operatingexpenses": 589222000,
        "operatingincomeloss": 302013000,
        "othernonoperatingincome": 7607000,
        "interestexpense": 16395000,
        "gainlossoninvestments": 3527000,
        "nonoperatingincomeexpense": -5261000,
        "incomelossfromcontinuingoperationsbeforeincometaxesminorityinterestandincomelossfromequitymethodinvestments": 296752000,
        "incometaxexpensebenefit": 66687000,
        "netincomeloss": 230065000,
        "earningspersharebasic": 0.44,
        "weightedaveragenumberofsharesoutstandingbasic": 518710000,
        "earningspersharediluted": 0.44,
        "weightedaveragenumberofdilutedsharesoutstanding": 523179000
    },
    {
        "date": "2010-06-03",
        "symbol": "ADBE",
        "period": "Q2",
        "salesrevenuegoodsnet": 795260000,
        "subscriptionrevenue": 74000000,
        "salesrevenueservicesnet": 55496000,
        "revenues": 943035000,
        "costofgoodssold": 39645000,
        "costofgoodssoldsubscription": 50190000,
        "costofservices": 17998000,
        "costofrevenue": 46041000,
        "grossprofit": 37447000,
        "researchanddevelopmentexpensesoftwareexcludingacquiredinprocesscost": 167318000,
        "sellingandmarketingexpense": 320976000,
        "generalandadministrativeexpense": 89953000,
        "restructuringcharges": 11541000,
        "amortizationofintangibleassets": 18129000,
        "operatingexpenses": 607917000,
        "operatingincomeloss": 227285000,
        "othernonoperatingincome": -6313000,
        "interestexpense": 16076000,
        "gainlossoninvestments": -10723000,
        "nonoperatingincomeexpense": -33112000,
        "incomelossfromcontinuingoperationsbeforeincometaxesminorityinterestandincomelossfromequitymethodinvestments": 194173000,
        "incometaxexpensebenefit": 45562000,
        "netincomeloss": 148611000,
        "earningspersharebasic": 0.28,
        "weightedaveragenumberofsharesoutstandingbasic": 526148000,
        "earningspersharediluted": 0.28,
        "weightedaveragenumberofdilutedsharesoutstanding": 533259000
    },
    {
        "date": "2010-03-04",
        "symbol": "ADBE",
        "period": "Q1",
        "salesrevenuegoodsnet": 703938000,
        "subscriptionrevenue": 77000000,
        "salesrevenueservicesnet": 59255000,
        "revenues": 858700000,
        "costofgoodssold": 23510000,
        "costofgoodssoldsubscription": 45735000,
        "costofservices": 20123000,
        "costofrevenue": 42085000,
        "grossprofit": 45587000,
        "researchanddevelopmentexpensesoftwareexcludingacquiredinprocesscost": 174340000,
        "sellingandmarketingexpense": 297294000,
        "generalandadministrativeexpense": 91046000,
        "restructuringcharges": 11622000,
        "amortizationofintangibleassets": 18197000,
        "operatingexpenses": 592499000,
        "operatingincomeloss": 176833000,
        "othernonoperatingincome": 611000,
        "interestexpense": 7695000,
        "gainlossoninvestments": -3534000,
        "nonoperatingincomeexpense": -10618000,
        "incomelossfromcontinuingoperationsbeforeincometaxesminorityinterestandincomelossfromequitymethodinvestments": 166215000,
        "incometaxexpensebenefit": 39061000,
        "netincomeloss": 127154000,
        "earningspersharebasic": 0.24,
        "weightedaveragenumberofsharesoutstandingbasic": 524173000,
        "earningspersharediluted": 0.24,
        "weightedaveragenumberofdilutedsharesoutstanding": 532645000
    },
    {
        "date": "2009-08-27",
        "symbol": "ADBE",
        "period": "Q3",
        "salesrevenuegoodsnet": 649865000,
        "salesrevenueservicesnet": 47642000,
        "revenues": 697507000,
        "costofgoodssold": 49365000,
        "costofservices": 15682000,
        "costofrevenue": 4946000,
        "grossprofit": 39989000,
        "researchanddevelopmentexpensesoftwareexcludingacquiredinprocesscost": 138902000,
        "sellingandmarketingexpense": 231320000,
        "generalandadministrativeexpense": 79593000,
        "restructuringcharges": 65000,
        "amortizationofintangibleassets": 14978000,
        "operatingexpenses": 464858000,
        "operatingincomeloss": 167602000,
        "othernonoperatingincome": 6667000,
        "interestexpense": 460000,
        "gainlossoninvestments": 607000,
        "nonoperatingincomeexpense": 6814000,
        "incomelossfromcontinuingoperationsbeforeincometaxesminorityinterestandincomelossfromequitymethodinvestments": 174416000,
        "incometaxexpensebenefit": 38371000,
        "netincomeloss": 136045000,
        "earningspersharebasic": 0.26,
        "weightedaveragenumberofsharesoutstandingbasic": 525911000,
        "earningspersharediluted": 0.26,
        "weightedaveragenumberofdilutedsharesoutstanding": 531809000
    }
]