[
    {
        "date": "2024-09-29",
        "symbol": "D",
        "period": "Q3",
        "revenues": 2762000000,
        "electricfuelandotherenergyrelatedpurchases": 690000000,
        "purchasedexcesselectriccapacity": 24000000,
        "purchasedexcessgas": 34000000,
        "affiliatedsuppliers": 110000000,
        "utilitiesoperatingexpensemaintenanceandoperations": 464000000,
        "depreciationandamortization": 375000000,
        "taxesexcludingincomeandexcisetaxes": 83000000,
        "assetimpairmentcharges": 27000000,
        "impairmentofassetsandotherchargesbenefits": 40000000,
        "costsandexpenses": 1786000000,
        "operatingincomeloss": 976000000,
        "othernonoperatingincomeexpense": 58000000,
        "interestanddebtexpense": 239000000,
        "incomelossfromcontinuingoperationsbeforeincometaxesextraordinaryitemsnoncontrollinginterest": 1150000000,
        "incomelossfromcontinuingoperationsbeforeincometaxesminorityinterestandincomelossfromequitymethodinvestments": 795000000,
        "incometaxexpensebenefit": 141000000,
        "incomelossfromcontinuingoperationsincludingportionattributabletononcontrollinginterest": 967000000,
        "incomelossfromdiscontinuedoperationsnetoftax": -13000000,
        "profitloss": 954000000,
        "netincomeloss": 654000000,
        "incomelossfromcontinuingoperations": 967000000,
        "incomelossfromdiscontinuedoperationsnetoftaxattributabletoreportingentity": -13000000,
        "incomelossfromcontinuingoperationsperbasicshare": 1.14,
        "incomelossfromdiscontinuedoperationsnetoftaxperbasicshare": -0.02,
        "earningspersharebasic": 1.12,
        "incomelossfromcontinuingoperationsperdilutedshare": 1.14,
        "incomelossfromdiscontinuedoperationsnetoftaxperdilutedshare": -0.02,
        "earningspersharediluted": 1.12,
        "discontinuedoperationtaxeffectofdiscontinuedoperation": 2000000,
        "othercomprehensiveincomelosscashflowhedgegainlossbeforereclassificationaftertax": -7000000,
        "othercomprehensiveincomeunrealizedholdinggainlossonsecuritiesarisingduringperiodnetoftax": 6000000,
        "othercomprehensiveincomelosspensionandotherpostretirementbenefitplansadjustmentbeforereclassificationadjustmentsnetoftax": -4000000,
        "othercomprehensiveincomelosscashflowhedgegainlossreclassificationaftertax": -8000000,
        "othercomprehensiveincomelossreclassificationadjustmentfromaociforsaleofsecuritiesnetoftax": 1000000,
        "othercomprehensiveincomelossreclassificationadjustmentfromaocipensionandotherpostretirementbenefitplansnetoftax": -3000000,
        "othercomprehensiveincomelossnetoftax": -2000000,
        "comprehensiveincomenetoftaxincludingportionattributabletononcontrollinginterest": 987000000,
        "comprehensiveincomenetoftax": 652000000,
        "othercomprehensiveincomelosscashflowhedgegainlossbeforereclassificationtax": 3000000,
        "othercomprehensiveincomeunrealizedholdinggainlossonsecuritiesarisingduringperiodtax": 2000000,
        "othercomprehensiveincomelosspensionandotherpostretirementbenefitplansbeforereclassificationadjustmentstax": -2000000,
        "othercomprehensiveincomelosscashflowhedgegainlossreclassificationtax": -3000000,
        "othercomprehensiveincomelossreclassificationadjustmentfromaociforsaleofsecuritiestax": -1000000,
        "othercomprehensiveincomelossreclassificationadjustmentfromaocipensionandotherpostretirementbenefitplanstax": -1000000
    },
    {
        "date": "2024-06-29",
        "symbol": "D",
        "period": "Q2",
        "revenues": 3486000000,
        "electricfuelandotherenergyrelatedpurchases": 918000000,
        "purchasedexcesselectriccapacity": 21000000,
        "purchasedexcessgas": 44000000,
        "affiliatedsuppliers": 113000000,
        "utilitiesoperatingexpensemaintenanceandoperations": 841000000,
        "depreciationandamortization": 621000000,
        "taxesexcludingincomeandexcisetaxes": 170000000,
        "assetimpairmentcharges": 67000000,
        "impairmentofassetsandotherchargesbenefits": 15000000,
        "gainlossondispositionofassets": 1000000,
        "costsandexpenses": 2681000000,
        "operatingincomeloss": 805000000,
        "othernonoperatingincomeexpense": 250000000,
        "interestanddebtexpense": 469000000,
        "incomelossfromcontinuingoperationsbeforeincometaxesextraordinaryitemsnoncontrollinginterest": 586000000,
        "incomelossfromcontinuingoperationsbeforeincometaxesminorityinterestandincomelossfromequitymethodinvestments": 596000000,
        "incometaxexpensebenefit": 95000000,
        "incomelossfromcontinuingoperationsincludingportionattributabletononcontrollinginterest": 491000000,
        "incomelossfromdiscontinuedoperationsnetoftax": 81000000,
        "profitloss": 572000000,
        "netincomeloss": 572000000,
        "incomelossfromcontinuingoperations": 491000000,
        "incomelossfromdiscontinuedoperationsnetoftaxattributabletoreportingentity": 81000000,
        "incomelossfromcontinuingoperationsperbasicshare": 0.55,
        "incomelossfromdiscontinuedoperationsnetoftaxperbasicshare": 0.1,
        "earningspersharebasic": 0.65,
        "incomelossfromcontinuingoperationsperdilutedshare": 0.55,
        "incomelossfromdiscontinuedoperationsnetoftaxperdilutedshare": 0.1,
        "earningspersharediluted": 0.65,
        "discontinuedoperationtaxeffectofdiscontinuedoperation": -19000000,
        "othercomprehensiveincomelosscashflowhedgegainlossbeforereclassificationaftertax": 2000000,
        "othercomprehensiveincomeunrealizedholdinggainlossonsecuritiesarisingduringperiodnetoftax": 7000000,
        "othercomprehensiveincomelosspensionandotherpostretirementbenefitplansadjustmentbeforereclassificationadjustmentsnetoftax": 16000000,
        "othercomprehensiveincomelosscashflowhedgegainlossreclassificationaftertax": -9000000,
        "othercomprehensiveincomelossreclassificationadjustmentfromaociforsaleofsecuritiesnetoftax": -1000000,
        "othercomprehensiveincomelossreclassificationadjustmentfromaocipensionandotherpostretirementbenefitplansnetoftax": 55000000,
        "othercomprehensiveincomelossnetoftax": 57000000,
        "comprehensiveincomenetoftaxincludingportionattributabletononcontrollinginterest": 629000000,
        "comprehensiveincomenetoftax": 629000000,
        "othercomprehensiveincomelosscashflowhedgegainlossbeforereclassificationtax": -2000000,
        "othercomprehensiveincomeunrealizedholdinggainlossonsecuritiesarisingduringperiodtax": 2000000,
        "othercomprehensiveincomelosspensionandotherpostretirementbenefitplansbeforereclassificationadjustmentstax": 4000000,
        "othercomprehensiveincomelosscashflowhedgegainlossreclassificationtax": -2000000,
        "othercomprehensiveincomelossreclassificationadjustmentfromaociforsaleofsecuritiestax": 1000000,
        "othercomprehensiveincomelossreclassificationadjustmentfromaocipensionandotherpostretirementbenefitplanstax": 20000000
    },
    {
        "date": "2024-03-30",
        "symbol": "D",
        "period": "Q1",
        "revenues": 3632000000,
        "electricfuelandotherenergyrelatedpurchases": 959000000,
        "purchasedexcesselectriccapacity": 12000000,
        "purchasedexcessgas": 120000000,
        "affiliatedsuppliers": 102000000,
        "utilitiesoperatingexpensemaintenanceandoperations": 856000000,
        "depreciationandamortization": 621000000,
        "taxesexcludingincomeandexcisetaxes": 202000000,
        "assetimpairmentcharges": 30000000,
        "impairmentofassetsandotherchargesbenefits": -17000000,
        "gainlossondispositionofassets": 1000000,
        "costsandexpenses": 2799000000,
        "operatingincomeloss": 833000000,
        "othernonoperatingincomeexpense": 435000000,
        "interestanddebtexpense": 574000000,
        "incomelossfromcontinuingoperationsbeforeincometaxesextraordinaryitemsnoncontrollinginterest": 694000000,
        "incomelossfromcontinuingoperationsbeforeincometaxesminorityinterestandincomelossfromequitymethodinvestments": 593000000,
        "incometaxexpensebenefit": 134000000,
        "incomelossfromcontinuingoperationsincludingportionattributabletononcontrollinginterest": 560000000,
        "incomelossfromdiscontinuedoperationsnetoftax": 114000000,
        "profitloss": 674000000,
        "netincomeloss": 674000000,
        "incomelossfromcontinuingoperations": 560000000,
        "incomelossfromdiscontinuedoperationsnetoftaxattributabletoreportingentity": 114000000,
        "incomelossfromcontinuingoperationsperbasicshare": 0.64,
        "incomelossfromdiscontinuedoperationsnetoftaxperbasicshare": 0.14,
        "earningspersharebasic": 0.78,
        "incomelossfromcontinuingoperationsperdilutedshare": 0.64,
        "incomelossfromdiscontinuedoperationsnetoftaxperdilutedshare": 0.14,
        "earningspersharediluted": 0.78,
        "discontinuedoperationtaxeffectofdiscontinuedoperation": 51000000,
        "othercomprehensiveincomelosscashflowhedgegainlossbeforereclassificationaftertax": 7000000,
        "othercomprehensiveincomeunrealizedholdinggainlossonsecuritiesarisingduringperiodnetoftax": -26000000,
        "othercomprehensiveincomelosspensionandotherpostretirementbenefitplansadjustmentbeforereclassificationadjustmentsnetoftax": 237000000,
        "othercomprehensiveincomelosscashflowhedgegainlossreclassificationaftertax": -7000000,
        "othercomprehensiveincomelossreclassificationadjustmentfromaociforsaleofsecuritiesnetoftax": -6000000,
        "othercomprehensiveincomelossreclassificationadjustmentfromaocipensionandotherpostretirementbenefitplansnetoftax": 5000000,
        "othercomprehensiveincomelossnetoftax": -238000000,
        "comprehensiveincomenetoftaxincludingportionattributabletononcontrollinginterest": 436000000,
        "comprehensiveincomenetoftax": 436000000,
        "othercomprehensiveincomelosscashflowhedgegainlossbeforereclassificationtax": -1000000,
        "othercomprehensiveincomeunrealizedholdinggainlossonsecuritiesarisingduringperiodtax": -10000000,
        "othercomprehensiveincomelosspensionandotherpostretirementbenefitplansbeforereclassificationadjustmentstax": 84000000,
        "othercomprehensiveincomelosscashflowhedgegainlossreclassificationtax": -4000000,
        "othercomprehensiveincomelossreclassificationadjustmentfromaociforsaleofsecuritiestax": -2000000,
        "othercomprehensiveincomelossreclassificationadjustmentfromaocipensionandotherpostretirementbenefitplanstax": 1000000
    },
    {
        "date": "2023-12-30",
        "symbol": "D",
        "period": "Q4",
        "revenues": 5948000000,
        "electricfuelandotherenergyrelatedpurchases": 1381000000,
        "purchasedexcesselectriccapacity": 18000000,
        "purchasedexcessgas": -746000000,
        "affiliatedsuppliers": 105000000,
        "utilitiesoperatingexpensemaintenanceandoperations": 1620000000,
        "depreciationandamortization": 1038000000,
        "taxesexcludingincomeandexcisetaxes": 370000000,
        "impairmentofassetsandotherchargesbenefits": -30000000,
        "costsandexpenses": 4721000000,
        "operatingincomeloss": 1227000000,
        "othernonoperatingincomeexpense": 968000000,
        "interestanddebtexpense": 1503000000,
        "incomelossfromcontinuingoperationsbeforeincometaxesextraordinaryitemsnoncontrollinginterest": -97000000,
        "incomelossfromcontinuingoperationsbeforeincometaxesminorityinterestandincomelossfromequitymethodinvestments": 1250000000,
        "incometaxexpensebenefit": 400000000,
        "incomelossfromcontinuingoperationsincludingportionattributabletononcontrollinginterest": 1425000000,
        "incomelossfromdiscontinuedoperationsnetoftax": 383000000,
        "profitloss": 235000000,
        "netincomeloss": 1922000000,
        "incomelossfromcontinuingoperations": -148000000,
        "incomelossfromdiscontinuedoperationsnetoftaxattributabletoreportingentity": 383000000,
        "incomelossfromcontinuingoperationsperbasicshare": -0.20000000000000007,
        "incomelossfromdiscontinuedoperationsnetoftaxperbasicshare": 0.46,
        "earningspersharebasic": 0.26000000000000023,
        "incomelossfromcontinuingoperationsperdilutedshare": -0.20000000000000007,
        "incomelossfromdiscontinuedoperationsnetoftaxperdilutedshare": 0.46,
        "earningspersharediluted": 0.26000000000000023,
        "discontinuedoperationtaxeffectofdiscontinuedoperation": 97000000,
        "othercomprehensiveincomelosscashflowhedgegainlossbeforereclassificationaftertax": -17000000,
        "othercomprehensiveincomeunrealizedholdinggainlossonsecuritiesarisingduringperiodnetoftax": 74000000,
        "othercomprehensiveincomelosscashflowhedgegainlossreclassificationaftertax": -9000000,
        "othercomprehensiveincomelossreclassificationadjustmentfromaociforsaleofsecuritiesnetoftax": 12000000,
        "othercomprehensiveincomelossreclassificationadjustmentfromaocipensionandotherpostretirementbenefitplansnetoftax": -72000000,
        "othercomprehensiveincomelossnetoftax": 62000000,
        "comprehensiveincomenetoftaxincludingportionattributabletononcontrollinginterest": 294000000,
        "comprehensiveincomenetoftax": 1211000000,
        "othercomprehensiveincomelosscashflowhedgegainlossbeforereclassificationtax": 6000000,
        "othercomprehensiveincomeunrealizedholdinggainlossonsecuritiesarisingduringperiodtax": 25000000,
        "othercomprehensiveincomelosscashflowhedgegainlossreclassificationtax": -2000000,
        "othercomprehensiveincomelossreclassificationadjustmentfromaocipensionandotherpostretirementbenefitplanstax": -5000000
    },
    {
        "date": "2023-09-29",
        "symbol": "D",
        "period": "Q3",
        "revenues": 3810000000,
        "electricfuelandotherenergyrelatedpurchases": 1049000000,
        "purchasedexcesselectriccapacity": 19000000,
        "purchasedexcessgas": 40000000,
        "affiliatedsuppliers": 98000000,
        "utilitiesoperatingexpensemaintenanceandoperations": 848000000,
        "depreciationandamortization": 663000000,
        "taxesexcludingincomeandexcisetaxes": 162000000,
        "impairmentofassetsandotherchargesbenefits": -6000000,
        "costsandexpenses": 2775000000,
        "operatingincomeloss": 1035000000,
        "othernonoperatingincomeexpense": 56000000,
        "interestanddebtexpense": 192000000,
        "incomelossfromcontinuingoperationsbeforeincometaxesextraordinaryitemsnoncontrollinginterest": 899000000,
        "incomelossfromcontinuingoperationsbeforeincometaxesminorityinterestandincomelossfromequitymethodinvestments": 602000000,
        "incometaxexpensebenefit": 182000000,
        "incomelossfromcontinuingoperationsincludingportionattributabletononcontrollinginterest": 717000000,
        "incomelossfromdiscontinuedoperationsnetoftax": -554000000,
        "profitloss": 163000000,
        "netincomeloss": 163000000,
        "incomelossfromcontinuingoperations": 717000000,
        "incomelossfromdiscontinuedoperationsnetoftaxattributabletoreportingentity": -554000000,
        "incomelossfromcontinuingoperationsperbasicshare": 0.83,
        "incomelossfromdiscontinuedoperationsnetoftaxperbasicshare": -0.66,
        "earningspersharebasic": 0.17,
        "incomelossfromcontinuingoperationsperdilutedshare": 0.83,
        "incomelossfromdiscontinuedoperationsnetoftaxperdilutedshare": -0.66,
        "earningspersharediluted": 0.17,
        "discontinuedoperationtaxeffectofdiscontinuedoperation": 1200000000,
        "othercomprehensiveincomelosscashflowhedgegainlossbeforereclassificationaftertax": 19000000,
        "othercomprehensiveincomeunrealizedholdinggainlossonsecuritiesarisingduringperiodnetoftax": -22000000,
        "othercomprehensiveincomelosscashflowhedgegainlossreclassificationaftertax": -8000000,
        "othercomprehensiveincomelossreclassificationadjustmentfromaociforsaleofsecuritiesnetoftax": -2000000,
        "othercomprehensiveincomelossreclassificationadjustmentfromaocipensionandotherpostretirementbenefitplansnetoftax": 8000000,
        "ociequitymethodinvestmentaftertax": 3000000,
        "changesinothercomprehensiveincomelossfromequitymethodinvesteesinvestmentsnetoftaxincludingportionattributabletononcontrollinginterest": -1000000,
        "othercomprehensiveincomelossnetoftax": 1000000,
        "comprehensiveincomenetoftaxincludingportionattributabletononcontrollinginterest": 164000000,
        "comprehensiveincomenetoftax": 164000000,
        "othercomprehensiveincomelosscashflowhedgegainlossbeforereclassificationtax": -6000000,
        "othercomprehensiveincomeunrealizedholdinggainlossonsecuritiesarisingduringperiodtax": -6000000,
        "othercomprehensiveincomelosscashflowhedgegainlossreclassificationtax": -3000000,
        "othercomprehensiveincomelossreclassificationadjustmentfromaocipensionandotherpostretirementbenefitplanstax": -7000000,
        "ociequitymethodinvestmenttax": -1000000
    },
    {
        "date": "2023-06-29",
        "symbol": "D",
        "period": "Q2",
        "revenues": 2251000000,
        "electricfuelandotherenergyrelatedpurchases": 706000000,
        "purchasedexcesselectriccapacity": 10000000,
        "purchasedexcessgas": 227000000,
        "affiliatedsuppliers": 99000000,
        "utilitiesoperatingexpensemaintenanceandoperations": 344000000,
        "depreciationandamortization": 432000000,
        "taxesexcludingincomeandexcisetaxes": 67000000,
        "impairmentofassetsandotherchargesbenefits": 53000000,
        "assetimpairmentcharges": 36000000,
        "gainlossondispositionofassets": 11000000,
        "costsandexpenses": 1696000000,
        "operatingincomeloss": 555000000,
        "incomelossfromequitymethodinvestments": 90000000,
        "othernonoperatingincomeexpense": -19000000,
        "interestanddebtexpense": -10000000,
        "incomelossfromcontinuingoperationsbeforeincometaxesextraordinaryitemsnoncontrollinginterest": 707000000,
        "incomelossfromcontinuingoperationsbeforeincometaxesminorityinterestandincomelossfromequitymethodinvestments": -9000000,
        "incometaxexpensebenefit": -3000000,
        "incomelossfromcontinuingoperationsincludingportionattributabletononcontrollinginterest": 8000000,
        "incomelossfromdiscontinuedoperationsnetoftax": 13000000,
        "profitloss": 599000000,
        "netincomeloss": -60000000,
        "incomelossfromcontinuingoperations": 586000000,
        "incomelossfromdiscontinuedoperationsnetoftaxattributabletoreportingentity": 13000000,
        "incomelossfromcontinuingoperationsperbasicshare": 0.67,
        "incomelossfromdiscontinuedoperationsnetoftaxperbasicshare": 0.02,
        "earningspersharebasic": 0.69,
        "incomelossfromcontinuingoperationsperdilutedshare": 0.67,
        "incomelossfromdiscontinuedoperationsnetoftaxperdilutedshare": 0.02,
        "earningspersharediluted": 0.69,
        "discontinuedoperationtaxeffectofdiscontinuedoperation": 4000000,
        "othercomprehensiveincomelosscashflowhedgegainlossbeforereclassificationaftertax": 6000000,
        "othercomprehensiveincomeunrealizedholdinggainlossonsecuritiesarisingduringperiodnetoftax": -1000000,
        "othercomprehensiveincomelosscashflowhedgegainlossreclassificationaftertax": -8000000,
        "othercomprehensiveincomelossreclassificationadjustmentfromaociforsaleofsecuritiesnetoftax": 2000000,
        "othercomprehensiveincomelossreclassificationadjustmentfromaocipensionandotherpostretirementbenefitplansnetoftax": 12000000,
        "othercomprehensiveincomelossnetoftax": -1000000,
        "comprehensiveincomenetoftaxincludingportionattributabletononcontrollinginterest": 598000000,
        "comprehensiveincomenetoftax": 337000000,
        "othercomprehensiveincomelosscashflowhedgegainlossbeforereclassificationtax": -2000000,
        "othercomprehensiveincomeunrealizedholdinggainlossonsecuritiesarisingduringperiodtax": -1000000,
        "othercomprehensiveincomelosscashflowhedgegainlossreclassificationtax": -2000000,
        "othercomprehensiveincomelossreclassificationadjustmentfromaociforsaleofsecuritiestax": 1000000,
        "othercomprehensiveincomelossreclassificationadjustmentfromaocipensionandotherpostretirementbenefitplanstax": -4000000
    },
    {
        "date": "2023-03-30",
        "symbol": "D",
        "period": "Q1",
        "revenues": 2384000000,
        "electricfuelandotherenergyrelatedpurchases": 799000000,
        "purchasedexcesselectriccapacity": 8000000,
        "purchasedexcessgas": 764000000,
        "affiliatedsuppliers": 93000000,
        "utilitiesoperatingexpensemaintenanceandoperations": 348000000,
        "depreciationandamortization": 447000000,
        "taxesexcludingincomeandexcisetaxes": 85000000,
        "impairmentofassetsandotherchargesbenefits": 98000000,
        "assetimpairmentcharges": 91000000,
        "gainlossondispositionofassets": 9000000,
        "costsandexpenses": 1787000000,
        "operatingincomeloss": 597000000,
        "incomelossfromequitymethodinvestments": 80000000,
        "othernonoperatingincomeexpense": -13000000,
        "interestanddebtexpense": -11000000,
        "incomelossfromcontinuingoperationsbeforeincometaxesextraordinaryitemsnoncontrollinginterest": 1223000000,
        "incomelossfromcontinuingoperationsbeforeincometaxesminorityinterestandincomelossfromequitymethodinvestments": -2000000,
        "incometaxexpensebenefit": -4000000,
        "incomelossfromcontinuingoperationsincludingportionattributabletononcontrollinginterest": 7000000,
        "incomelossfromdiscontinuedoperationsnetoftax": -5000000,
        "profitloss": 997000000,
        "netincomeloss": -31000000,
        "incomelossfromcontinuingoperations": 1002000000,
        "incomelossfromdiscontinuedoperationsnetoftaxattributabletoreportingentity": -5000000,
        "incomelossfromcontinuingoperationsperbasicshare": 1.18,
        "incomelossfromdiscontinuedoperationsnetoftaxperbasicshare": -0.01,
        "earningspersharebasic": 1.17,
        "incomelossfromcontinuingoperationsperdilutedshare": 1.18,
        "incomelossfromdiscontinuedoperationsnetoftaxperdilutedshare": -0.01,
        "earningspersharediluted": 1.17,
        "discontinuedoperationtaxeffectofdiscontinuedoperation": -1000000,
        "othercomprehensiveincomelosscashflowhedgegainlossbeforereclassificationaftertax": -9000000,
        "othercomprehensiveincomeunrealizedholdinggainlossonsecuritiesarisingduringperiodnetoftax": 4000000,
        "othercomprehensiveincomelosscashflowhedgegainlossreclassificationaftertax": -8000000,
        "othercomprehensiveincomelossreclassificationadjustmentfromaociforsaleofsecuritiesnetoftax": -1000000,
        "othercomprehensiveincomelossreclassificationadjustmentfromaocipensionandotherpostretirementbenefitplansnetoftax": 11000000,
        "changesinothercomprehensiveincomelossfromequitymethodinvesteesinvestmentsnetoftaxincludingportionattributabletononcontrollinginterest": 1000000,
        "othercomprehensiveincomelossnetoftax": 4000000,
        "comprehensiveincomenetoftaxincludingportionattributabletononcontrollinginterest": 1004000000,
        "comprehensiveincomenetoftax": 348000000,
        "othercomprehensiveincomelosscashflowhedgegainlossbeforereclassificationtax": 3000000,
        "othercomprehensiveincomeunrealizedholdinggainlossonsecuritiesarisingduringperiodtax": 1000000,
        "othercomprehensiveincomelosscashflowhedgegainlossreclassificationtax": -3000000,
        "othercomprehensiveincomelossreclassificationadjustmentfromaociforsaleofsecuritiestax": -1000000,
        "othercomprehensiveincomelossreclassificationadjustmentfromaocipensionandotherpostretirementbenefitplanstax": -4000000
    },
    {
        "date": "2022-12-30",
        "symbol": "D",
        "period": "Q4",
        "revenues": -6000000,
        "electricfuelandotherenergyrelatedpurchases": 883000000,
        "purchasedexcesselectriccapacity": 13000000,
        "purchasedexcessgas": 597000000,
        "affiliatedsuppliers": 86000000,
        "utilitiesoperatingexpensemaintenanceandoperations": 386000000,
        "depreciationandamortization": 431000000,
        "taxesexcludingincomeandexcisetaxes": 65000000,
        "costsandexpenses": 1989000000,
        "operatingincomeloss": 448000000,
        "incomelossfromequitymethodinvestments": -236000000,
        "incomelossfromcontinuingoperationsbeforeincometaxesextraordinaryitemsnoncontrollinginterest": 68000000,
        "incometaxexpensebenefit": -221000000,
        "incomelossfromdiscontinuedoperationsnetoftax": -6000000,
        "profitloss": -42000000,
        "netincomeloss": -191000000,
        "incomelossfromcontinuingoperations": -36000000,
        "incomelossfromdiscontinuedoperationsnetoftaxattributabletoreportingentity": -6000000,
        "incomelossfromcontinuingoperationsperbasicshare": -0.07999999999999996,
        "earningspersharebasic": -0.08999999999999997,
        "incomelossfromcontinuingoperationsperdilutedshare": -0.06999999999999984,
        "earningspersharediluted": -0.07999999999999996,
        "othercomprehensiveincomelosscashflowhedgegainlossbeforereclassificationaftertax": 3000000,
        "othercomprehensiveincomeunrealizedholdinggainlossonsecuritiesarisingduringperiodnetoftax": 3000000,
        "othercomprehensiveincomelossreclassificationadjustmentfromaocipensionandotherpostretirementbenefitplansnetoftax": 134000000,
        "othercomprehensiveincomelossnetoftax": 4000000,
        "comprehensiveincomenetoftaxincludingportionattributabletononcontrollinginterest": -240000000,
        "comprehensiveincomenetoftax": 247000000,
        "othercomprehensiveincomelosscashflowhedgegainlossbeforereclassificationtax": 0,
        "othercomprehensiveincomelosscashflowhedgegainlossreclassificationtax": 0,
        "othercomprehensiveincomelossreclassificationadjustmentfromaociforsaleofsecuritiestax": -1000000,
        "othercomprehensiveincomelossreclassificationadjustmentfromaocipensionandotherpostretirementbenefitplanstax": 6000000
    },
    {
        "date": "2022-09-29",
        "symbol": "D",
        "period": "Q3",
        "revenues": 10000000,
        "electricfuelandotherenergyrelatedpurchases": 981000000,
        "purchasedexcesselectriccapacity": 11000000,
        "purchasedexcessgas": 138000000,
        "affiliatedsuppliers": 81000000,
        "utilitiesoperatingexpensemaintenanceandoperations": 450000000,
        "depreciationandamortization": 451000000,
        "taxesexcludingincomeandexcisetaxes": 80000000,
        "impairmentofassetscashandotherchargesbenefit": 19000000,
        "costsandexpenses": 2073000000,
        "operatingincomeloss": 802000000,
        "incomelossfromequitymethodinvestments": 92000000,
        "othernonoperatingincomeexpense": 0,
        "incomelossfromcontinuingoperationsbeforeincometaxesextraordinaryitemsnoncontrollinginterest": 197000000,
        "incometaxexpensebenefit": -22000000,
        "incomelossfromdiscontinuedoperationsnetoftax": -3000000,
        "profitloss": 778000000,
        "netincomeloss": -47000000,
        "incomelossfromcontinuingoperations": 781000000,
        "incomelossfromdiscontinuedoperationsnetoftaxattributabletoreportingentity": -3000000,
        "incomelossfromcontinuingoperationsperbasicshare": 0.93,
        "earningspersharebasic": 0.93,
        "incomelossfromcontinuingoperationsperdilutedshare": 0.9199999999999999,
        "earningspersharediluted": 0.92,
        "discontinuedoperationtaxeffectofdiscontinuedoperation": 0,
        "othercomprehensiveincomelosscashflowhedgegainlossbeforereclassificationaftertax": 13000000,
        "othercomprehensiveincomeunrealizedholdinggainlossonsecuritiesarisingduringperiodnetoftax": -4000000,
        "othercomprehensiveincomelosspensionandotherpostretirementbenefitplansadjustmentbeforereclassificationadjustmentsnetoftax": 0,
        "othercomprehensiveincomelossreclassificationadjustmentfromaocipensionandotherpostretirementbenefitplansnetoftax": -26000000,
        "othercomprehensiveincomelossnetoftax": -4000000,
        "comprehensiveincomenetoftaxincludingportionattributabletononcontrollinginterest": 800000000,
        "comprehensiveincomenetoftax": 580000000,
        "othercomprehensiveincomelosscashflowhedgegainlossbeforereclassificationtax": -5000000,
        "othercomprehensiveincomeunrealizedholdinggainlossonsecuritiesarisingduringperiodtax": 0,
        "othercomprehensiveincomelosspensionandotherpostretirementbenefitplansbeforereclassificationadjustmentstax": 0,
        "othercomprehensiveincomelosscashflowhedgegainlossreclassificationtax": 6000000,
        "othercomprehensiveincomelossreclassificationadjustmentfromaociforsaleofsecuritiestax": -1000000,
        "othercomprehensiveincomelossreclassificationadjustmentfromaocipensionandotherpostretirementbenefitplanstax": 9000000
    },
    {
        "date": "2022-06-29",
        "symbol": "D",
        "period": "Q2",
        "revenues": 5000000,
        "electricfuelandotherenergyrelatedpurchases": 533000000,
        "purchasedexcesselectriccapacity": 11000000,
        "purchasedexcessgas": 202000000,
        "affiliatedsuppliers": 84000000,
        "utilitiesoperatingexpensemaintenanceandoperations": 394000000,
        "depreciationandamortization": 425000000,
        "taxesexcludingincomeandexcisetaxes": 83000000,
        "impairmentofassetscashandotherchargesbenefit": 409000000,
        "costsandexpenses": 1939000000,
        "operatingincomeloss": 236000000,
        "incomelossfromequitymethodinvestments": 83000000,
        "othernonoperatingincomeexpense": -5000000,
        "interestanddebtexpense": 0,
        "incomelossfromcontinuingoperationsbeforeincometaxesextraordinaryitemsnoncontrollinginterest": 158000000,
        "incomelossfromcontinuingoperationsbeforeincometaxesminorityinterestandincomelossfromequitymethodinvestments": 0,
        "incometaxexpensebenefit": 12000000,
        "incomelossfromcontinuingoperationsincludingportionattributabletononcontrollinginterest": 0,
        "incomelossfromdiscontinuedoperationsnetoftax": -1000000,
        "profitloss": -453000000,
        "netincomeloss": -395000000,
        "incomelossfromcontinuingoperations": -452000000,
        "incomelossfromdiscontinuedoperationsnetoftaxattributabletoreportingentity": -1000000,
        "incomelossfromcontinuingoperationsperbasicshare": -0.59,
        "incomelossfromdiscontinuedoperationsnetoftaxperbasicshare": 0,
        "earningspersharebasic": -0.59,
        "incomelossfromcontinuingoperationsperdilutedshare": -0.5800000000000001,
        "incomelossfromdiscontinuedoperationsnetoftaxperdilutedshare": 0,
        "earningspersharediluted": -0.58,
        "discontinuedoperationtaxeffectofdiscontinuedoperation": -2000000,
        "othercomprehensiveincomelosscashflowhedgegainlossbeforereclassificationaftertax": 25000000,
        "othercomprehensiveincomeunrealizedholdinggainlossonsecuritiesarisingduringperiodnetoftax": -3000000,
        "othercomprehensiveincomelosspensionandotherpostretirementbenefitplansadjustmentbeforereclassificationadjustmentsnetoftax": 2000000,
        "othercomprehensiveincomelosscashflowhedgegainlossreclassificationaftertax": 0,
        "othercomprehensiveincomelossreclassificationadjustmentfromaociforsaleofsecuritiesnetoftax": 0,
        "othercomprehensiveincomelossreclassificationadjustmentfromaocipensionandotherpostretirementbenefitplansnetoftax": -16000000,
        "changesinothercomprehensiveincomelossfromequitymethodinvesteesinvestmentsnetoftaxincludingportionattributabletononcontrollinginterest": 0,
        "othercomprehensiveincomelossnetoftax": -3000000,
        "comprehensiveincomenetoftaxincludingportionattributabletononcontrollinginterest": -413000000,
        "comprehensiveincomenetoftax": 69000000,
        "othercomprehensiveincomelosscashflowhedgegainlossbeforereclassificationtax": -8000000,
        "othercomprehensiveincomeunrealizedholdinggainlossonsecuritiesarisingduringperiodtax": -2000000,
        "othercomprehensiveincomelosspensionandotherpostretirementbenefitplansbeforereclassificationadjustmentstax": 2000000,
        "othercomprehensiveincomelosscashflowhedgegainlossreclassificationtax": -3000000,
        "othercomprehensiveincomelossreclassificationadjustmentfromaociforsaleofsecuritiestax": -3000000,
        "othercomprehensiveincomelossreclassificationadjustmentfromaocipensionandotherpostretirementbenefitplanstax": 6000000
    },
    {
        "date": "2022-03-30",
        "symbol": "D",
        "period": "Q1",
        "revenues": 2000000,
        "electricfuelandotherenergyrelatedpurchases": 516000000,
        "purchasedexcesselectriccapacity": 11000000,
        "purchasedexcessgas": 645000000,
        "affiliatedsuppliers": 91000000,
        "utilitiesoperatingexpensemaintenanceandoperations": 479000000,
        "depreciationandamortization": 429000000,
        "taxesexcludingincomeandexcisetaxes": 75000000,
        "impairmentofassetscashandotherchargesbenefit": 4000000,
        "costsandexpenses": 1605000000,
        "operatingincomeloss": 562000000,
        "incomelossfromequitymethodinvestments": 80000000,
        "othernonoperatingincomeexpense": 4000000,
        "interestanddebtexpense": -1000000,
        "incomelossfromcontinuingoperationsbeforeincometaxesextraordinaryitemsnoncontrollinginterest": 151000000,
        "incomelossfromcontinuingoperationsbeforeincometaxesminorityinterestandincomelossfromequitymethodinvestments": -1000000,
        "incometaxexpensebenefit": 11000000,
        "incomelossfromcontinuingoperationsincludingportionattributabletononcontrollinginterest": -1000000,
        "incomelossfromdiscontinuedoperationsnetoftax": 19000000,
        "profitloss": 711000000,
        "netincomeloss": -159000000,
        "incomelossfromcontinuingoperations": 692000000,
        "incomelossfromdiscontinuedoperationsnetoftaxattributabletoreportingentity": 19000000,
        "incomelossfromcontinuingoperationsperbasicshare": 0.82,
        "incomelossfromdiscontinuedoperationsnetoftaxperbasicshare": 0.02,
        "earningspersharebasic": 0.84,
        "incomelossfromcontinuingoperationsperdilutedshare": 0.81,
        "incomelossfromdiscontinuedoperationsnetoftaxperdilutedshare": 0.02,
        "earningspersharediluted": 0.83,
        "discontinuedoperationtaxeffectofdiscontinuedoperation": 6000000,
        "othercomprehensiveincomelosscashflowhedgegainlossbeforereclassificationaftertax": 19000000,
        "othercomprehensiveincomeunrealizedholdinggainlossonsecuritiesarisingduringperiodnetoftax": -7000000,
        "othercomprehensiveincomelosspensionandotherpostretirementbenefitplansadjustmentbeforereclassificationadjustmentsnetoftax": 28000000,
        "othercomprehensiveincomelosscashflowhedgegainlossreclassificationaftertax": -1000000,
        "othercomprehensiveincomelossreclassificationadjustmentfromaociforsaleofsecuritiesnetoftax": 1000000,
        "othercomprehensiveincomelossreclassificationadjustmentfromaocipensionandotherpostretirementbenefitplansnetoftax": -17000000,
        "changesinothercomprehensiveincomelossfromequitymethodinvesteesinvestmentsnetoftaxincludingportionattributabletononcontrollinginterest": 1000000,
        "othercomprehensiveincomelossnetoftax": -8000000,
        "comprehensiveincomenetoftaxincludingportionattributabletononcontrollinginterest": 733000000,
        "comprehensiveincomenetoftax": 369000000,
        "othercomprehensiveincomelosscashflowhedgegainlossbeforereclassificationtax": -7000000,
        "othercomprehensiveincomeunrealizedholdinggainlossonsecuritiesarisingduringperiodtax": -2000000,
        "othercomprehensiveincomelosspensionandotherpostretirementbenefitplansbeforereclassificationadjustmentstax": -10000000,
        "othercomprehensiveincomelosscashflowhedgegainlossreclassificationtax": -4000000,
        "othercomprehensiveincomelossreclassificationadjustmentfromaociforsaleofsecuritiestax": -1000000,
        "othercomprehensiveincomelossreclassificationadjustmentfromaocipensionandotherpostretirementbenefitplanstax": 6000000
    },
    {
        "date": "2021-12-30",
        "symbol": "D",
        "period": "Q4",
        "electricfuelandotherenergyrelatedpurchases": 465000000,
        "purchasedexcesselectriccapacity": 8000000,
        "purchasedexcessgas": 418000000,
        "affiliatedsuppliers": 91000000,
        "utilitiesoperatingexpensemaintenanceandoperations": 320000000,
        "depreciationandamortization": 374000000,
        "taxesexcludingincomeandexcisetaxes": 64000000,
        "assetimpairmentcharges": 0,
        "costsandexpenses": 1322000000,
        "operatingincomeloss": 601000000,
        "othernonoperatingincomeexpense": 246000000,
        "incomelossfromcontinuingoperationsbeforeincometaxesextraordinaryitemsnoncontrollinginterest": 118000000,
        "incometaxexpensebenefit": -72000000,
        "incomelossfromdiscontinuedoperationsnetoftax": 522000000,
        "profitloss": 4000000,
        "netincomeloss": -84000000,
        "incomelossfromcontinuingoperations": 819000000,
        "incomelossfromdiscontinuedoperationsnetoftaxattributabletoreportingentity": 28000000,
        "incomelossfromcontinuingoperationsperbasicshare": 0.9899999999999998,
        "incomelossfromdiscontinuedoperationsnetoftaxperbasicshare": 0.64,
        "earningspersharebasic": 1.63,
        "incomelossfromcontinuingoperationsperdilutedshare": 0.9899999999999998,
        "incomelossfromdiscontinuedoperationsnetoftaxperdilutedshare": 0.64,
        "earningspersharediluted": 1.63,
        "discontinuedoperationtaxeffectofdiscontinuedoperation": -46000000,
        "othercomprehensiveincomelosscashflowhedgegainlossbeforereclassificationaftertax": -5000000,
        "othercomprehensiveincomelossreclassificationadjustmentfromaociforsaleofsecuritiesnetoftax": 1000000,
        "othercomprehensiveincomelossreclassificationadjustmentfromaocipensionandotherpostretirementbenefitplansnetoftax": 19000000,
        "othercomprehensiveincomelossnetoftax": -1000000,
        "comprehensiveincomenetoftaxincludingportionattributabletononcontrollinginterest": 1503000000,
        "comprehensiveincomenetoftax": 363000000,
        "othercomprehensiveincomelosspensionandotherpostretirementbenefitplansbeforereclassificationadjustmentstax": -46000000,
        "othercomprehensiveincomelosscashflowhedgegainlossreclassificationtax": 0,
        "othercomprehensiveincomelossreclassificationadjustmentfromaocipensionandotherpostretirementbenefitplanstax": 7000000
    },
    {
        "date": "2021-09-29",
        "symbol": "D",
        "period": "Q3",
        "electricfuelandotherenergyrelatedpurchases": 515000000,
        "purchasedexcesselectriccapacity": 15000000,
        "purchasedexcessgas": 60000000,
        "affiliatedsuppliers": 77000000,
        "utilitiesoperatingexpensemaintenanceandoperations": 393000000,
        "depreciationandamortization": 343000000,
        "taxesexcludingincomeandexcisetaxes": 86000000,
        "assetimpairmentcharges": -149000000,
        "costsandexpenses": 1199000000,
        "operatingincomeloss": 777000000,
        "othernonoperatingincomeexpense": -30000000,
        "incomelossfromcontinuingoperationsbeforeincometaxesextraordinaryitemsnoncontrollinginterest": 136000000,
        "incometaxexpensebenefit": 1000000,
        "incomelossfromdiscontinuedoperationsnetoftax": 65000000,
        "profitloss": 12000000,
        "netincomeloss": -45000000,
        "incomelossfromcontinuingoperations": 589000000,
        "incomelossfromdiscontinuedoperationsnetoftaxattributabletoreportingentity": 45000000,
        "incomelossfromcontinuingoperationsperbasicshare": 0.7100000000000002,
        "incomelossfromdiscontinuedoperationsnetoftaxperbasicshare": 0.07999999999999999,
        "earningspersharebasic": 0.79,
        "incomelossfromcontinuingoperationsperdilutedshare": 0.7100000000000002,
        "incomelossfromdiscontinuedoperationsnetoftaxperdilutedshare": 0.07999999999999999,
        "earningspersharediluted": 0.79,
        "discontinuedoperationtaxeffectofdiscontinuedoperation": 12000000,
        "othercomprehensiveincomelosscashflowhedgegainlossbeforereclassificationaftertax": -2000000,
        "othercomprehensiveincomeunrealizedholdinggainlossonsecuritiesarisingduringperiodnetoftax": 0,
        "othercomprehensiveincomelossreclassificationadjustmentfromaociforsaleofsecuritiesnetoftax": -1000000,
        "othercomprehensiveincomelossreclassificationadjustmentfromaocipensionandotherpostretirementbenefitplansnetoftax": 19000000,
        "othercomprehensiveincomelossnetoftax": -1000000,
        "comprehensiveincomenetoftaxincludingportionattributabletononcontrollinginterest": 690000000,
        "comprehensiveincomenetoftax": 553000000,
        "othercomprehensiveincomelosscashflowhedgegainlossbeforereclassificationtax": 0,
        "othercomprehensiveincomeunrealizedholdinggainlossonsecuritiesarisingduringperiodtax": 0,
        "othercomprehensiveincomelosspensionandotherpostretirementbenefitplansbeforereclassificationadjustmentstax": -1000000,
        "othercomprehensiveincomelosscashflowhedgegainlossreclassificationtax": 7000000,
        "othercomprehensiveincomelossreclassificationadjustmentfromaocipensionandotherpostretirementbenefitplanstax": 6000000
    },
    {
        "date": "2021-06-29",
        "symbol": "D",
        "period": "Q2",
        "revenues": 0,
        "electricfuelandotherenergyrelatedpurchases": 349000000,
        "purchasedexcesselectriccapacity": 4000000,
        "purchasedexcessgas": 121000000,
        "affiliatedsuppliers": 78000000,
        "utilitiesoperatingexpensemaintenanceandoperations": 321000000,
        "depreciationandamortization": 323000000,
        "taxesexcludingincomeandexcisetaxes": 83000000,
        "assetimpairmentcharges": 173000000,
        "costsandexpenses": 1170000000,
        "operatingincomeloss": 571000000,
        "othernonoperatingincomeexpense": -40000000,
        "interestanddebtexpense": 0,
        "incomelossfromcontinuingoperationsbeforeincometaxesextraordinaryitemsnoncontrollinginterest": 136000000,
        "incomelossfromcontinuingoperationsbeforeincometaxesminorityinterestandincomelossfromequitymethodinvestments": 0,
        "incometaxexpensebenefit": -3000000,
        "incomelossfromcontinuingoperationsincludingportionattributabletononcontrollinginterest": 0,
        "incomelossfromdiscontinuedoperationsnetoftax": 26000000,
        "profitloss": -998000000,
        "netincomeloss": -15000000,
        "incomelossfromcontinuingoperations": 259000000,
        "incomelossfromdiscontinuedoperationsnetoftaxattributabletoreportingentity": 37000000,
        "incomelossfromcontinuingoperationsperbasicshare": 0.30000000000000004,
        "incomelossfromdiscontinuedoperationsnetoftaxperbasicshare": 0.030000000000000006,
        "earningspersharebasic": 0.33000000000000007,
        "incomelossfromcontinuingoperationsperdilutedshare": 0.30000000000000004,
        "incomelossfromdiscontinuedoperationsnetoftaxperdilutedshare": 0.030000000000000006,
        "earningspersharediluted": 0.33000000000000007,
        "discontinuedoperationtaxeffectofdiscontinuedoperation": 9000000,
        "othercomprehensiveincomelosscashflowhedgegainlossbeforereclassificationaftertax": -12000000,
        "othercomprehensiveincomeunrealizedholdinggainlossonsecuritiesarisingduringperiodnetoftax": 3000000,
        "othercomprehensiveincomelosspensionandotherpostretirementbenefitplansadjustmentbeforereclassificationadjustmentsnetoftax": 0,
        "othercomprehensiveincomelosscashflowhedgegainlossreclassificationaftertax": 0,
        "othercomprehensiveincomelossreclassificationadjustmentfromaociforsaleofsecuritiesnetoftax": 3000000,
        "othercomprehensiveincomelossreclassificationadjustmentfromaocipensionandotherpostretirementbenefitplansnetoftax": 26000000,
        "othercomprehensiveincomelossnetoftax": 2000000,
        "comprehensiveincomenetoftaxincludingportionattributabletononcontrollinginterest": 326000000,
        "comprehensiveincomenetoftax": 404000000,
        "othercomprehensiveincomelosscashflowhedgegainlossbeforereclassificationtax": 5000000,
        "othercomprehensiveincomeunrealizedholdinggainlossonsecuritiesarisingduringperiodtax": 2000000,
        "othercomprehensiveincomelosspensionandotherpostretirementbenefitplansbeforereclassificationadjustmentstax": -3000000,
        "othercomprehensiveincomelosscashflowhedgegainlossreclassificationtax": -4000000,
        "othercomprehensiveincomelossreclassificationadjustmentfromaocipensionandotherpostretirementbenefitplanstax": 9000000
    },
    {
        "date": "2021-03-30",
        "symbol": "D",
        "period": "Q1",
        "revenues": -151000000,
        "electricfuelandotherenergyrelatedpurchases": 406000000,
        "purchasedexcesselectriccapacity": -3000000,
        "purchasedexcessgas": 484000000,
        "affiliatedsuppliers": 87000000,
        "utilitiesoperatingexpensemaintenanceandoperations": 426000000,
        "depreciationandamortization": 324000000,
        "taxesexcludingincomeandexcisetaxes": 93000000,
        "assetimpairmentcharges": 76000000,
        "impairmentofassetsandotherchargesbenefit": -51000000,
        "costsandexpenses": 1282000000,
        "operatingincomeloss": 548000000,
        "othernonoperatingincomeexpense": -30000000,
        "interestanddebtexpense": 1000000,
        "incomelossfromcontinuingoperationsbeforeincometaxesextraordinaryitemsnoncontrollinginterest": 138000000,
        "incomelossfromcontinuingoperationsbeforeincometaxesminorityinterestandincomelossfromequitymethodinvestments": -1000000,
        "incometaxexpensebenefit": 4000000,
        "incomelossfromcontinuingoperationsincludingportionattributabletononcontrollinginterest": -1000000,
        "incomelossfromdiscontinuedoperationsnetoftax": 28000000,
        "profitloss": 1008000000,
        "netincomeloss": -58000000,
        "incomelossfromcontinuingoperations": 980000000,
        "incomelossfromdiscontinuedoperationsnetoftaxattributabletoreportingentity": 35000000,
        "incomelossfromcontinuingoperationsperbasicshare": 1.19,
        "incomelossfromdiscontinuedoperationsnetoftaxperbasicshare": 0.04,
        "earningspersharebasic": 1.23,
        "incomelossfromcontinuingoperationsperdilutedshare": 1.19,
        "incomelossfromdiscontinuedoperationsnetoftaxperdilutedshare": 0.04,
        "earningspersharediluted": 1.23,
        "discontinuedoperationtaxeffectofdiscontinuedoperation": 8000000,
        "othercomprehensiveincomelosscashflowhedgegainlossbeforereclassificationaftertax": 32000000,
        "othercomprehensiveincomeunrealizedholdinggainlossonsecuritiesarisingduringperiodnetoftax": -5000000,
        "othercomprehensiveincomelosspensionandotherpostretirementbenefitplansadjustmentbeforereclassificationadjustmentsnetoftax": -6000000,
        "othercomprehensiveincomelosscashflowhedgegainlossreclassificationaftertax": -1000000,
        "othercomprehensiveincomelossreclassificationadjustmentfromaociforsaleofsecuritiesnetoftax": -1000000,
        "othercomprehensiveincomelossreclassificationadjustmentfromaocipensionandotherpostretirementbenefitplansnetoftax": 18000000,
        "othercomprehensiveincomelossnetoftax": -4000000,
        "comprehensiveincomenetoftaxincludingportionattributabletononcontrollinginterest": 1054000000,
        "comprehensiveincomenetoftax": 403000000,
        "othercomprehensiveincomelosscashflowhedgegainlossbeforereclassificationtax": -11000000,
        "othercomprehensiveincomeunrealizedholdinggainlossonsecuritiesarisingduringperiodtax": -10000000,
        "othercomprehensiveincomelosspensionandotherpostretirementbenefitplansbeforereclassificationadjustmentstax": -4000000,
        "othercomprehensiveincomelosscashflowhedgegainlossreclassificationtax": -4000000,
        "othercomprehensiveincomelossreclassificationadjustmentfromaocipensionandotherpostretirementbenefitplanstax": 7000000
    },
    {
        "date": "2020-09-29",
        "symbol": "D",
        "period": "Q3",
        "revenues": 3607000000,
        "electricfuelandotherenergyrelatedpurchases": 594000000,
        "purchasedexcesselectriccapacity": 23000000,
        "purchasedexcessgas": 37000000,
        "affiliatedsuppliers": 69000000,
        "utilitiesoperatingexpensemaintenanceandoperations": 977000000,
        "depreciationandamortization": 595000000,
        "taxesexcludingincomeandexcisetaxes": 203000000,
        "assetimpairmentcharges": 1151000000,
        "costsandexpenses": 3580000000,
        "operatingincomeloss": 27000000,
        "othernonoperatingincomeexpense": 281000000,
        "interestanddebtexpense": 306000000,
        "incomelossfromcontinuingoperationsbeforeincometaxesextraordinaryitemsnoncontrollinginterest": 2000000,
        "incomelossfromcontinuingoperationsbeforeincometaxesminorityinterestandincomelossfromequitymethodinvestments": 586000000,
        "incometaxexpensebenefit": -110000000,
        "incomelossfromcontinuingoperationsincludingportionattributabletononcontrollinginterest": 112000000,
        "incomelossfromdiscontinuedoperationsnetoftax": 19000000,
        "profitloss": 131000000,
        "netincomelossattributabletononcontrollinginterest": -225000000,
        "netincomeloss": 356000000,
        "incomelossfromcontinuingoperations": 369000000,
        "incomelossfromdiscontinuedoperationsnetoftaxattributabletoreportingentity": -13000000,
        "incomelossfromcontinuingoperationsperbasicshare": 0.42,
        "incomelossfromdiscontinuedoperationsnetoftaxperbasicshare": -0.01,
        "earningspersharebasic": 0.41,
        "incomelossfromcontinuingoperationsperdilutedshare": 0.42,
        "incomelossfromdiscontinuedoperationsnetoftaxperdilutedshare": -0.01,
        "earningspersharediluted": 0.41,
        "discontinuedoperationtaxeffectofdiscontinuedoperation": -10000000,
        "othercomprehensiveincomelosscashflowhedgegainlossbeforereclassificationaftertax": 10000000,
        "othercomprehensiveincomeunrealizedholdinggainlossonsecuritiesarisingduringperiodnetoftax": 4000000,
        "othercomprehensiveincomelosspensionandotherpostretirementbenefitplansadjustmentbeforereclassificationadjustmentsnetoftax": 261000000,
        "othercomprehensiveincomelosscashflowhedgegainlossreclassificationaftertax": -188000000,
        "othercomprehensiveincomelossreclassificationadjustmentfromaociforsaleofsecuritiesnetoftax": 1000000,
        "othercomprehensiveincomelossreclassificationadjustmentfromaocipensionandotherpostretirementbenefitplansnetoftax": 23000000,
        "changesinothercomprehensiveincomelossfromequitymethodinvesteesinvestmentsnetoftaxincludingportionattributabletononcontrollinginterest": 1000000,
        "othercomprehensiveincomelossnetoftax": -36000000,
        "comprehensiveincomenetoftaxincludingportionattributabletononcontrollinginterest": 95000000,
        "comprehensiveincomenetoftaxattributabletononcontrollinginterest": -225000000,
        "comprehensiveincomenetoftax": 320000000,
        "othercomprehensiveincomelosscashflowhedgegainlossbeforereclassificationtax": -4000000,
        "othercomprehensiveincomeunrealizedholdinggainlossonsecuritiesarisingduringperiodtax": -2000000,
        "othercomprehensiveincomelosspensionandotherpostretirementbenefitplansbeforereclassificationadjustmentstax": 91000000,
        "othercomprehensiveincomelosscashflowhedgegainlossreclassificationtax": -63000000,
        "othercomprehensiveincomelossreclassificationadjustmentfromaociforsaleofsecuritiestax": 2000000,
        "othercomprehensiveincomelossreclassificationadjustmentfromaocipensionandotherpostretirementbenefitplanstax": -8000000,
        "changesinothercomprehensiveincomelossfromequitymethodinvesteesinvestmentstaxincludingportionattributabletononcontrollinginterest": -1000000
    },
    {
        "date": "2019-09-29",
        "symbol": "D",
        "period": "Q3",
        "revenues": 4269000000,
        "electricfuelandotherenergyrelatedpurchases": 774000000,
        "purchasedexcesselectriccapacity": 11000000,
        "purchasedexcessgas": 153000000,
        "utilitiesoperatingexpensegasandpetroleumpurchased": 17000000,
        "otheroperationsandmaintenance": 1010000000,
        "affiliatedsuppliers": 74000000,
        "other": 379000000,
        "depreciationandamortization": 679000000,
        "taxesexcludingincomeandexcisetaxes": 243000000,
        "assetimpairmentcharges": 85000000,
        "gainlossondispositionofassets": 7000000,
        "costsandexpenses": 2955000000,
        "operatingincomeloss": 1314000000,
        "incomelossfromequitymethodinvestments": 3000000,
        "othernonoperatingincomeexpense": 173000000,
        "interestanddebtexpense": 451000000,
        "incomelossfromcontinuingoperationsbeforeincometaxesminorityinterestandincomelossfromequitymethodinvestments": 1036000000,
        "incometaxexpensebenefit": 51000000,
        "profitloss": 985000000,
        "netincomelossattributabletononcontrollinginterest": 10000000,
        "netincomeloss": 975000000,
        "earningspersharebasic": 1.19,
        "earningspersharediluted": 1.17,
        "othercomprehensiveincomelosscashflowhedgegainlossbeforereclassificationaftertax": -107000000,
        "othercomprehensiveincomeunrealizedholdinggainlossonsecuritiesarisingduringperiodnetoftax": 8000000,
        "othercomprehensiveincomelosspensionandotherpostretirementbenefitplansadjustmentbeforereclassificationadjustmentsnetoftax": 4000000,
        "othercomprehensiveincomelosscashflowhedgegainlossreclassificationaftertax": 6000000,
        "othercomprehensiveincomelossreclassificationadjustmentfromaociforsaleofsecuritiesnetoftax": 4000000,
        "othercomprehensiveincomelossreclassificationadjustmentfromaocipensionandotherpostretirementbenefitplansnetoftax": 20000000,
        "changesinothercomprehensiveincomelossfromequitymethodinvesteesinvestmentsnetoftaxincludingportionattributabletononcontrollinginterest": -1000000,
        "othercomprehensiveincomelossnetoftax": -94000000,
        "comprehensiveincomenetoftaxincludingportionattributabletononcontrollinginterest": 891000000,
        "comprehensiveincomenetoftaxattributabletononcontrollinginterest": 10000000,
        "comprehensiveincomenetoftax": 881000000,
        "othercomprehensiveincomelosscashflowhedgegainlossbeforereclassificationtax": 37000000,
        "othercomprehensiveincomeunrealizedholdinggainlossonsecuritiesarisingduringperiodtax": -2000000,
        "othercomprehensiveincomelosspensionandotherpostretirementbenefitplansbeforereclassificationadjustmentstax": 4000000,
        "othercomprehensiveincomelosscashflowhedgegainlossreclassificationtax": 1000000,
        "othercomprehensiveincomelossreclassificationadjustmentfromaociforsaleofsecuritiestax": 1000000,
        "othercomprehensiveincomelossreclassificationadjustmentfromaocipensionandotherpostretirementbenefitplanstax": -6000000
    },
    {
        "date": "2019-03-30",
        "symbol": "D",
        "period": "Q1",
        "revenues": 511000000,
        "electricfuelandotherenergyrelatedpurchases": 596000000,
        "purchasedexcesselectriccapacity": 33000000,
        "purchasedgas": -3000000,
        "utilitiesoperatingexpensegasandpetroleumpurchased": 26000000,
        "otheroperationsandmaintenance": 1002000000,
        "affiliatedsuppliers": 30000000,
        "other": 153000000,
        "depreciationandamortization": 62000000,
        "taxesexcludingincomeandexcisetaxes": 64000000,
        "assetimpairmentcharges": 169000000,
        "costsandexpenses": 375000000,
        "operatingincomeloss": 136000000,
        "incomelossfromequitymethodinvestments": 6000000,
        "othernonoperatingincomeexpense": -2000000,
        "interestanddebtexpense": 1000000,
        "incomelossfromcontinuingoperationsbeforeincometaxesminorityinterestandincomelossfromequitymethodinvestments": -5000000,
        "incometaxexpensebenefit": -1000000,
        "profitloss": 3000000,
        "netincomelossattributabletononcontrollinginterest": 3000000,
        "netincomeloss": -3000000,
        "earningspersharebasic": -0.86,
        "earningspersharediluted": -0.86,
        "othercomprehensiveincomelosscashflowhedgegainlossbeforereclassificationaftertax": -27000000,
        "othercomprehensiveincomeunrealizedholdinggainlossonsecuritiesarisingduringperiodnetoftax": 2000000,
        "othercomprehensiveincomelosscashflowhedgegainlossafterreclassificationandtax": 4000000,
        "othercomprehensiveincomelossreclassificationadjustmentfromaocipensionandotherpostretirementbenefitplansnetoftax": 1000000,
        "othercomprehensiveincomelossnetoftax": 189000000,
        "comprehensiveincomenetoftaxincludingportionattributabletononcontrollinginterest": -708000000,
        "comprehensiveincomenetoftaxattributabletononcontrollinginterest": 3000000,
        "comprehensiveincomenetoftax": 94000000,
        "othercomprehensiveincomelosscashflowhedgegainlossbeforereclassificationtax": 9000000,
        "othercomprehensiveincomeunrealizedholdinggainlossonsecuritiesarisingduringperiodtax": -1000000,
        "othercomprehensiveincomelosscashflowhedgegainlossreclassificationtax": -1000000,
        "othercomprehensiveincomelossreclassificationadjustmentfromaocipensionandotherpostretirementbenefitplanstax": -1000000
    },
    {
        "date": "2016-06-29",
        "symbol": "D",
        "period": "Q2",
        "profitloss": 462000000,
        "netincomeloss": 15000000,
        "othercomprehensiveincomeunrealizedgainlossonderivativesarisingduringperiodnetoftax": -6000000,
        "othercomprehensiveincomeunrealizedholdinggainlossonsecuritiesarisingduringperiodnetoftax": 3000000,
        "othercomprehensiveincomelossreclassificationadjustmentfromaocionderivativesnetoftax": 44000000,
        "othercomprehensiveincomelossreclassificationadjustmentfromaociforsaleofsecuritiesnetoftax": 1000000,
        "othercomprehensiveincomelossreclassificationadjustmentfromaocipensionandotherpostretirementbenefitplansnetoftax": 1000000,
        "otherthantemporaryimpairmentlossesinvestmentsportioninothercomprehensiveincomelossnetoftaxincludingportionattributabletononcontrollinginterest": 1000000,
        "othercomprehensiveincomelossnetoftax": -30000000,
        "comprehensiveincomenetoftaxincludingportionattributabletononcontrollinginterest": 432000000,
        "comprehensiveincomenetoftaxattributabletononcontrollinginterest": 10000000,
        "comprehensiveincomenetoftax": 276000000,
        "othercomprehensiveincomeunrealizedgainlossonderivativesarisingduringperiodtax": -4000000,
        "othercomprehensiveincomeunrealizedholdinggainlossonsecuritiesarisingduringperiodtax": -3000000,
        "othercomprehensiveincomelossreclassificationadjustmentfromaocionderivativestax": -2000000,
        "othercomprehensiveincomelossreclassificationadjustmentfromaociforsaleofsecuritiestax": 1000000,
        "othercomprehensiveincomelossreclassificationadjustmentfromaocipensionandotherpostretirementbenefitplanstax": 6000000,
        "salesrevenuenet": 136000000,
        "costofpurchasedpower": 3000000,
        "purchasedelectriccapacity": 45000000,
        "purchasedgas": 2000000,
        "utilitiesoperatingexpensegasandpetroleumpurchased": 1000000,
        "otheroperationsandmaintenance": 665000000,
        "affiliatedsuppliers": 64000000,
        "other": 322000000,
        "depreciationandamortization": 247000000,
        "taxesexcludingincomeandexcisetaxes": 70000000,
        "costsandexpenses": 1223000000,
        "operatingincomeloss": 553000000,
        "othernonoperatingincomeexpense": -2000000,
        "interestanddebtexpense": 8000000,
        "incomelossfromcontinuingoperationsbeforeincometaxesminorityinterestandincomelossfromequitymethodinvestments": 13000000,
        "incometaxexpensebenefit": 5000000,
        "netincomelossattributabletononcontrollinginterest": 10000000,
        "earningspersharebasic": 0.73,
        "earningspersharediluted": 0.73,
        "commonstockdividendspersharecashpaid": 0.7
    },
    {
        "date": "2015-09-29",
        "symbol": "D",
        "period": "Q3",
        "profitloss": 599000000,
        "netincomeloss": -75000000,
        "othercomprehensiveincomeunrealizedgainlossonderivativesarisingduringperiodnetoftax": -6000000,
        "othercomprehensiveincomeunrealizedholdinggainlossonsecuritiesarisingduringperiodnetoftax": -11000000,
        "othercomprehensiveincomedefinedbenefitplansnetunamortizedgainlossarisingduringperiodnetoftax": -9000000,
        "othercomprehensiveincomelossreclassificationadjustmentfromaocionderivativesnetoftax": 2000000,
        "othercomprehensiveincomelossreclassificationadjustmentfromaociforsaleofsecuritiesnetoftax": 1000000,
        "othercomprehensiveincomelossreclassificationadjustmentfromaocipensionandotherpostretirementbenefitplansfornetgainlossnetoftax": -1000000,
        "otherthantemporaryimpairmentlossesinvestmentsportioninothercomprehensiveincomelossnetoftaxincludingportionattributabletononcontrollinginterest": -1000000,
        "othercomprehensiveincomelossnetoftax": 1000000,
        "comprehensiveincomenetoftaxincludingportionattributabletononcontrollinginterest": 484000000,
        "comprehensiveincomenetoftaxattributabletononcontrollinginterest": 6000000,
        "comprehensiveincomenetoftax": 367000000,
        "othercomprehensiveincomeunrealizedgainlossonderivativesarisingduringperiodtax": 3000000,
        "othercomprehensiveincomeunrealizedholdinggainlossonsecuritiesarisingduringperiodtax": 5000000,
        "othercomprehensiveincomedefinedbenefitplansnetunamortizedgainlossarisingduringperiodtax": -9000000,
        "othercomprehensiveincomelossreclassificationadjustmentfromaocionderivativestax": 1000000,
        "othercomprehensiveincomelossreclassificationadjustmentfromaociforsaleofsecuritiestax": 2000000,
        "othercomprehensiveincomelossreclassificationadjustmentfromaocipensionandotherpostretirementbenefitplansfornetgainlosstax": -1000000,
        "otherthantemporaryimpairmentlossesinvestmentsportioninothercomprehensiveincomelosstaxincludingportionattributabletononcontrollinginterest": -1000000,
        "salesrevenuenet": 128000000,
        "costofpurchasedpower": 554000000,
        "purchasedelectriccapacity": 75000000,
        "purchasedgas": 2000000,
        "utilitiesoperatingexpensegasandpetroleumpurchased": 4000000,
        "otheroperationsandmaintenance": 564000000,
        "affiliatedsuppliers": 64000000,
        "other": 311000000,
        "depreciationandamortization": 244000000,
        "taxesexcludingincomeandexcisetaxes": 69000000,
        "costsandexpenses": 1317000000,
        "operatingincomeloss": 741000000,
        "othernonoperatingincomeexpense": -18000000,
        "interestanddebtexpense": 2000000,
        "incomelossfromcontinuingoperationsbeforeincometaxesminorityinterestandincomelossfromequitymethodinvestments": -2000000,
        "incometaxexpensebenefit": -30000000,
        "netincomelossattributabletononcontrollinginterest": 6000000,
        "netincomelossavailabletocommonstockholdersbasic": 385000000,
        "earningspersharebasic": 1,
        "earningspersharediluted": 1,
        "commonstockdividendspersharecashpaid": 0.6475
    },
    {
        "date": "2013-09-29",
        "symbol": "D",
        "period": "Q3",
        "profitloss": 575000000,
        "netincomeloss": 262000000,
        "othercomprehensiveincomeunrealizedgainlossonderivativesarisingduringperiodnetoftax": 1000000,
        "othercomprehensiveincomeunrealizedholdinggainlossonsecuritiesarisingduringperiodnetoftax": 4000000,
        "othercomprehensiveincomedefinedbenefitplansnetunamortizedgainlossarisingduringperiodnetoftax": -12000000,
        "othercomprehensiveincomelossreclassificationadjustmentfromaocionderivativesnetoftax": -1000000,
        "othercomprehensiveincomelossreclassificationadjustmentfromaociforsaleofsecuritiesnetoftax": 2000000,
        "othercomprehensiveincomelossreclassificationadjustmentfromaocipensionandotherpostretirementbenefitplansfornetgainlossnetoftax": -14000000,
        "othercomprehensiveincomelossnetoftax": -83000000,
        "comprehensiveincomenetoftaxincludingportionattributabletononcontrollinginterest": 522000000,
        "comprehensiveincomenetoftaxattributabletononcontrollinginterest": 6000000,
        "comprehensiveincomenetoftax": 391000000,
        "othercomprehensiveincomeunrealizedgainlossonderivativesarisingduringperiodtax": -1000000,
        "othercomprehensiveincomeunrealizedholdinggainlossonsecuritiesarisingduringperiodtax": -2000000,
        "othercomprehensiveincomedefinedbenefitplansnetunamortizedgainlossarisingduringperiodtax": -12000000,
        "othercomprehensiveincomelossreclassificationadjustmentfromaocionderivativestax": 4000000,
        "othercomprehensiveincomelossreclassificationadjustmentfromaociforsaleofsecuritiestax": 5000000,
        "othercomprehensiveincomelossreclassificationadjustmentfromaocipensionandotherpostretirementbenefitplansfornetgainlosstax": -9000000,
        "salesrevenuenet": 370000000,
        "costofpurchasedpower": 3000000,
        "purchasedelectriccapacity": 91000000,
        "purchasedgas": 5000000,
        "otheroperationsandmaintenance": 525000000,
        "affiliatedsuppliers": 83000000,
        "other": 273000000,
        "depreciationandamortization": 218000000,
        "taxesexcludingincomeandexcisetaxes": 64000000,
        "costsandexpenses": 1380000000,
        "operatingincomeloss": 679000000,
        "othernonoperatingincomeexpense": -16000000,
        "interestanddebtexpense": 6000000,
        "incomelossfromcontinuingoperationsbeforeincometaxesminorityinterestandincomelossfromequitymethodinvestments": -15000000,
        "incometaxexpensebenefit": 9000000,
        "incomelossfromcontinuingoperationsincludingportionattributabletononcontrollinginterest": 14000000,
        "incomelossfromdiscontinuedoperationsnetoftax": -23000000,
        "netincomelossattributabletononcontrollinginterest": 6000000,
        "incomelossfromcontinuingoperations": 592000000,
        "incomelossfromdiscontinuedoperationsnetoftaxattributabletoreportingentity": -23000000,
        "preferredstockdividendsandotheradjustments": 4000000,
        "netincomelossavailabletocommonstockholdersbasic": 383000000,
        "incomelossfromcontinuingoperationsperbasicshare": 1.02,
        "incomelossfromdiscontinuedoperationsnetoftaxperbasicshare": -0.04,
        "earningspersharebasic": 0.98,
        "incomelossfromcontinuingoperationsperdilutedshare": 1.02,
        "incomelossfromdiscontinuedoperationsnetoftaxperdilutedshare": -0.04,
        "earningspersharediluted": 0.98,
        "commonstockdividendspersharecashpaid": 0.5625,
        "discontinuedoperationtaxeffectofdiscontinuedoperation": 6000000
    },
    {
        "date": "2012-09-29",
        "symbol": "D",
        "period": "Q3",
        "profitloss": 215000000,
        "netincomeloss": 4000000,
        "othercomprehensiveincomeunrealizedgainlossonderivativesarisingduringperiodnetoftax": -2000000,
        "othercomprehensiveincomeunrealizedholdinggainlossonsecuritiesarisingduringperiodnetoftax": 4000000,
        "othercomprehensiveincomedefinedbenefitplansnetunamortizedgainlossarisingduringperiodnetoftax": -6000000,
        "othercomprehensiveincomelossreclassificationadjustmentonderivativesincludedinnetincomenetoftax": 1000000,
        "othercomprehensiveincomelossreclassificationadjustmentforsaleofsecuritiesincludedinnetincomenetoftax": -4000000,
        "othercomprehensiveincomereclassificationofdefinedbenefitplansnetgainlossrecognizedinnetperiodicbenefitcostnetoftax": 15000000,
        "othercomprehensiveincomelossnetoftax": 3000000,
        "comprehensiveincomenetoftaxincludingportionattributabletononcontrollinginterest": 163000000,
        "comprehensiveincomenetoftaxattributabletononcontrollinginterest": 6000000,
        "comprehensiveincomenetoftax": 418000000,
        "othercomprehensiveincomeunrealizedgainlossonderivativesarisingduringperiodtax": 1000000,
        "othercomprehensiveincomeunrealizedholdinggainlossonsecuritiesarisingduringperiodtax": -4000000,
        "othercomprehensiveincomedefinedbenefitplansnetunamortizedgainlossarisingduringperiodtax": -7000000,
        "othercomprehensiveincomelossreclassificationadjustmentonderivativesincludedinnetincometax": 12000000,
        "othercomprehensiveincomelossreclassificationadjustmentforsaleofsecuritiesincludedinnetincometax": 3000000,
        "othercomprehensiveincomelossreclassificationpensionandotherpostretirementbenefitplansnetgainlossrecognizedinnetperiodicbenefitcosttax": -6000000,
        "salesrevenuenet": 119000000,
        "costofpurchasedpower": 634000000,
        "purchasedelectriccapacity": 86000000,
        "purchasedgas": 191000000,
        "otheroperationsandmaintenance": 1134000000,
        "affiliatedsuppliers": 91000000,
        "other": 278000000,
        "depreciationandamortization": 203000000,
        "taxesexcludingincomeandexcisetaxes": 48000000,
        "costsandexpenses": 1340000000,
        "operatingincomeloss": 746000000,
        "othernonoperatingincomeexpense": 25000000,
        "interestanddebtexpense": 97000000,
        "incomelossfromcontinuingoperationsbeforeincometaxesminorityinterestandincomelossfromequitymethodinvestments": 674000000,
        "incometaxexpensebenefit": 259000000,
        "incomelossfromcontinuingoperationsincludingportionattributabletononcontrollinginterest": 220000000,
        "incomelossfromdiscontinuedoperationsnetoftax": -5000000,
        "netincomelossattributabletononcontrollinginterest": 6000000,
        "incomelossfromcontinuingoperations": 214000000,
        "incomelossfromdiscontinuedoperationsnetoftaxattributabletoreportingentity": -5000000,
        "preferredstockdividendsandotheradjustments": 4000000,
        "netincomelossavailabletocommonstockholdersbasic": 411000000,
        "incomelossfromcontinuingoperationsperbasicshare": 0.37,
        "incomelossfromdiscontinuedoperationsnetoftaxperbasicshare": -0.01,
        "earningspersharebasic": 0.36,
        "incomelossfromcontinuingoperationsperdilutedshare": 0.37,
        "incomelossfromdiscontinuedoperationsnetoftaxperdilutedshare": -0.01,
        "earningspersharediluted": 0.36,
        "commonstockdividendspersharecashpaid": 0.5275,
        "discontinuedoperationtaxeffectofdiscontinuedoperation": 14000000
    },
    {
        "date": "2012-06-29",
        "symbol": "D",
        "period": "Q2",
        "profitloss": 265000000,
        "netincomeloss": -46000000,
        "othercomprehensiveincomeunrealizedgainlossonderivativesarisingduringperiodnetoftax": -2000000,
        "othercomprehensiveincomeunrealizedholdinggainlossonsecuritiesarisingduringperiodnetoftax": -2000000,
        "othercomprehensiveincomedefinedbenefitplansnetunamortizedgainlossarisingduringperiodnetoftax": 1000000,
        "othercomprehensiveincomelossreclassificationadjustmentonderivativesincludedinnetincomenetoftax": 1000000,
        "othercomprehensiveincomelossreclassificationadjustmentforsaleofsecuritiesincludedinnetincomenetoftax": -1000000,
        "othercomprehensiveincomereclassificationofdefinedbenefitplansnetgainlossrecognizedinnetperiodicbenefitcostnetoftax": 12000000,
        "othercomprehensiveincomelossnetoftax": -4000000,
        "comprehensiveincomenetoftaxincludingportionattributabletononcontrollinginterest": 221000000,
        "comprehensiveincomenetoftaxattributabletononcontrollinginterest": 7000000,
        "comprehensiveincomenetoftax": 168000000,
        "othercomprehensiveincomeunrealizedgainlossonderivativesarisingduringperiodtax": 2000000,
        "othercomprehensiveincomeunrealizedholdinggainlossonsecuritiesarisingduringperiodtax": 1000000,
        "othercomprehensiveincomedefinedbenefitplansnetunamortizedgainlossarisingduringperiodtax": -1000000,
        "othercomprehensiveincomelossreclassificationadjustmentonderivativesincludedinnetincometax": 11000000,
        "othercomprehensiveincomelossreclassificationadjustmentforsaleofsecuritiesincludedinnetincometax": 3000000,
        "othercomprehensiveincomelossreclassificationpensionandotherpostretirementbenefitplansnetgainlossrecognizedinnetperiodicbenefitcosttax": -8000000,
        "salesrevenuenet": 239000000,
        "costofpurchasedpower": 602000000,
        "purchasedelectriccapacity": 97000000,
        "purchasedgas": 215000000,
        "otheroperationsandmaintenance": 782000000,
        "affiliatedsuppliers": 82000000,
        "other": 360000000,
        "depreciationandamortization": 188000000,
        "taxesexcludingincomeandexcisetaxes": 66000000,
        "costsandexpenses": 1395000000,
        "operatingincomeloss": 361000000,
        "othernonoperatingincomeexpense": 17000000,
        "interestanddebtexpense": 100000000,
        "incomelossfromcontinuingoperationsbeforeincometaxesminorityinterestandincomelossfromequitymethodinvestments": 278000000,
        "incometaxexpensebenefit": 106000000,
        "incomelossfromcontinuingoperationsincludingportionattributabletononcontrollinginterest": 283000000,
        "incomelossfromdiscontinuedoperationsnetoftax": -18000000,
        "netincomelossattributabletononcontrollinginterest": 7000000,
        "incomelossfromcontinuingoperations": 276000000,
        "incomelossfromdiscontinuedoperationsnetoftaxattributabletoreportingentity": -18000000,
        "preferredstockdividendsandotheradjustments": 4000000,
        "netincomelossavailabletocommonstockholdersbasic": 168000000,
        "incomelossfromcontinuingoperationsperbasicshare": 0.48,
        "incomelossfromdiscontinuedoperationsnetoftaxperbasicshare": -0.03,
        "earningspersharebasic": 0.45,
        "incomelossfromcontinuingoperationsperdilutedshare": 0.48,
        "incomelossfromdiscontinuedoperationsnetoftaxperdilutedshare": -0.03,
        "earningspersharediluted": 0.45,
        "commonstockdividendspersharecashpaid": 0.5275,
        "discontinuedoperationtaxeffectofdiscontinuedoperation": 14000000
    },
    {
        "date": "2011-09-29",
        "symbol": "D",
        "period": "Q3",
        "salesrevenuenet": 290000000,
        "costofpurchasedpower": 746000000,
        "purchasedelectriccapacity": 52000000,
        "purchasedgas": 335000000,
        "otheroperationsandmaintenance": 17000000,
        "other": 435000000,
        "depreciationandamortization": 184000000,
        "taxesexcludingincomeandexcisetaxes": 57000000,
        "affiliatedsuppliers": 79000000,
        "costsandexpenses": 1609000000,
        "operatingincomeloss": 568000000,
        "othernonoperatingincomeexpense": 25000000,
        "interestanddebtexpense": 114000000,
        "incomelossfromcontinuingoperationsbeforeincometaxesminorityinterestandincomelossfromequitymethodinvestments": 479000000,
        "incometaxexpensebenefit": 182000000,
        "incomelossfromcontinuingoperationsincludingportionattributabletononcontrollinginterest": 396000000,
        "profitloss": 396000000,
        "netincomelossattributabletononcontrollinginterest": 4000000,
        "netincomeloss": 95000000,
        "preferredstockdividendsandotheradjustments": 4000000,
        "netincomelossavailabletocommonstockholdersbasic": 293000000,
        "incomelossfromcontinuingoperations": 392000000,
        "incomelossfromcontinuingoperationsperbasicshare": 0.69,
        "earningspersharebasic": 0.69,
        "incomelossfromcontinuingoperationsperdilutedshare": 0.69,
        "earningspersharediluted": 0.69,
        "commonstockdividendspersharecashpaid": 0.4925
    },
    {
        "date": "2009-09-29",
        "symbol": "D",
        "period": "Q3",
        "salesrevenuenet": 3648000000,
        "costelectricfuelpurchasedpower": 1072000000,
        "costpurchasedelectriccapacity": 96000000,
        "costpurchasegas": 279000000,
        "otheroperationsandmaintenanceexpenses": 748000000,
        "depreciationandamortization": 274000000,
        "taxesexcludingincomeandexcisetaxes": 107000000,
        "costsandexpenses": 2576000000,
        "operatingincomeloss": 1072000000,
        "othernonoperatingincomeexpense": 123000000,
        "interestanddebtexpense": 217000000,
        "incomelossfromcontinuingoperationsbeforeincometaxesminorityinterestandincomelossfromequitymethodinvestments": 978000000,
        "incometaxexpensebenefit": 380000000,
        "incomelossfromcontinuingoperationsincludingportionattributabletononcontrollinginterest": 598000000,
        "profitloss": 598000000,
        "netincomelossattributabletononcontrollinginterest": 4000000,
        "netincomeloss": 594000000,
        "incomelossfromcontinuingoperations": 594000000,
        "earningspersharebasic": 1,
        "earningspersharediluted": 1,
        "commonstockdividendspersharecashpaid": 0.4375
    },
    {
        "date": "2009-06-29",
        "symbol": "D",
        "period": "Q2",
        "salesrevenuenet": 3450000000,
        "costelectricfuelpurchasedpower": 998000000,
        "costpurchasedelectriccapacity": 105000000,
        "costpurchasegas": 368000000,
        "otheroperationsandmaintenanceexpenses": 697000000,
        "depreciationandamortization": 271000000,
        "taxesotherthanincomeexciseproductionandpropertytaxes": 109000000,
        "costsandexpenses": 2548000000,
        "operatingincomeloss": 902000000,
        "othernonoperatingincomeexpense": 70000000,
        "interestanddebtexpense": 221000000,
        "incomelossfromcontinuingoperationsbeforeincometaxesminorityinterestandincomelossfromequitymethodinvestments": 751000000,
        "incometaxexpensebenefit": 293000000,
        "incomelossfromcontinuingoperationsincludingportionattributabletononcontrollinginterest": 458000000,
        "profitloss": 458000000,
        "netincomelossattributabletononcontrollinginterest": 4000000,
        "netincomeloss": 454000000,
        "incomelossfromcontinuingoperations": 454000000,
        "incomelossfromcontinuingoperationsperbasicshare": 0.76,
        "earningspersharebasic": 0.76,
        "incomelossfromcontinuingoperationsperdilutedshare": 0.76,
        "earningspersharediluted": 0.76,
        "commonstockdividendspersharecashpaid": 0.4375
    }
]