[
    {
        "date": "2024-09-29",
        "symbol": "MMM",
        "period": "Q3",
        "revenues": 4307000000,
        "costofrevenue": 2803000000,
        "sellinggeneralandadministrativeexpense": 454000000,
        "researchdevelopmentandrelatedexpenses": 86000000,
        "costsandexpenses": -11688000000,
        "operatingincomeloss": 964000000,
        "nonoperatingincomeexpense": 449000000,
        "incomelossfromcontinuingoperationsbeforeincometaxesextraordinaryitemsnoncontrollinginterest": 1413000000,
        "incometaxexpensebenefit": -490000000,
        "incomelossfromcontinuingoperationsincludingportionattributabletononcontrollinginterest": 1150000000,
        "incomelossfromsubsidiariesnetoftax": 3000000,
        "netincomelossattributabletononcontrollinginterest": 4000000,
        "netincomeloss": 1372000000,
        "weightedaveragenumberofsharesoutstandingbasic": 553100000,
        "earningspersharebasic": 2.49,
        "weightedaveragenumberofdilutedsharesoutstanding": 554500000,
        "earningspersharediluted": 2.4700000000000006,
        "profitloss": -2069000000,
        "othercomprehensiveincomelossforeigncurrencytransactionandtranslationadjustmentnetoftax": 368000000,
        "othercomprehensiveincomelosspensionandotherpostretirementbenefitplansadjustmentnetoftax": -48000000,
        "othercomprehensiveincomelosscashflowhedgegainlossafterreclassificationandtax": -74000000,
        "othercomprehensiveincomelossnetoftax": 343000000,
        "comprehensiveincomenetoftaxincludingportionattributabletononcontrollinginterest": 1718000000,
        "comprehensiveincomenetoftaxattributabletononcontrollinginterest": 3000000,
        "comprehensiveincomenetoftax": 1715000000
    },
    {
        "date": "2024-06-29",
        "symbol": "MMM",
        "period": "Q2",
        "revenues": 6255000000,
        "costofrevenue": 3571000000,
        "sellinggeneralandadministrativeexpense": 1132000000,
        "researchdevelopmentandrelatedexpenses": 280000000,
        "costsandexpenses": 4983000000,
        "operatingincomeloss": 1272000000,
        "nonoperatingincomeexpense": 138000000,
        "incomelossfromcontinuingoperationsbeforeincometaxesextraordinaryitemsnoncontrollinginterest": 1410000000,
        "incometaxexpensebenefit": 203000000,
        "incomelossfromcontinuingoperationsincludingportionattributabletononcontrollinginterest": 1207000000,
        "incomelossfromsubsidiariesnetoftax": 3000000,
        "netincomelossfromcontinuingoperationsincludingportionattributabletononcontrollinginterest": 1210000000,
        "netincomelossattributabletononcontrollinginterest": 6000000,
        "incomelossfromcontinuingoperations": 1204000000,
        "incomelossfromdiscontinuedoperationsnetoftaxattributabletoreportingentity": -59000000,
        "netincomeloss": 1145000000,
        "weightedaveragenumberofsharesoutstandingbasic": 553800000,
        "incomelossfromcontinuingoperationsperbasicshare": 2.17,
        "discontinuedoperationincomelossfromdiscontinuedoperationnetoftaxperbasicshare": -0.1,
        "earningspersharebasic": 2.07,
        "weightedaveragenumberofdilutedsharesoutstanding": 554800000,
        "incomelossfromcontinuingoperationsperdilutedshare": 2.17,
        "discontinuedoperationincomelossfromdiscontinuedoperationnetoftaxperdilutedshare": -0.1,
        "earningspersharediluted": 2.07,
        "profitloss": 1151000000,
        "othercomprehensiveincomelossforeigncurrencytransactionandtranslationadjustmentnetoftax": -145000000,
        "othercomprehensiveincomelosspensionandotherpostretirementbenefitplansadjustmentnetoftax": -826000000,
        "othercomprehensiveincomelosscashflowhedgegainlossafterreclassificationandtax": -7000000,
        "othercomprehensiveincomelossnetoftax": 674000000,
        "comprehensiveincomenetoftaxincludingportionattributabletononcontrollinginterest": 1825000000,
        "comprehensiveincomenetoftaxattributabletononcontrollinginterest": 5000000,
        "comprehensiveincomenetoftax": 1820000000
    },
    {
        "date": "2024-03-30",
        "symbol": "MMM",
        "period": "Q1",
        "revenues": 8003000000,
        "costofrevenue": 4329000000,
        "sellinggeneralandadministrativeexpense": 1736000000,
        "researchdevelopmentandrelatedexpenses": 437000000,
        "costsandexpenses": 6502000000,
        "operatingincomeloss": 1501000000,
        "nonoperatingincomeexpense": -264000000,
        "incomelossfromcontinuingoperationsbeforeincometaxesextraordinaryitemsnoncontrollinginterest": 1237000000,
        "incometaxexpensebenefit": 305000000,
        "incomelossfromcontinuingoperationsincludingportionattributabletononcontrollinginterest": 932000000,
        "incomelossfromsubsidiariesnetoftax": 1000000,
        "profitloss": 933000000,
        "netincomelossattributabletononcontrollinginterest": 5000000,
        "netincomeloss": 928000000,
        "weightedaveragenumberofsharesoutstandingbasic": 555000000,
        "earningspersharebasic": 1.67,
        "weightedaveragenumberofdilutedsharesoutstanding": 555900000,
        "earningspersharediluted": 1.67,
        "othercomprehensiveincomelossforeigncurrencytransactionandtranslationadjustmentnetoftax": -208000000,
        "othercomprehensiveincomelosspensionandotherpostretirementbenefitplansadjustmentnetoftax": -135000000,
        "othercomprehensiveincomelosscashflowhedgegainlossafterreclassificationandtax": 26000000,
        "othercomprehensiveincomelossnetoftax": -47000000,
        "comprehensiveincomenetoftaxincludingportionattributabletononcontrollinginterest": 886000000,
        "comprehensiveincomenetoftaxattributabletononcontrollinginterest": 6000000,
        "comprehensiveincomenetoftax": 880000000
    },
    {
        "date": "2023-12-30",
        "symbol": "MMM",
        "period": "Q4",
        "revenues": 23176000000,
        "costofrevenue": 13812000000,
        "sellinggeneralandadministrativeexpense": 1625000000,
        "researchdevelopmentandrelatedexpenses": 467000000,
        "costsandexpenses": 41584000000,
        "operatingincomeloss": -9498000000,
        "nonoperatingincomeexpense": -356000000,
        "incomelossfromcontinuingoperationsbeforeincometaxesextraordinaryitemsnoncontrollinginterest": 1000000000,
        "incometaxexpensebenefit": -1892000000,
        "incomelossfromcontinuingoperationsincludingportionattributabletononcontrollinginterest": 936000000,
        "incomelossfromsubsidiariesnetoftax": 11000000,
        "profitloss": -4971000000,
        "netincomelossattributabletononcontrollinginterest": 2000000,
        "netincomeloss": -4843000000,
        "weightedaveragenumberofsharesoutstandingbasic": 553900000,
        "earningspersharebasic": 1.689999999999999,
        "weightedaveragenumberofdilutedsharesoutstanding": 553900000,
        "earningspersharediluted": 1.699999999999999,
        "othercomprehensiveincomelossforeigncurrencytransactionandtranslationadjustmentnetoftax": 570000000,
        "othercomprehensiveincomelosspensionandotherpostretirementbenefitplansadjustmentnetoftax": 531000000,
        "othercomprehensiveincomelosscashflowhedgegainlossafterreclassificationandtax": -67000000,
        "othercomprehensiveincomelossnetoftax": -51000000,
        "comprehensiveincomenetoftaxincludingportionattributabletononcontrollinginterest": 895000000,
        "comprehensiveincomenetoftaxattributabletononcontrollinginterest": 2000000,
        "comprehensiveincomenetoftax": 893000000
    },
    {
        "date": "2023-09-29",
        "symbol": "MMM",
        "period": "Q3",
        "revenues": 8312000000,
        "costofrevenue": 4580000000,
        "sellinggeneralandadministrativeexpense": 5992000000,
        "researchdevelopmentandrelatedexpenses": 430000000,
        "gainlossonsaleofbusiness": 36000000,
        "costsandexpenses": 10966000000,
        "operatingincomeloss": -2654000000,
        "nonoperatingincomeexpense": -200000000,
        "incomelossfromcontinuingoperationsbeforeincometaxesextraordinaryitemsnoncontrollinginterest": -2854000000,
        "incometaxexpensebenefit": -781000000,
        "incomelossfromcontinuingoperationsincludingportionattributabletononcontrollinginterest": -2073000000,
        "incomelossfromsubsidiariesnetoftax": 2000000,
        "profitloss": -2071000000,
        "netincomelossattributabletononcontrollinginterest": 4000000,
        "netincomeloss": -2075000000,
        "weightedaveragenumberofsharesoutstandingbasic": 554300000,
        "earningspersharebasic": -3.74,
        "weightedaveragenumberofdilutedsharesoutstanding": 554300000,
        "earningspersharediluted": -3.74,
        "othercomprehensiveincomelossforeigncurrencytransactionandtranslationadjustmentnetoftax": -365000000,
        "othercomprehensiveincomelosspensionandotherpostretirementbenefitplansadjustmentnetoftax": -50000000,
        "othercomprehensiveincomelosscashflowhedgegainlossafterreclassificationandtax": 21000000,
        "othercomprehensiveincomelossnetoftax": -294000000,
        "comprehensiveincomenetoftaxincludingportionattributabletononcontrollinginterest": -2365000000,
        "comprehensiveincomenetoftaxattributabletononcontrollinginterest": 3000000,
        "comprehensiveincomenetoftax": -2368000000
    },
    {
        "date": "2023-06-29",
        "symbol": "MMM",
        "period": "Q2",
        "revenues": 1000000,
        "costofrevenue": 42000000,
        "sellinggeneralandadministrativeexpense": 12204000000,
        "researchdevelopmentandrelatedexpenses": 473000000,
        "costsandexpenses": -10548000000,
        "operatingincomeloss": 1590000000,
        "nonoperatingincomeexpense": -2000000,
        "incomelossfromcontinuingoperationsbeforeincometaxesextraordinaryitemsnoncontrollinginterest": -9023000000,
        "incometaxexpensebenefit": -8000000,
        "incomelossfromcontinuingoperationsincludingportionattributabletononcontrollinginterest": -6839000000,
        "incomelossfromsubsidiariesnetoftax": 3000000,
        "profitloss": 32000000,
        "netincomelossattributabletononcontrollinginterest": 5000000,
        "netincomeloss": -57000000,
        "weightedaveragenumberofsharesoutstandingbasic": 553900000,
        "earningspersharebasic": -12.35,
        "weightedaveragenumberofdilutedsharesoutstanding": 553900000,
        "earningspersharediluted": -12.35,
        "othercomprehensiveincomelossforeigncurrencytransactionandtranslationadjustmentnetoftax": 1000000,
        "othercomprehensiveincomelosspensionandotherpostretirementbenefitplansadjustmentnetoftax": -50000000,
        "othercomprehensiveincomelosscashflowhedgegainlossafterreclassificationandtax": 23000000,
        "othercomprehensiveincomelossnetoftax": 97000000,
        "comprehensiveincomenetoftaxincludingportionattributabletononcontrollinginterest": -6738000000,
        "comprehensiveincomenetoftaxattributabletononcontrollinginterest": 6000000,
        "comprehensiveincomenetoftax": -6744000000
    },
    {
        "date": "2023-03-30",
        "symbol": "MMM",
        "period": "Q1",
        "revenues": 1192000000,
        "costofrevenue": 43000000,
        "sellinggeneralandadministrativeexpense": 1705000000,
        "researchdevelopmentandrelatedexpenses": 472000000,
        "costsandexpenses": -193000000,
        "operatingincomeloss": 1434000000,
        "nonoperatingincomeexpense": -2000000,
        "incomelossfromcontinuingoperationsbeforeincometaxesextraordinaryitemsnoncontrollinginterest": 1189000000,
        "incometaxexpensebenefit": -10000000,
        "incomelossfromcontinuingoperationsincludingportionattributabletononcontrollinginterest": 979000000,
        "incomelossfromsubsidiariesnetoftax": 2000000,
        "profitloss": 31000000,
        "netincomelossattributabletononcontrollinginterest": 5000000,
        "netincomeloss": -20000000,
        "weightedaveragenumberofsharesoutstandingbasic": 552700000,
        "earningspersharebasic": 1.77,
        "weightedaveragenumberofdilutedsharesoutstanding": 553200000,
        "earningspersharediluted": 1.76,
        "othercomprehensiveincomelossforeigncurrencytransactionandtranslationadjustmentnetoftax": 116000000,
        "othercomprehensiveincomelosspensionandotherpostretirementbenefitplansadjustmentnetoftax": -51000000,
        "othercomprehensiveincomelosscashflowhedgegainlossafterreclassificationandtax": -24000000,
        "othercomprehensiveincomelossnetoftax": 143000000,
        "comprehensiveincomenetoftaxincludingportionattributabletononcontrollinginterest": 1124000000,
        "comprehensiveincomenetoftaxattributabletononcontrollinginterest": 5000000,
        "comprehensiveincomenetoftax": 1119000000
    },
    {
        "date": "2022-12-30",
        "symbol": "MMM",
        "period": "Q4",
        "revenues": 1000000,
        "costofrevenue": 48000000,
        "sellinggeneralandadministrativeexpense": 2146000000,
        "researchdevelopmentandrelatedexpenses": 445000000,
        "costsandexpenses": -197000000,
        "operatingincomeloss": 829000000,
        "nonoperatingincomeexpense": -2000000,
        "incomelossfromcontinuingoperationsbeforeincometaxesminorityinterestandincomelossfromequitymethodinvestments": 46000000,
        "incometaxexpensebenefit": -11000000,
        "incomelossfromcontinuingoperationsincludingportionattributabletononcontrollinginterest": 535000000,
        "incomelossfromequitymethodinvestments": 8000000,
        "profitloss": 35000000,
        "netincomelossattributabletononcontrollinginterest": 2000000,
        "netincomeloss": -57000000,
        "weightedaveragenumberofsharesoutstandingbasic": -574400000,
        "earningspersharebasic": 1.0100000000000007,
        "weightedaveragenumberofdilutedsharesoutstanding": -576200000,
        "earningspersharediluted": 1.0100000000000002,
        "othercomprehensiveincomelossforeigncurrencytransactionandtranslationadjustmentnetoftax": -1000000,
        "othercomprehensiveincomelosspensionandotherpostretirementbenefitplansadjustmentnetoftax": -657000000,
        "othercomprehensiveincomelosscashflowhedgegainlossafterreclassificationandtax": -150000000,
        "othercomprehensiveincomelossnetoftax": 1312000000,
        "comprehensiveincomenetoftaxincludingportionattributabletononcontrollinginterest": 1854000000,
        "comprehensiveincomenetoftax": 1853000000
    },
    {
        "date": "2022-09-29",
        "symbol": "MMM",
        "period": "Q3",
        "revenues": 1000000,
        "costofrevenue": 33000000,
        "sellinggeneralandadministrativeexpense": 1998000000,
        "researchdevelopmentandrelatedexpenses": 461000000,
        "gainlossonsaleofbusiness": 2724000000,
        "costsandexpenses": 2279000000,
        "operatingincomeloss": 1877000000,
        "nonoperatingincomeexpense": -3000000,
        "incomelossfromcontinuingoperationsbeforeincometaxesminorityinterestandincomelossfromequitymethodinvestments": 30000000,
        "incometaxexpensebenefit": -7000000,
        "incomelossfromcontinuingoperationsincludingportionattributabletononcontrollinginterest": 3861000000,
        "incomelossfromequitymethodinvestments": 2000000,
        "profitloss": 23000000,
        "netincomelossattributabletononcontrollinginterest": 4000000,
        "netincomeloss": -63000000,
        "weightedaveragenumberofsharesoutstandingbasic": 568800000,
        "earningspersharebasic": 6.79,
        "weightedaveragenumberofdilutedsharesoutstanding": 570000000,
        "earningspersharediluted": 6.77,
        "othercomprehensiveincomelossforeigncurrencytransactionandtranslationadjustmentnetoftax": -2000000,
        "othercomprehensiveincomelosspensionandotherpostretirementbenefitplansadjustmentnetoftax": -86000000,
        "othercomprehensiveincomelosscashflowhedgegainlossafterreclassificationandtax": 110000000,
        "othercomprehensiveincomelossnetoftax": -623000000,
        "comprehensiveincomenetoftaxincludingportionattributabletononcontrollinginterest": 3238000000,
        "comprehensiveincomenetoftaxattributabletononcontrollinginterest": 2000000,
        "comprehensiveincomenetoftax": 3236000000
    },
    {
        "date": "2022-06-29",
        "symbol": "MMM",
        "period": "Q2",
        "revenues": 1000000,
        "costofrevenue": 17000000,
        "sellinggeneralandadministrativeexpense": 3023000000,
        "researchdevelopmentandrelatedexpenses": 476000000,
        "costsandexpenses": -400000000,
        "operatingincomeloss": 510000000,
        "nonoperatingincomeexpense": -2000000,
        "incomelossfromcontinuingoperationsbeforeincometaxesminorityinterestandincomelossfromequitymethodinvestments": 15000000,
        "incometaxexpensebenefit": -3000000,
        "incomelossfromcontinuingoperationsincludingportionattributabletononcontrollinginterest": 83000000,
        "incomelossfromequitymethodinvestments": -1000000,
        "profitloss": 12000000,
        "netincomelossattributabletononcontrollinginterest": 4000000,
        "netincomeloss": -73000000,
        "weightedaveragenumberofsharesoutstandingbasic": -700000,
        "earningspersharebasic": 0.14000000000000012,
        "weightedaveragenumberofdilutedsharesoutstanding": -1200000,
        "earningspersharediluted": 0.14000000000000012,
        "othercomprehensiveincomelossforeigncurrencytransactionandtranslationadjustmentnetoftax": -4000000,
        "othercomprehensiveincomelosspensionandotherpostretirementbenefitplansadjustmentnetoftax": -85000000,
        "othercomprehensiveincomelosscashflowhedgegainlossafterreclassificationandtax": 88000000,
        "othercomprehensiveincomelossnetoftax": -528000000,
        "comprehensiveincomenetoftaxincludingportionattributabletononcontrollinginterest": -450000000,
        "comprehensiveincomenetoftaxattributabletononcontrollinginterest": 0,
        "comprehensiveincomenetoftax": -450000000
    },
    {
        "date": "2022-03-30",
        "symbol": "MMM",
        "period": "Q1",
        "revenues": 1000000,
        "costofrevenue": 9000000,
        "sellinggeneralandadministrativeexpense": 1882000000,
        "researchdevelopmentandrelatedexpenses": 480000000,
        "costsandexpenses": -163000000,
        "operatingincomeloss": 1804000000,
        "nonoperatingincomeexpense": -2000000,
        "incomelossfromcontinuingoperationsbeforeincometaxesminorityinterestandincomelossfromequitymethodinvestments": 7000000,
        "incometaxexpensebenefit": -2000000,
        "incomelossfromcontinuingoperationsincludingportionattributabletononcontrollinginterest": 1301000000,
        "incomelossfromequitymethodinvestments": 2000000,
        "profitloss": 5000000,
        "netincomelossattributabletononcontrollinginterest": 4000000,
        "netincomeloss": -82000000,
        "weightedaveragenumberofsharesoutstandingbasic": 572300000,
        "earningspersharebasic": 2.27,
        "weightedaveragenumberofdilutedsharesoutstanding": 575000000,
        "earningspersharediluted": 2.26,
        "othercomprehensiveincomelossforeigncurrencytransactionandtranslationadjustmentnetoftax": -1000000,
        "othercomprehensiveincomelosspensionandotherpostretirementbenefitplansadjustmentnetoftax": -87000000,
        "othercomprehensiveincomelosscashflowhedgegainlossafterreclassificationandtax": -1000000,
        "othercomprehensiveincomelossnetoftax": -84000000,
        "comprehensiveincomenetoftaxincludingportionattributabletononcontrollinginterest": 1218000000,
        "comprehensiveincomenetoftaxattributabletononcontrollinginterest": 3000000,
        "comprehensiveincomenetoftax": 1215000000
    },
    {
        "date": "2021-12-30",
        "symbol": "MMM",
        "period": "Q4",
        "revenues": -509000000,
        "costofrevenue": -9267000000,
        "sellinggeneralandadministrativeexpense": 1824000000,
        "researchdevelopmentandrelatedexpenses": 474000000,
        "costsandexpenses": -60000000,
        "operatingincomeloss": 1676000000,
        "nonoperatingincomeexpense": 76000000,
        "incomelossfromcontinuingoperationsbeforeincometaxesminorityinterestandincomelossfromequitymethodinvestments": -3912000000,
        "incometaxexpensebenefit": -727000000,
        "incomelossfromcontinuingoperationsincludingportionattributabletononcontrollinginterest": 1337000000,
        "incomelossfromequitymethodinvestments": 3000000,
        "profitloss": -26000000,
        "netincomelossattributabletononcontrollinginterest": 1000000,
        "netincomeloss": -3549000000,
        "weightedaveragenumberofsharesoutstandingbasic": -581300000,
        "earningspersharebasic": 2.34,
        "weightedaveragenumberofdilutedsharesoutstanding": -588400000,
        "earningspersharediluted": 2.3099999999999983,
        "othercomprehensiveincomelossforeigncurrencytransactionandtranslationadjustmentnetoftax": 52000000,
        "othercomprehensiveincomelosspensionandotherpostretirementbenefitplansadjustmentnetoftax": -986000000,
        "othercomprehensiveincomelossnetoftax": 870000000,
        "comprehensiveincomenetoftaxincludingportionattributabletononcontrollinginterest": 2210000000,
        "comprehensiveincomenetoftax": 2209000000
    },
    {
        "date": "2021-09-29",
        "symbol": "MMM",
        "period": "Q3",
        "revenues": -520000000,
        "costofrevenue": -15000000,
        "sellinggeneralandadministrativeexpense": 1819000000,
        "researchdevelopmentandrelatedexpenses": 482000000,
        "costsandexpenses": -27000000,
        "operatingincomeloss": 1815000000,
        "nonoperatingincomeexpense": -3000000,
        "incomelossfromcontinuingoperationsbeforeincometaxesminorityinterestandincomelossfromequitymethodinvestments": -18000000,
        "incometaxexpensebenefit": 4000000,
        "incomelossfromcontinuingoperationsincludingportionattributabletononcontrollinginterest": 1433000000,
        "incomelossfromequitymethodinvestments": 4000000,
        "profitloss": -14000000,
        "netincomelossattributabletononcontrollinginterest": 3000000,
        "netincomeloss": -133000000,
        "weightedaveragenumberofsharesoutstandingbasic": 579600000,
        "earningspersharebasic": 2.47,
        "weightedaveragenumberofdilutedsharesoutstanding": 586300000,
        "earningspersharediluted": 2.45,
        "othercomprehensiveincomelossforeigncurrencytransactionandtranslationadjustmentnetoftax": -1000000,
        "othercomprehensiveincomelosspensionandotherpostretirementbenefitplansadjustmentnetoftax": -119000000,
        "othercomprehensiveincomelosscashflowhedgegainlossafterreclassificationandtax": 48000000,
        "othercomprehensiveincomelossnetoftax": -134000000,
        "comprehensiveincomenetoftaxincludingportionattributabletononcontrollinginterest": 1302000000,
        "comprehensiveincomenetoftaxattributabletononcontrollinginterest": 2000000,
        "comprehensiveincomenetoftax": 1300000000
    },
    {
        "date": "2021-06-29",
        "symbol": "MMM",
        "period": "Q2",
        "revenues": 8950000000,
        "costofrevenue": 4719000000,
        "sellinggeneralandadministrativeexpense": 1746000000,
        "researchdevelopmentandrelatedexpenses": 514000000,
        "costsandexpenses": 6979000000,
        "operatingincomeloss": 1971000000,
        "nonoperatingincomeexpense": -33000000,
        "incomelossfromcontinuingoperationsbeforeincometaxesminorityinterestandincomelossfromequitymethodinvestments": 1938000000,
        "incometaxexpensebenefit": 415000000,
        "incomelossfromcontinuingoperationsincludingportionattributabletononcontrollinginterest": 1523000000,
        "incomelossfromequitymethodinvestments": 2000000,
        "profitloss": 1525000000,
        "netincomelossattributabletononcontrollinginterest": 1000000,
        "netincomeloss": 1524000000,
        "weightedaveragenumberofsharesoutstandingbasic": 200000,
        "earningspersharebasic": 2.62,
        "weightedaveragenumberofdilutedsharesoutstanding": 1100000,
        "earningspersharediluted": 2.5900000000000003,
        "othercomprehensiveincomelossforeigncurrencytransactionandtranslationadjustmentnetoftax": 170000000,
        "othercomprehensiveincomelosspensionandotherpostretirementbenefitplansadjustmentnetoftax": -121000000,
        "othercomprehensiveincomelossnetoftax": 280000000,
        "comprehensiveincomenetoftaxincludingportionattributabletononcontrollinginterest": 1805000000,
        "comprehensiveincomenetoftaxattributabletononcontrollinginterest": 0,
        "comprehensiveincomenetoftax": 1805000000
    },
    {
        "date": "2021-03-30",
        "symbol": "MMM",
        "period": "Q1",
        "revenues": 8851000000,
        "costofrevenue": 4525000000,
        "sellinggeneralandadministrativeexpense": 1808000000,
        "researchdevelopmentandrelatedexpenses": 524000000,
        "costsandexpenses": 6857000000,
        "operatingincomeloss": 1994000000,
        "nonoperatingincomeexpense": -49000000,
        "incomelossfromcontinuingoperationsbeforeincometaxesminorityinterestandincomelossfromequitymethodinvestments": 1945000000,
        "incometaxexpensebenefit": 319000000,
        "incomelossfromcontinuingoperationsincludingportionattributabletononcontrollinginterest": 1626000000,
        "incomelossfromequitymethodinvestments": 1000000,
        "profitloss": 1627000000,
        "netincomelossattributabletononcontrollinginterest": 3000000,
        "netincomeloss": 1624000000,
        "weightedaveragenumberofsharesoutstandingbasic": 580500000,
        "earningspersharebasic": 2.8,
        "weightedaveragenumberofdilutedsharesoutstanding": 586300000,
        "earningspersharediluted": 2.77,
        "othercomprehensiveincomelossforeigncurrencytransactionandtranslationadjustmentnetoftax": -222000000,
        "othercomprehensiveincomelosspensionandotherpostretirementbenefitplansadjustmentnetoftax": -119000000,
        "othercomprehensiveincomelosscashflowhedgegainlossafterreclassificationandtax": 58000000,
        "othercomprehensiveincomelossnetoftax": -45000000,
        "comprehensiveincomenetoftaxincludingportionattributabletononcontrollinginterest": 1582000000,
        "comprehensiveincomenetoftaxattributabletononcontrollinginterest": 4000000,
        "comprehensiveincomenetoftax": 1578000000
    },
    {
        "date": "2020-12-30",
        "symbol": "MMM",
        "period": "Q4",
        "revenues": 8583000000,
        "costofrevenue": 4388000000,
        "sellinggeneralandadministrativeexpense": 1890000000,
        "researchdevelopmentandrelatedexpenses": 456000000,
        "costsandexpenses": 6734000000,
        "operatingincomeloss": 1849000000,
        "nonoperatingincomeexpense": -139000000,
        "incometaxexpensebenefit": 316000000,
        "profitloss": 1390000000,
        "netincomelossattributabletononcontrollinginterest": 1000000,
        "netincomeloss": 1389000000,
        "weightedaveragenumberofsharesoutstandingbasic": 400000,
        "earningspersharebasic": 2.4000000000000004,
        "weightedaveragenumberofdilutedsharesoutstanding": 600000,
        "earningspersharediluted": 2.3799999999999994,
        "othercomprehensiveincomelossforeigncurrencytransactionandtranslationadjustmentnetoftax": 514000000,
        "othercomprehensiveincomelosspensionandotherpostretirementbenefitplansadjustmentnetoftax": 133000000,
        "othercomprehensiveincomelossnetoftax": 299000000,
        "comprehensiveincomenetoftaxincludingportionattributabletononcontrollinginterest": 1689000000,
        "comprehensiveincomenetoftaxattributabletononcontrollinginterest": 1000000,
        "comprehensiveincomenetoftax": 1688000000
    },
    {
        "date": "2020-09-29",
        "symbol": "MMM",
        "period": "Q3",
        "revenues": 8350000000,
        "costofrevenue": 4303000000,
        "sellinggeneralandadministrativeexpense": 1677000000,
        "researchdevelopmentandrelatedexpenses": 461000000,
        "gainlossonsaleofbusiness": 0,
        "costsandexpenses": 6441000000,
        "operatingincomeloss": 1909000000,
        "nonoperatingincomeexpense": -104000000,
        "incometaxexpensebenefit": 387000000,
        "profitloss": 1417000000,
        "netincomelossattributabletononcontrollinginterest": 4000000,
        "netincomeloss": 1413000000,
        "weightedaveragenumberofsharesoutstandingbasic": -576600000,
        "earningspersharebasic": 2.4399999999999995,
        "weightedaveragenumberofdilutedsharesoutstanding": -580700000,
        "earningspersharediluted": 2.43,
        "othercomprehensiveincomelossforeigncurrencytransactionandtranslationadjustmentnetoftax": 271000000,
        "othercomprehensiveincomelosspensionandotherpostretirementbenefitplansadjustmentnetoftax": -265000000,
        "othercomprehensiveincomelossnetoftax": 327000000,
        "comprehensiveincomenetoftaxincludingportionattributabletononcontrollinginterest": 1744000000,
        "comprehensiveincomenetoftaxattributabletononcontrollinginterest": 5000000,
        "comprehensiveincomenetoftax": 1739000000
    },
    {
        "date": "2020-06-29",
        "symbol": "MMM",
        "period": "Q2",
        "revenues": 7176000000,
        "costofrevenue": 3805000000,
        "sellinggeneralandadministrativeexpense": 1594000000,
        "researchdevelopmentandrelatedexpenses": 424000000,
        "gainlossonsaleofbusiness": 387000000,
        "costsandexpenses": 5436000000,
        "operatingincomeloss": 1740000000,
        "nonoperatingincomeexpense": -111000000,
        "incomelossfromcontinuingoperationsbeforeincometaxesextraordinaryitemsnoncontrollinginterest": 1629000000,
        "incometaxexpensebenefit": 342000000,
        "profitloss": 1287000000,
        "netincomelossattributabletononcontrollinginterest": -3000000,
        "netincomeloss": 1290000000,
        "weightedaveragenumberofsharesoutstandingbasic": 577000000,
        "earningspersharebasic": 2.24,
        "weightedaveragenumberofdilutedsharesoutstanding": 580800000,
        "earningspersharediluted": 2.22,
        "othercomprehensiveincomelossforeigncurrencytransactionandtranslationadjustmentnetoftax": 106000000,
        "othercomprehensiveincomelosspensionandotherpostretirementbenefitplansadjustmentnetoftax": 80000000,
        "othercomprehensiveincomelosscashflowhedgegainlossafterreclassificationandtax": -36000000,
        "othercomprehensiveincomelossnetoftax": 128000000,
        "comprehensiveincomenetoftaxincludingportionattributabletononcontrollinginterest": 1415000000,
        "comprehensiveincomenetoftaxattributabletononcontrollinginterest": -3000000,
        "comprehensiveincomenetoftax": 1418000000
    },
    {
        "date": "2020-03-30",
        "symbol": "MMM",
        "period": "Q1",
        "revenues": 8075000000,
        "costofrevenue": 4109000000,
        "sellinggeneralandadministrativeexpense": 1768000000,
        "researchdevelopmentandrelatedexpenses": 537000000,
        "gainlossonsaleofbusiness": 2000000,
        "costsandexpenses": 6412000000,
        "operatingincomeloss": 1663000000,
        "nonoperatingincomeexpense": -96000000,
        "incomelossfromcontinuingoperationsbeforeincometaxesextraordinaryitemsnoncontrollinginterest": 1567000000,
        "incometaxexpensebenefit": 273000000,
        "profitloss": 1294000000,
        "netincomelossattributabletononcontrollinginterest": 2000000,
        "netincomeloss": 1292000000,
        "weightedaveragenumberofsharesoutstandingbasic": 576800000,
        "earningspersharebasic": 2.24,
        "weightedaveragenumberofdilutedsharesoutstanding": 581500000,
        "earningspersharediluted": 2.22,
        "othercomprehensiveincomelossforeigncurrencytransactionandtranslationadjustmentnetoftax": -444000000,
        "othercomprehensiveincomelosspensionandotherpostretirementbenefitplansadjustmentnetoftax": -119000000,
        "othercomprehensiveincomelossderivativesqualifyingashedgesnetoftax": 47000000,
        "othercomprehensiveincomelossnetoftax": -278000000,
        "comprehensiveincomenetoftaxincludingportionattributabletononcontrollinginterest": 1016000000,
        "comprehensiveincomenetoftaxattributabletononcontrollinginterest": -1000000,
        "comprehensiveincomenetoftax": 1017000000
    },
    {
        "date": "2019-12-30",
        "symbol": "MMM",
        "period": "Q4",
        "revenues": 8111000000,
        "costofrevenue": 4325000000,
        "sellinggeneralandadministrativeexpense": 1940000000,
        "researchdevelopmentandrelatedexpenses": 521000000,
        "costsandexpenses": 6786000000,
        "operatingincomeloss": 1325000000,
        "nonoperatingincomeexpense": -113000000,
        "incomelossfromcontinuingoperationsbeforeincometaxesextraordinaryitemsnoncontrollinginterest": 1212000000,
        "incometaxexpensebenefit": 242000000,
        "profitloss": 970000000,
        "netincomelossattributabletononcontrollinginterest": 1000000,
        "netincomeloss": 969000000,
        "weightedaveragenumberofsharesoutstandingbasic": -577100000,
        "earningspersharebasic": 1.6799999999999997,
        "weightedaveragenumberofdilutedsharesoutstanding": -585200000,
        "earningspersharediluted": 1.65,
        "othercomprehensiveincomelossforeigncurrencytransactionandtranslationadjustmentnetoftax": 213000000,
        "othercomprehensiveincomelosspensionandotherpostretirementbenefitplansadjustmentnetoftax": 916000000,
        "othercomprehensiveincomelossnetoftax": -751000000,
        "comprehensiveincomenetoftaxincludingportionattributabletononcontrollinginterest": 219000000,
        "comprehensiveincomenetoftaxattributabletononcontrollinginterest": 1000000,
        "comprehensiveincomenetoftax": 218000000
    },
    {
        "date": "2019-09-29",
        "symbol": "MMM",
        "period": "Q3",
        "revenues": 7991000000,
        "costofrevenue": 4188000000,
        "sellinggeneralandadministrativeexpense": 1455000000,
        "researchdevelopmentandrelatedexpenses": 443000000,
        "gainlossonsaleofbusiness": 106000000,
        "costsandexpenses": 5980000000,
        "operatingincomeloss": 2011000000,
        "nonoperatingincomeexpense": -45000000,
        "incomelossfromcontinuingoperationsbeforeincometaxesextraordinaryitemsnoncontrollinginterest": 1966000000,
        "incometaxexpensebenefit": 378000000,
        "profitloss": 1588000000,
        "netincomelossattributabletononcontrollinginterest": 5000000,
        "netincomeloss": 1583000000,
        "weightedaveragenumberofsharesoutstandingbasic": 576500000,
        "earningspersharebasic": 2.75,
        "weightedaveragenumberofdilutedsharesoutstanding": 583000000,
        "earningspersharediluted": 2.72,
        "othercomprehensiveincomelossforeigncurrencytransactionandtranslationadjustmentnetoftax": -202000000,
        "othercomprehensiveincomelosspensionandotherpostretirementbenefitplansadjustmentnetoftax": -76000000,
        "othercomprehensiveincomelossderivativesqualifyingashedgesnetoftax": 8000000,
        "othercomprehensiveincomelossnetoftax": -118000000,
        "comprehensiveincomenetoftaxincludingportionattributabletononcontrollinginterest": 1470000000,
        "comprehensiveincomenetoftaxattributabletononcontrollinginterest": 3000000,
        "comprehensiveincomenetoftax": 1467000000
    },
    {
        "date": "2019-06-29",
        "symbol": "MMM",
        "period": "Q2",
        "revenues": 14330000000,
        "costofrevenue": 4313000000,
        "sellinggeneralandadministrativeexpense": 1686000000,
        "researchdevelopmentandrelatedexpenses": 470000000,
        "gainlossonsaleofbusiness": 0,
        "costsandexpenses": 6469000000,
        "operatingincomeloss": 2442000000,
        "nonoperatingincomeexpense": -256000000,
        "incomelossfromcontinuingoperationsbeforeincometaxesextraordinaryitemsnoncontrollinginterest": 1446000000,
        "incometaxexpensebenefit": 315000000,
        "profitloss": 1133000000,
        "netincomelossattributabletononcontrollinginterest": 4000000,
        "netincomeloss": 1127000000,
        "weightedaveragenumberofsharesoutstandingbasic": 100000,
        "earningspersharebasic": 1.9500000000000002,
        "weightedaveragenumberofdilutedsharesoutstanding": -1200000,
        "earningspersharediluted": 3.04,
        "othercomprehensiveincomelossforeigncurrencytransactionandtranslationadjustmentnetoftax": 123000000,
        "othercomprehensiveincomelosspensionandotherpostretirementbenefitplansadjustmentnetoftax": -196000000,
        "othercomprehensiveincomelossderivativesqualifyingashedgesnetoftax": -38000000,
        "othercomprehensiveincomelossnetoftax": 281000000,
        "comprehensiveincomenetoftaxincludingportionattributabletononcontrollinginterest": 1412000000,
        "comprehensiveincomenetoftaxattributabletononcontrollinginterest": 5000000,
        "comprehensiveincomenetoftax": 1407000000
    },
    {
        "date": "2019-03-30",
        "symbol": "MMM",
        "period": "Q1",
        "revenues": 1704000000,
        "costofrevenue": 4310000000,
        "sellinggeneralandadministrativeexpense": 1948000000,
        "researchdevelopmentandrelatedexpenses": 477000000,
        "gainlossonsaleofbusiness": 8000000,
        "costsandexpenses": 6727000000,
        "operatingincomeloss": 396000000,
        "nonoperatingincomeexpense": -48000000,
        "incomelossfromcontinuingoperationsbeforeincometaxesextraordinaryitemsnoncontrollinginterest": 1088000000,
        "incometaxexpensebenefit": 195000000,
        "profitloss": 891000000,
        "netincomelossattributabletononcontrollinginterest": 2000000,
        "netincomeloss": 891000000,
        "weightedaveragenumberofsharesoutstandingbasic": 577500000,
        "earningspersharebasic": 1.54,
        "weightedaveragenumberofdilutedsharesoutstanding": 588500000,
        "earningspersharediluted": 0.4,
        "othercomprehensiveincomelossforeigncurrencytransactionandtranslationadjustmentnetoftax": 77000000,
        "othercomprehensiveincomelosspensionandotherpostretirementbenefitplansadjustmentnetoftax": -84000000,
        "othercomprehensiveincomelossderivativesqualifyingashedgesnetoftax": 6000000,
        "othercomprehensiveincomelossnetoftax": 167000000,
        "comprehensiveincomenetoftaxincludingportionattributabletononcontrollinginterest": 1060000000,
        "comprehensiveincomenetoftaxattributabletononcontrollinginterest": 2000000,
        "comprehensiveincomenetoftax": 1058000000
    },
    {
        "date": "2018-06-29",
        "symbol": "MMM",
        "period": "Q2",
        "revenues": 1815000000,
        "costofrevenue": 4227000000,
        "sellinggeneralandadministrativeexpense": 1800000000,
        "researchdevelopmentandrelatedexpenses": 468000000,
        "gainlossonsaleofbusiness": 506000000,
        "costsandexpenses": 5989000000,
        "operatingincomeloss": 480000000,
        "nonoperatingincomeexpense": -51000000,
        "incomelossfromcontinuingoperationsbeforeincometaxesextraordinaryitemsnoncontrollinginterest": 2350000000,
        "incometaxexpensebenefit": 488000000,
        "profitloss": 1857000000,
        "netincomelossattributabletononcontrollinginterest": 5000000,
        "netincomeloss": 1857000000,
        "weightedaveragenumberofsharesoutstandingbasic": 591400000,
        "earningspersharebasic": 3.14,
        "weightedaveragenumberofdilutedsharesoutstanding": 604200000,
        "earningspersharediluted": 3.07,
        "commonstockdividendspersharecashpaid": 1.36,
        "othercomprehensiveincomelossforeigncurrencytransactionandtranslationadjustmentnetoftax": -4000000,
        "othercomprehensiveincomelosspensionandotherpostretirementbenefitplansadjustmentnetoftax": -114000000,
        "othercomprehensiveincomelossderivativesqualifyingashedgesnetoftax": 162000000,
        "othercomprehensiveincomelossnetoftax": -220000000,
        "comprehensiveincomenetoftaxincludingportionattributabletononcontrollinginterest": 1642000000,
        "comprehensiveincomenetoftaxattributabletononcontrollinginterest": 1000000,
        "comprehensiveincomenetoftax": 1641000000
    },
    {
        "date": "2018-03-30",
        "symbol": "MMM",
        "period": "Q1",
        "revenues": 1783000000,
        "costofrevenue": 4236000000,
        "sellinggeneralandadministrativeexpense": 2573000000,
        "researchdevelopmentandrelatedexpenses": 486000000,
        "gainlossonsaleofbusiness": 24000000,
        "costsandexpenses": 7271000000,
        "operatingincomeloss": 483000000,
        "nonoperatingincomeexpense": -42000000,
        "incomelossfromcontinuingoperationsbeforeincometaxesextraordinaryitemsnoncontrollinginterest": 965000000,
        "incometaxexpensebenefit": 359000000,
        "profitloss": 602000000,
        "netincomelossattributabletononcontrollinginterest": 4000000,
        "netincomeloss": 602000000,
        "weightedaveragenumberofsharesoutstandingbasic": 596200000,
        "earningspersharebasic": 1.01,
        "weightedaveragenumberofdilutedsharesoutstanding": 612700000,
        "earningspersharediluted": 0.98,
        "commonstockdividendspersharecashpaid": 1.36,
        "othercomprehensiveincomelossforeigncurrencytransactionandtranslationadjustmentnetoftax": -1000000,
        "othercomprehensiveincomelosspensionandotherpostretirementbenefitplansadjustmentnetoftax": -116000000,
        "othercomprehensiveincomelossderivativesqualifyingashedgesnetoftax": -61000000,
        "othercomprehensiveincomelossnetoftax": 222000000,
        "comprehensiveincomenetoftaxincludingportionattributabletononcontrollinginterest": 828000000,
        "comprehensiveincomenetoftaxattributabletononcontrollinginterest": 3000000,
        "comprehensiveincomenetoftax": 825000000
    },
    {
        "date": "2017-12-30",
        "symbol": "MMM",
        "period": "Q4",
        "salesrevenuenet": 1853000000,
        "costofrevenue": 4080000000,
        "sellinggeneralandadministrativeexpense": 1742000000,
        "researchdevelopmentandrelatedexpenses": 443000000,
        "costsandexpenses": 6169000000,
        "operatingincomeloss": 406000000,
        "nonoperatingincomeexpense": -149000000,
        "incomelossfromcontinuingoperationsbeforeincometaxesextraordinaryitemsnoncontrollinginterest": 1672000000,
        "incometaxexpensebenefit": 1147000000,
        "profitloss": 523000000,
        "netincomelossattributabletononcontrollinginterest": 2000000,
        "netincomeloss": 523000000,
        "weightedaveragenumberofsharesoutstandingbasic": -400000,
        "earningspersharebasic": 0.8800000000000012,
        "weightedaveragenumberofdilutedsharesoutstanding": 200000,
        "earningspersharediluted": 0.8499999999999996,
        "commonstockdividendspersharecashpaid": 1.1750000000000005,
        "othercomprehensiveincomelossforeigncurrencytransactionandtranslationadjustmentnetoftax": 1000000,
        "othercomprehensiveincomelosspensionandotherpostretirementbenefitplansadjustmentnetoftax": 189000000,
        "othercomprehensiveincomelossderivativesqualifyingashedgesnetoftax": -27000000,
        "othercomprehensiveincomelossnetoftax": -112000000,
        "comprehensiveincomenetoftaxincludingportionattributabletononcontrollinginterest": 413000000,
        "comprehensiveincomenetoftaxattributabletononcontrollinginterest": 3000000,
        "comprehensiveincomenetoftax": 410000000
    },
    {
        "date": "2017-09-29",
        "symbol": "MMM",
        "period": "Q3",
        "salesrevenuenet": 1529000000,
        "costofrevenue": 4045000000,
        "sellinggeneralandadministrativeexpense": 1652000000,
        "researchdevelopmentandrelatedexpenses": 463000000,
        "costsandexpenses": 6131000000,
        "operatingincomeloss": 410000000,
        "interestanddebtexpense": 57000000,
        "investmentincomeinterest": 13000000,
        "nonoperatingincomeexpense": -44000000,
        "incomelossfromcontinuingoperationsbeforeincometaxesextraordinaryitemsnoncontrollinginterest": 1997000000,
        "incometaxexpensebenefit": 564000000,
        "profitloss": 1429000000,
        "netincomelossattributabletononcontrollinginterest": 4000000,
        "netincomeloss": 1429000000,
        "weightedaveragenumberofsharesoutstandingbasic": -598300000,
        "earningspersharebasic": 2.3899999999999997,
        "weightedaveragenumberofdilutedsharesoutstanding": -612300000,
        "earningspersharediluted": 2.34,
        "commonstockdividendspersharecashpaid": 1.1749999999999996,
        "othercomprehensiveincomelossforeigncurrencytransactionandtranslationadjustmentnetoftax": 66000000,
        "othercomprehensiveincomelosspensionandotherpostretirementbenefitplansadjustmentnetoftax": -80000000,
        "othercomprehensiveincomelossderivativesqualifyingashedgesnetoftax": -49000000,
        "othercomprehensiveincomelossnetoftax": 75000000,
        "comprehensiveincomenetoftaxincludingportionattributabletononcontrollinginterest": 1508000000,
        "comprehensiveincomenetoftaxattributabletononcontrollinginterest": 3000000,
        "comprehensiveincomenetoftax": 1505000000
    },
    {
        "date": "2017-06-29",
        "symbol": "MMM",
        "period": "Q2",
        "salesrevenuenet": 1547000000,
        "costofrevenue": 4007000000,
        "sellinggeneralandadministrativeexpense": 1607000000,
        "researchdevelopmentandrelatedexpenses": 473000000,
        "gainlossonsaleofbusiness": 461000000,
        "costsandexpenses": 5626000000,
        "operatingincomeloss": 852000000,
        "interestanddebtexpense": 54000000,
        "investmentincomeinterest": 12000000,
        "nonoperatingincomeexpense": -42000000,
        "incomelossfromcontinuingoperationsbeforeincometaxesextraordinaryitemsnoncontrollinginterest": 2142000000,
        "incometaxexpensebenefit": 557000000,
        "profitloss": 1583000000,
        "netincomelossattributabletononcontrollinginterest": 2000000,
        "netincomeloss": 1583000000,
        "weightedaveragenumberofsharesoutstandingbasic": 598100000,
        "earningspersharebasic": 2.65,
        "weightedaveragenumberofdilutedsharesoutstanding": 612800000,
        "earningspersharediluted": 2.58,
        "commonstockdividendspersharecashpaid": 1.175,
        "othercomprehensiveincomelossforeigncurrencytransactionandtranslationadjustmentnetoftax": -67000000,
        "othercomprehensiveincomelosspensionandotherpostretirementbenefitplansadjustmentnetoftax": -78000000,
        "othercomprehensiveincomelossderivativesqualifyingashedgesnetoftax": -51000000,
        "othercomprehensiveincomelossnetoftax": -40000000,
        "comprehensiveincomenetoftaxincludingportionattributabletononcontrollinginterest": 1545000000,
        "comprehensiveincomenetoftaxattributabletononcontrollinginterest": 2000000,
        "comprehensiveincomenetoftax": 1543000000
    },
    {
        "date": "2017-03-30",
        "symbol": "MMM",
        "period": "Q1",
        "salesrevenuenet": 1527000000,
        "costofrevenue": 3869000000,
        "sellinggeneralandadministrativeexpense": 1571000000,
        "researchdevelopmentandrelatedexpenses": 471000000,
        "costsandexpenses": 5911000000,
        "operatingincomeloss": 399000000,
        "interestanddebtexpense": 45000000,
        "investmentincomeinterest": 8000000,
        "nonoperatingincomeexpense": -37000000,
        "incomelossfromcontinuingoperationsbeforeincometaxesextraordinaryitemsnoncontrollinginterest": 1737000000,
        "incometaxexpensebenefit": 411000000,
        "profitloss": 1323000000,
        "netincomelossattributabletononcontrollinginterest": 3000000,
        "netincomeloss": 1323000000,
        "weightedaveragenumberofsharesoutstandingbasic": 598100000,
        "earningspersharebasic": 2.21,
        "weightedaveragenumberofdilutedsharesoutstanding": 612000000,
        "earningspersharediluted": 2.16,
        "commonstockdividendspersharecashpaid": 1.175,
        "othercomprehensiveincomelossforeigncurrencytransactionandtranslationadjustmentnetoftax": 3000000,
        "othercomprehensiveincomelosspensionandotherpostretirementbenefitplansadjustmentnetoftax": -83000000,
        "othercomprehensiveincomelossderivativesqualifyingashedgesnetoftax": -76000000,
        "othercomprehensiveincomelossnetoftax": 299000000,
        "comprehensiveincomenetoftaxincludingportionattributabletononcontrollinginterest": 1625000000,
        "comprehensiveincomenetoftaxattributabletononcontrollinginterest": 6000000,
        "comprehensiveincomenetoftax": 1619000000
    },
    {
        "date": "2016-09-29",
        "symbol": "MMM",
        "period": "Q3",
        "salesrevenuenet": 1448000000,
        "costofrevenue": 3847000000,
        "sellinggeneralandadministrativeexpense": 1531000000,
        "researchdevelopmentandrelatedexpenses": 427000000,
        "costsandexpenses": 5805000000,
        "operatingincomeloss": 364000000,
        "interestanddebtexpense": 50000000,
        "investmentincomeinterest": 8000000,
        "nonoperatingincomeexpense": -42000000,
        "incomelossfromcontinuingoperationsbeforeincometaxesextraordinaryitemsnoncontrollinginterest": 1862000000,
        "incometaxexpensebenefit": 531000000,
        "profitloss": 1329000000,
        "netincomelossattributabletononcontrollinginterest": 2000000,
        "netincomeloss": 1329000000,
        "weightedaveragenumberofsharesoutstandingbasic": 604400000,
        "earningspersharebasic": 2.2,
        "weightedaveragenumberofdilutedsharesoutstanding": 618800000,
        "earningspersharediluted": 2.15,
        "commonstockdividendspersharecashpaid": 1.11,
        "othercomprehensiveincomelossforeigncurrencytransactionandtranslationadjustmentnetoftax": 1000000,
        "othercomprehensiveincomelosspensionandotherpostretirementbenefitplansadjustmentnetoftax": -67000000,
        "othercomprehensiveincomelossderivativesqualifyingashedgesnetoftax": -45000000,
        "othercomprehensiveincomelossnetoftax": 39000000,
        "comprehensiveincomenetoftaxincludingportionattributabletononcontrollinginterest": 1370000000,
        "comprehensiveincomenetoftaxattributabletononcontrollinginterest": 3000000,
        "comprehensiveincomenetoftax": 1367000000
    },
    {
        "date": "2016-06-29",
        "symbol": "MMM",
        "period": "Q2",
        "salesrevenuenet": 1499000000,
        "costofrevenue": 3799000000,
        "sellinggeneralandadministrativeexpense": 1560000000,
        "researchdevelopmentandrelatedexpenses": 437000000,
        "costsandexpenses": 5796000000,
        "operatingincomeloss": 411000000,
        "interestanddebtexpense": 38000000,
        "othernonoperatingincome": 7000000,
        "nonoperatingincomeexpense": -31000000,
        "incomelossfromcontinuingoperationsbeforeincometaxesextraordinaryitemsnoncontrollinginterest": 1835000000,
        "incometaxexpensebenefit": 542000000,
        "profitloss": 1291000000,
        "netincomelossattributabletononcontrollinginterest": 2000000,
        "netincomeloss": 1291000000,
        "weightedaveragenumberofsharesoutstandingbasic": 606900000,
        "earningspersharebasic": 2.13,
        "weightedaveragenumberofdilutedsharesoutstanding": 620900000,
        "earningspersharediluted": 2.08,
        "commonstockdividendspersharecashpaid": 1.11,
        "othercomprehensiveincomelossforeigncurrencytransactionandtranslationadjustmentnetoftax": 37000000,
        "othercomprehensiveincomelosspensionandotherpostretirementbenefitplansadjustmentnetoftax": -67000000,
        "othercomprehensiveincomelossderivativesqualifyingashedgesnetoftax": -27000000,
        "othercomprehensiveincomelossnetoftax": 77000000,
        "comprehensiveincomenetoftaxincludingportionattributabletononcontrollinginterest": 1370000000,
        "comprehensiveincomenetoftaxattributabletononcontrollinginterest": 2000000,
        "comprehensiveincomenetoftax": 1368000000
    },
    {
        "date": "2016-03-30",
        "symbol": "MMM",
        "period": "Q1",
        "salesrevenuenet": 1412000000,
        "costofrevenue": 3678000000,
        "sellinggeneralandadministrativeexpense": 1493000000,
        "researchdevelopmentandrelatedexpenses": 450000000,
        "costsandexpenses": 5621000000,
        "operatingincomeloss": 345000000,
        "interestanddebtexpense": 47000000,
        "othernonoperatingincome": 5000000,
        "nonoperatingincomeexpense": -42000000,
        "incomelossfromcontinuingoperationsbeforeincometaxesextraordinaryitemsnoncontrollinginterest": 1746000000,
        "incometaxexpensebenefit": 468000000,
        "profitloss": 1275000000,
        "netincomelossattributabletononcontrollinginterest": 3000000,
        "netincomeloss": 1275000000,
        "weightedaveragenumberofsharesoutstandingbasic": 607400000,
        "earningspersharebasic": 2.1,
        "weightedaveragenumberofdilutedsharesoutstanding": 621300000,
        "earningspersharediluted": 2.05,
        "commonstockdividendspersharecashpaid": 1.11,
        "othercomprehensiveincomelossforeigncurrencytransactionandtranslationadjustmentnetoftax": -1000000,
        "othercomprehensiveincomelosspensionandotherpostretirementbenefitplansadjustmentnetoftax": -69000000,
        "othercomprehensiveincomelossderivativesqualifyingashedgesnetoftax": -110000000,
        "othercomprehensiveincomelossnetoftax": 97000000,
        "comprehensiveincomenetoftaxincludingportionattributabletononcontrollinginterest": 1375000000,
        "comprehensiveincomenetoftaxattributabletononcontrollinginterest": 2000000,
        "comprehensiveincomenetoftax": 1373000000
    },
    {
        "date": "2015-12-30",
        "symbol": "MMM",
        "period": "Q4",
        "salesrevenuenet": 3924000000,
        "costofrevenue": 3827000000,
        "sellinggeneralandadministrativeexpense": 1538000000,
        "researchdevelopmentandrelatedexpenses": 433000000,
        "costsandexpenses": 5798000000,
        "operatingincomeloss": 488000000,
        "interestanddebtexpense": 45000000,
        "othernonoperatingincome": 8000000,
        "nonoperatingincomeexpense": -37000000,
        "incomelossfromcontinuingoperationsbeforeincometaxesextraordinaryitemsnoncontrollinginterest": 1463000000,
        "incometaxexpensebenefit": 21000000,
        "profitloss": 3532000000,
        "netincomelossattributabletononcontrollinginterest": 1000000,
        "netincomeloss": 2299000000,
        "weightedaveragenumberofsharesoutstandingbasic": -1262500000,
        "earningspersharebasic": 1.69,
        "weightedaveragenumberofdilutedsharesoutstanding": -1286200000,
        "earningspersharediluted": 1.6600000000000001,
        "commonstockdividendspersharecashpaid": 1.025,
        "othercomprehensiveincomelossforeigncurrencytransactionandtranslationadjustmentnetoftax": 193000000,
        "othercomprehensiveincomelosspensionandotherpostretirementbenefitplansadjustmentnetoftax": -66000000,
        "othercomprehensiveincomelossderivativesqualifyingashedgesnetoftax": -14000000,
        "othercomprehensiveincomelossnetoftax": 108000000,
        "comprehensiveincomenetoftaxincludingportionattributabletononcontrollinginterest": 1147000000,
        "comprehensiveincomenetoftaxattributabletononcontrollinginterest": 1000000,
        "comprehensiveincomenetoftax": -894000000
    },
    {
        "date": "2015-09-29",
        "symbol": "MMM",
        "period": "Q3",
        "salesrevenuenet": 1417000000,
        "costofrevenue": 3877000000,
        "sellinggeneralandadministrativeexpense": 1530000000,
        "researchdevelopmentandrelatedexpenses": 429000000,
        "costsandexpenses": 5836000000,
        "operatingincomeloss": 324000000,
        "interestanddebtexpense": 38000000,
        "othernonoperatingincome": 7000000,
        "nonoperatingincomeexpense": -31000000,
        "incomelossfromcontinuingoperationsbeforeincometaxesextraordinaryitemsnoncontrollinginterest": 1845000000,
        "incometaxexpensebenefit": 20000000,
        "profitloss": 1296000000,
        "netincomelossattributabletononcontrollinginterest": 2000000,
        "netincomeloss": 35000000,
        "weightedaveragenumberofsharesoutstandingbasic": 620600000,
        "earningspersharebasic": 2.09,
        "weightedaveragenumberofdilutedsharesoutstanding": 631200000,
        "earningspersharediluted": 2.05,
        "commonstockdividendspersharecashpaid": 1.025,
        "othercomprehensiveincomelossforeigncurrencytransactionandtranslationadjustmentnetoftax": -1000000,
        "othercomprehensiveincomelosspensionandotherpostretirementbenefitplansadjustmentnetoftax": -236000000,
        "othercomprehensiveincomelossderivativesqualifyingashedgesnetoftax": 1000000,
        "othercomprehensiveincomelossnetoftax": -235000000,
        "comprehensiveincomenetoftaxincludingportionattributabletononcontrollinginterest": 1063000000,
        "comprehensiveincomenetoftaxattributabletononcontrollinginterest": 1000000,
        "comprehensiveincomenetoftax": 1062000000
    },
    {
        "date": "2015-06-29",
        "symbol": "MMM",
        "period": "Q2",
        "profitloss": 3000000,
        "othercomprehensiveincomelossforeigncurrencytransactionandtranslationadjustmentnetoftax": -1000000,
        "othercomprehensiveincomelosspensionandotherpostretirementbenefitplansadjustmentnetoftax": -96000000,
        "othercomprehensiveincomelossderivativesqualifyingashedgesnetoftax": -32000000,
        "othercomprehensiveincomelossnetoftax": 87000000,
        "comprehensiveincomenetoftaxincludingportionattributabletononcontrollinginterest": 1390000000,
        "comprehensiveincomenetoftaxattributabletononcontrollinginterest": 2000000,
        "comprehensiveincomenetoftax": -74000000,
        "salesrevenuenet": -161000000,
        "costofrevenue": 3858000000,
        "sellinggeneralandadministrativeexpense": 1550000000,
        "researchdevelopmentandrelatedexpenses": 438000000,
        "costsandexpenses": 5846000000,
        "operatingincomeloss": -35000000,
        "interestanddebtexpense": 35000000,
        "othernonoperatingincome": 7000000,
        "nonoperatingincomeexpense": -28000000,
        "incomelossfromcontinuingoperationsbeforeincometaxesextraordinaryitemsnoncontrollinginterest": 1812000000,
        "incometaxexpensebenefit": 12000000,
        "netincomelossattributabletononcontrollinginterest": 3000000,
        "netincomeloss": 1300000000,
        "weightedaveragenumberofsharesoutstandingbasic": 631300000,
        "earningspersharebasic": 2.06,
        "weightedaveragenumberofdilutedsharesoutstanding": 643000000,
        "earningspersharediluted": 2.02,
        "commonstockdividendspersharecashpaid": 1.025
    },
    {
        "date": "2015-03-30",
        "symbol": "MMM",
        "period": "Q1",
        "profitloss": 2000000,
        "othercomprehensiveincomelossforeigncurrencytransactionandtranslationadjustmentnetoftax": -193000000,
        "othercomprehensiveincomelosspensionandotherpostretirementbenefitplansadjustmentnetoftax": -91000000,
        "othercomprehensiveincomelossderivativesqualifyingashedgesnetoftax": 70000000,
        "othercomprehensiveincomelossnetoftax": -32000000,
        "comprehensiveincomenetoftaxincludingportionattributabletononcontrollinginterest": 1169000000,
        "comprehensiveincomenetoftaxattributabletononcontrollinginterest": 2000000,
        "comprehensiveincomenetoftax": 17000000,
        "salesrevenuenet": 1048000000,
        "costofrevenue": 3821000000,
        "sellinggeneralandadministrativeexpense": 1564000000,
        "researchdevelopmentandrelatedexpenses": 463000000,
        "costsandexpenses": 5848000000,
        "operatingincomeloss": 240000000,
        "interestanddebtexpense": 31000000,
        "othernonoperatingincome": 4000000,
        "nonoperatingincomeexpense": -27000000,
        "incomelossfromcontinuingoperationsbeforeincometaxesextraordinaryitemsnoncontrollinginterest": 1703000000,
        "incometaxexpensebenefit": 10000000,
        "netincomelossattributabletononcontrollinginterest": 2000000,
        "netincomeloss": 1199000000,
        "weightedaveragenumberofsharesoutstandingbasic": 636200000,
        "earningspersharebasic": 1.88,
        "weightedaveragenumberofdilutedsharesoutstanding": 649200000,
        "earningspersharediluted": 1.85,
        "commonstockdividendspersharecashpaid": 1.025
    },
    {
        "date": "2014-09-29",
        "symbol": "MMM",
        "period": "Q3",
        "profitloss": 8000000,
        "othercomprehensiveincomelossforeigncurrencytransactionandtranslationadjustmentnetoftax": -10000000,
        "othercomprehensiveincomelosspensionandotherpostretirementbenefitplansadjustmentnetoftax": -59000000,
        "othercomprehensiveincomelossavailableforsalesecuritiesadjustmentnetoftax": -1000000,
        "othercomprehensiveincomelossderivativesqualifyingashedgesnetoftax": 68000000,
        "othercomprehensiveincomelossnetoftax": -477000000,
        "comprehensiveincomenetoftaxincludingportionattributabletononcontrollinginterest": 834000000,
        "comprehensiveincomenetoftaxattributabletononcontrollinginterest": -2000000,
        "comprehensiveincomenetoftax": -65000000,
        "salesrevenuenet": -153000000,
        "costofrevenue": 4205000000,
        "sellinggeneralandadministrativeexpense": 1597000000,
        "researchdevelopmentandrelatedexpenses": 434000000,
        "costsandexpenses": 6236000000,
        "operatingincomeloss": -34000000,
        "interestanddebtexpense": 28000000,
        "othernonoperatingincome": 7000000,
        "nonoperatingincomeexpense": -21000000,
        "incomelossfromcontinuingoperationsbeforeincometaxesextraordinaryitemsnoncontrollinginterest": 1880000000,
        "incometaxexpensebenefit": -3000000,
        "netincomelossattributabletononcontrollinginterest": 8000000,
        "netincomeloss": 1303000000,
        "weightedaveragenumberofsharesoutstandingbasic": 645300000,
        "earningspersharebasic": 2.02,
        "weightedaveragenumberofdilutedsharesoutstanding": 657900000,
        "earningspersharediluted": 1.98,
        "commonstockdividendspersharecashpaid": 0.855
    },
    {
        "date": "2014-06-29",
        "symbol": "MMM",
        "period": "Q2",
        "profitloss": 16000000,
        "othercomprehensiveincomelossforeigncurrencytransactionandtranslationadjustmentnetoftax": 4000000,
        "othercomprehensiveincomelosspensionandotherpostretirementbenefitplansadjustmentnetoftax": -60000000,
        "othercomprehensiveincomelossavailableforsalesecuritiesadjustmentnetoftax": 1000000,
        "othercomprehensiveincomelossderivativesqualifyingashedgesnetoftax": -9000000,
        "othercomprehensiveincomelossnetoftax": 179000000,
        "comprehensiveincomenetoftaxincludingportionattributabletononcontrollinginterest": 1462000000,
        "comprehensiveincomenetoftaxattributabletononcontrollinginterest": 20000000,
        "comprehensiveincomenetoftax": -63000000,
        "salesrevenuenet": -151000000,
        "costofrevenue": 4184000000,
        "sellinggeneralandadministrativeexpense": 1646000000,
        "researchdevelopmentandrelatedexpenses": 448000000,
        "costsandexpenses": 6278000000,
        "operatingincomeloss": -33000000,
        "interestanddebtexpense": 45000000,
        "othernonoperatingincome": 9000000,
        "nonoperatingincomeexpense": -36000000,
        "incomelossfromcontinuingoperationsbeforeincometaxesextraordinaryitemsnoncontrollinginterest": 1820000000,
        "incometaxexpensebenefit": -2000000,
        "netincomelossattributabletononcontrollinginterest": 16000000,
        "netincomeloss": 1267000000,
        "weightedaveragenumberofsharesoutstandingbasic": 652000000,
        "earningspersharebasic": 1.94,
        "weightedaveragenumberofdilutedsharesoutstanding": 664600000,
        "earningspersharediluted": 1.91,
        "commonstockdividendspersharecashpaid": 0.855
    },
    {
        "date": "2014-03-30",
        "symbol": "MMM",
        "period": "Q1",
        "profitloss": 18000000,
        "othercomprehensiveincomelossforeigncurrencytransactionandtranslationadjustmentnetoftax": 8000000,
        "othercomprehensiveincomelosspensionandotherpostretirementbenefitplansadjustmentnetoftax": -61000000,
        "othercomprehensiveincomelossavailableforsalesecuritiesadjustmentnetoftax": 1000000,
        "othercomprehensiveincomelossderivativesqualifyingashedgesnetoftax": 2000000,
        "othercomprehensiveincomelossnetoftax": 84000000,
        "comprehensiveincomenetoftaxincludingportionattributabletononcontrollinginterest": 1309000000,
        "comprehensiveincomenetoftaxattributabletononcontrollinginterest": 30000000,
        "comprehensiveincomenetoftax": 4000000,
        "salesrevenuenet": 1079000000,
        "costofrevenue": 4031000000,
        "sellinggeneralandadministrativeexpense": 1632000000,
        "researchdevelopmentandrelatedexpenses": 452000000,
        "costsandexpenses": 6115000000,
        "operatingincomeloss": 228000000,
        "interestanddebtexpense": 37000000,
        "othernonoperatingincome": 9000000,
        "nonoperatingincomeexpense": -28000000,
        "incomelossfromcontinuingoperationsbeforeincometaxesextraordinaryitemsnoncontrollinginterest": 1688000000,
        "incometaxexpensebenefit": 2000000,
        "netincomelossattributabletononcontrollinginterest": 18000000,
        "netincomeloss": 1207000000,
        "weightedaveragenumberofsharesoutstandingbasic": 661500000,
        "earningspersharebasic": 1.83,
        "weightedaveragenumberofdilutedsharesoutstanding": 674500000,
        "earningspersharediluted": 1.79,
        "commonstockdividendspersharecashpaid": 0.855
    },
    {
        "date": "2013-09-29",
        "symbol": "MMM",
        "period": "Q3",
        "profitloss": 15000000,
        "othercomprehensiveincomelossforeigncurrencytransactionandtranslationadjustmentnetoftax": -2000000,
        "othercomprehensiveincomelosspensionandotherpostretirementbenefitplansadjustmentnetoftax": -92000000,
        "othercomprehensiveincomelossavailableforsalesecuritiesadjustmentnetoftax": 2000000,
        "othercomprehensiveincomelossderivativesqualifyingashedgesnetoftax": -24000000,
        "othercomprehensiveincomelossnetoftax": 354000000,
        "comprehensiveincomenetoftaxincludingportionattributabletononcontrollinginterest": 1599000000,
        "comprehensiveincomenetoftaxattributabletononcontrollinginterest": 13000000,
        "comprehensiveincomenetoftax": -54000000,
        "salesrevenuenet": -138000000,
        "costofrevenue": 4148000000,
        "sellinggeneralandadministrativeexpense": 1609000000,
        "researchdevelopmentandrelatedexpenses": 420000000,
        "costsandexpenses": 6177000000,
        "operatingincomeloss": -30000000,
        "interestanddebtexpense": 33000000,
        "othernonoperatingincome": 10000000,
        "nonoperatingincomeexpense": -23000000,
        "incomelossfromcontinuingoperationsbeforeincometaxesextraordinaryitemsnoncontrollinginterest": 1716000000,
        "incometaxexpensebenefit": 20000000,
        "netincomelossattributabletononcontrollinginterest": 15000000,
        "netincomeloss": 1230000000,
        "weightedaveragenumberofsharesoutstandingbasic": 679800000,
        "earningspersharebasic": 1.81,
        "weightedaveragenumberofdilutedsharesoutstanding": 691800000,
        "earningspersharediluted": 1.78,
        "commonstockdividendspersharecashpaid": 0.635
    },
    {
        "date": "2013-06-29",
        "symbol": "MMM",
        "period": "Q2",
        "profitloss": 16000000,
        "othercomprehensiveincomelossforeigncurrencytransactionandtranslationadjustmentnetoftax": -19000000,
        "othercomprehensiveincomelosspensionandotherpostretirementbenefitplansadjustmentnetoftax": -91000000,
        "othercomprehensiveincomelossavailableforsalesecuritiesadjustmentnetoftax": -4000000,
        "othercomprehensiveincomelossderivativesqualifyingashedgesnetoftax": 8000000,
        "othercomprehensiveincomelossnetoftax": -184000000,
        "comprehensiveincomenetoftaxincludingportionattributabletononcontrollinginterest": 1029000000,
        "comprehensiveincomenetoftaxattributabletononcontrollinginterest": -3000000,
        "comprehensiveincomenetoftax": -126000000,
        "salesrevenuenet": -140000000,
        "costofrevenue": 4013000000,
        "sellinggeneralandadministrativeexpense": 1610000000,
        "researchdevelopmentandrelatedexpenses": 427000000,
        "costsandexpenses": 6050000000,
        "operatingincomeloss": -31000000,
        "interestanddebtexpense": 41000000,
        "othernonoperatingincome": 10000000,
        "nonoperatingincomeexpense": -31000000,
        "incomelossfromcontinuingoperationsbeforeincometaxesextraordinaryitemsnoncontrollinginterest": 1671000000,
        "incometaxexpensebenefit": -19000000,
        "netincomelossattributabletononcontrollinginterest": 16000000,
        "netincomeloss": 1197000000,
        "weightedaveragenumberofsharesoutstandingbasic": 688200000,
        "earningspersharebasic": 1.74,
        "weightedaveragenumberofdilutedsharesoutstanding": 699100000,
        "earningspersharediluted": 1.71,
        "commonstockdividendspersharecashpaid": 0.635
    },
    {
        "date": "2013-03-30",
        "symbol": "MMM",
        "period": "Q1",
        "profitloss": 18000000,
        "othercomprehensiveincomelossforeigncurrencytransactionandtranslationadjustmentnetoftax": -360000000,
        "othercomprehensiveincomelosspensionandotherpostretirementbenefitplansadjustmentnetoftax": -85000000,
        "othercomprehensiveincomelossderivativesqualifyingashedgesnetoftax": 24000000,
        "othercomprehensiveincomelossnetoftax": -289000000,
        "comprehensiveincomenetoftaxincludingportionattributabletononcontrollinginterest": 858000000,
        "comprehensiveincomenetoftaxattributabletononcontrollinginterest": -20000000,
        "comprehensiveincomenetoftax": -154000000,
        "salesrevenuenet": -129000000,
        "costofrevenue": 3969000000,
        "sellinggeneralandadministrativeexpense": 1589000000,
        "researchdevelopmentandrelatedexpenses": 430000000,
        "costsandexpenses": 5988000000,
        "operatingincomeloss": -28000000,
        "interestanddebtexpense": 39000000,
        "othernonoperatingincome": 10000000,
        "nonoperatingincomeexpense": -29000000,
        "incomelossfromcontinuingoperationsbeforeincometaxesextraordinaryitemsnoncontrollinginterest": 1617000000,
        "incometaxexpensebenefit": 39000000,
        "netincomelossattributabletononcontrollinginterest": 18000000,
        "netincomeloss": 1129000000,
        "weightedaveragenumberofsharesoutstandingbasic": 691100000,
        "earningspersharebasic": 1.63,
        "weightedaveragenumberofdilutedsharesoutstanding": 702100000,
        "earningspersharediluted": 1.61,
        "commonstockdividendspersharecashpaid": 0.635
    },
    {
        "date": "2012-12-30",
        "symbol": "MMM",
        "period": "Q4",
        "profitloss": 13000000,
        "comprehensiveincomenetoftaxincludingportionattributabletononcontrollinginterest": 757000000,
        "comprehensiveincomenetoftaxattributabletononcontrollinginterest": -32000000,
        "comprehensiveincomenetoftax": 789000000,
        "salesrevenuenet": 367000000,
        "costofrevenue": 3991000000,
        "sellinggeneralandadministrativeexpense": 1535000000,
        "researchdevelopmentandrelatedexpenses": 418000000,
        "costsandexpenses": 5944000000,
        "operatingincomeloss": 81000000,
        "interestanddebtexpense": 44000000,
        "othernonoperatingincome": 10000000,
        "nonoperatingincomeexpense": -34000000,
        "incomelossfromcontinuingoperationsbeforeincometaxesextraordinaryitemsnoncontrollinginterest": 1409000000,
        "incometaxexpensebenefit": 405000000,
        "netincomelossattributabletononcontrollinginterest": 13000000,
        "netincomeloss": 991000000,
        "weightedaveragenumberofsharesoutstandingbasic": -1390200000,
        "earningspersharebasic": 1.4300000000000008,
        "weightedaveragenumberofdilutedsharesoutstanding": -1408500000,
        "earningspersharediluted": 1.4199999999999997,
        "commonstockdividendspersharecashpaid": 0.5900000000000002
    },
    {
        "date": "2012-09-29",
        "symbol": "MMM",
        "period": "Q3",
        "profitloss": 19000000,
        "othercomprehensiveincomelossforeigncurrencytransactionandtranslationadjustmentnetoftax": 11000000,
        "othercomprehensiveincomelosspensionandotherpostretirementbenefitplansadjustmentnetoftax": -96000000,
        "othercomprehensiveincomelossavailableforsalesecuritiesadjustmentnetoftax": 3000000,
        "othercomprehensiveincomelossderivativesqualifyingashedgesnetoftax": -36000000,
        "othercomprehensiveincomelossnetoftax": 475000000,
        "comprehensiveincomenetoftaxincludingportionattributabletononcontrollinginterest": 1655000000,
        "comprehensiveincomenetoftaxattributabletononcontrollinginterest": 30000000,
        "comprehensiveincomenetoftax": 1625000000,
        "salesrevenuenet": -129000000,
        "costofrevenue": 3935000000,
        "sellinggeneralandadministrativeexpense": 1487000000,
        "researchdevelopmentandrelatedexpenses": 397000000,
        "costsandexpenses": 5819000000,
        "operatingincomeloss": -29000000,
        "interestanddebtexpense": 44000000,
        "othernonoperatingincome": 10000000,
        "nonoperatingincomeexpense": -34000000,
        "incomelossfromcontinuingoperationsbeforeincometaxesextraordinaryitemsnoncontrollinginterest": 1644000000,
        "incometaxexpensebenefit": 464000000,
        "netincomelossattributabletononcontrollinginterest": 19000000,
        "netincomeloss": 1161000000,
        "weightedaveragenumberofsharesoutstandingbasic": 693000000,
        "earningspersharebasic": 1.68,
        "weightedaveragenumberofdilutedsharesoutstanding": 703100000,
        "earningspersharediluted": 1.65,
        "commonstockdividendspersharecashpaid": 0.59
    },
    {
        "date": "2012-06-29",
        "symbol": "MMM",
        "period": "Q2",
        "profitloss": 19000000,
        "othercomprehensiveincomeforeigncurrencytransactionandtranslationadjustmentnetoftaxperiodincreasedecrease": 11000000,
        "othercomprehensiveincomedefinedbenefitplansadjustmentnetoftaxperiodincreasedecrease": -98000000,
        "othercomprehensiveincomeavailableforsalesecuritiesadjustmentnetoftaxperiodincreasedecrease": -2000000,
        "othercomprehensiveincomederivativesqualifyingashedgesnetoftaxperiodincreasedecrease": 23000000,
        "othercomprehensiveincomelossnetoftaxperiodincreasedecrease": -216000000,
        "comprehensiveincomenetoftaxincludingportionattributabletononcontrollinginterest": 970000000,
        "comprehensiveincomenetoftaxattributabletononcontrollinginterest": 30000000,
        "comprehensiveincomenetoftax": 940000000,
        "salesrevenuenet": -137000000,
        "costofrevenue": 3870000000,
        "sellinggeneralandadministrativeexpense": 1528000000,
        "researchdevelopmentandrelatedexpenses": 408000000,
        "costsandexpenses": 5806000000,
        "operatingincomeloss": -30000000,
        "interestanddebtexpense": 43000000,
        "othernonoperatingincome": 10000000,
        "nonoperatingincomeexpense": -33000000,
        "incomelossfromcontinuingoperationsbeforeincometaxesextraordinaryitemsnoncontrollinginterest": 1695000000,
        "incometaxexpensebenefit": 509000000,
        "netincomelossattributabletononcontrollinginterest": 19000000,
        "netincomeloss": 1167000000,
        "weightedaveragenumberofsharesoutstandingbasic": 694300000,
        "earningspersharebasic": 1.68,
        "weightedaveragenumberofdilutedsharesoutstanding": 702600000,
        "earningspersharediluted": 1.66,
        "commonstockdividendspersharecashpaid": 0.59
    },
    {
        "date": "2012-03-30",
        "symbol": "MMM",
        "period": "Q1",
        "salesrevenuenet": -119000000,
        "costofrevenue": 3889000000,
        "sellinggeneralandadministrativeexpense": 1552000000,
        "researchdevelopmentandrelatedexpenses": 411000000,
        "costsandexpenses": 5852000000,
        "operatingincomeloss": -26000000,
        "interestanddebtexpense": 40000000,
        "othernonoperatingincome": 9000000,
        "nonoperatingincomeexpense": -31000000,
        "incomelossfromcontinuingoperationsbeforeincometaxesextraordinaryitemsnoncontrollinginterest": 1603000000,
        "incometaxexpensebenefit": 462000000,
        "profitloss": 16000000,
        "netincomelossattributabletononcontrollinginterest": 16000000,
        "netincomeloss": 1125000000,
        "weightedaveragenumberofsharesoutstandingbasic": 696800000,
        "earningspersharebasic": 1.61,
        "weightedaveragenumberofdilutedsharesoutstanding": 706100000,
        "earningspersharediluted": 1.59,
        "commonstockdividendspersharecashpaid": 0.59,
        "othercomprehensiveincomeforeigncurrencytransactionandtranslationadjustmentnetoftaxperiodincreasedecrease": 134000000,
        "othercomprehensiveincomedefinedbenefitplansadjustmentnetoftaxportionattributabletoparent": -97000000,
        "othercomprehensiveincomeavailableforsalesecuritiesadjustmentnetoftaxperiodincreasedecrease": 3000000,
        "othercomprehensiveincomederivativesqualifyingashedgesnetoftaxperiodincreasedecrease": -15000000,
        "othercomprehensiveincomelossnetoftaxperiodincreasedecrease": 219000000,
        "comprehensiveincomenetoftaxincludingportionattributabletononcontrollinginterest": 1360000000,
        "comprehensiveincomenetoftaxattributabletononcontrollinginterest": -5000000,
        "comprehensiveincomenetoftax": 1365000000
    },
    {
        "date": "2011-12-30",
        "symbol": "MMM",
        "period": "Q4",
        "salesrevenuenet": 3019000000,
        "costofrevenue": 3824000000,
        "sellinggeneralandadministrativeexpense": 1522000000,
        "researchdevelopmentandrelatedexpenses": 379000000,
        "costsandexpenses": 5725000000,
        "operatingincomeloss": -25000000,
        "interestanddebtexpense": 45000000,
        "othernonoperatingincome": 10000000,
        "nonoperatingincomeexpense": -35000000,
        "incometaxexpensebenefit": 355000000,
        "profitloss": -2134000000,
        "netincomelossattributabletononcontrollinginterest": 20000000,
        "weightedaveragenumberofsharesoutstandingbasic": -1424100000,
        "earningspersharebasic": 1.3599999999999999,
        "weightedaveragenumberofdilutedsharesoutstanding": -1449400000,
        "earningspersharediluted": 1.3499999999999994,
        "commonstockdividendspersharecashpaid": 0.55
    },
    {
        "date": "2011-09-29",
        "symbol": "MMM",
        "period": "Q3",
        "salesrevenuenet": -119000000,
        "costofrevenue": 4027000000,
        "sellinggeneralandadministrativeexpense": 1534000000,
        "researchdevelopmentandrelatedexpenses": 389000000,
        "costsandexpenses": 5950000000,
        "operatingincomeloss": -26000000,
        "interestanddebtexpense": 48000000,
        "othernonoperatingincome": 10000000,
        "nonoperatingincomeexpense": -38000000,
        "incomelossfromcontinuingoperationsbeforeincometaxesextraordinaryitemsnoncontrollinginterest": 1543000000,
        "incometaxexpensebenefit": 440000000,
        "profitloss": 1088000000,
        "netincomelossattributabletononcontrollinginterest": 15000000,
        "netincomelossavailabletocommonstockholdersbasic": 1088000000,
        "weightedaveragenumberofsharesoutstandingbasic": 707700000,
        "earningspersharebasic": 1.54,
        "weightedaveragenumberofdilutedsharesoutstanding": 715500000,
        "earningspersharediluted": 1.52,
        "commonstockdividendspersharecashpaid": 0.55
    },
    {
        "date": "2011-06-29",
        "symbol": "MMM",
        "period": "Q2",
        "salesrevenuenet": -119000000,
        "costofrevenue": 4040000000,
        "sellinggeneralandadministrativeexpense": 1581000000,
        "researchdevelopmentandrelatedexpenses": 404000000,
        "costsandexpenses": 6025000000,
        "operatingincomeloss": -26000000,
        "interestanddebtexpense": 50000000,
        "othernonoperatingincome": 9000000,
        "nonoperatingincomeexpense": -41000000,
        "incomelossfromcontinuingoperationsbeforeincometaxesextraordinaryitemsnoncontrollinginterest": 1614000000,
        "incometaxexpensebenefit": 437000000,
        "profitloss": 17000000,
        "netincomelossattributabletononcontrollinginterest": 17000000,
        "netincomeloss": 1160000000,
        "weightedaveragenumberofsharesoutstandingbasic": 713400000,
        "earningspersharebasic": 1.63,
        "weightedaveragenumberofdilutedsharesoutstanding": 726500000,
        "earningspersharediluted": 1.6,
        "commonstockdividendspersharecashpaid": 0.55
    },
    {
        "date": "2011-03-30",
        "symbol": "MMM",
        "period": "Q1",
        "salesrevenuenet": -107000000,
        "costofrevenue": 3802000000,
        "sellinggeneralandadministrativeexpense": 1533000000,
        "researchdevelopmentandrelatedexpenses": 398000000,
        "costsandexpenses": 5733000000,
        "operatingincomeloss": -24000000,
        "interestanddebtexpense": 43000000,
        "othernonoperatingincome": 10000000,
        "nonoperatingincomeexpense": -33000000,
        "incomelossfromcontinuingoperationsbeforeincometaxesminorityinterestandincomelossfromequitymethodinvestments": 1545000000,
        "incometaxexpensebenefit": 442000000,
        "profitloss": 1103000000,
        "netincomelossattributabletononcontrollinginterest": 22000000,
        "netincomeloss": 1081000000,
        "weightedaveragenumberofsharesoutstandingbasic": 711500000,
        "earningspersharebasic": 1.52,
        "weightedaveragenumberofdilutedsharesoutstanding": 726400000,
        "earningspersharediluted": 1.49,
        "commonstockdividendspersharecashpaid": 0.55
    },
    {
        "date": "2010-12-30",
        "symbol": "MMM",
        "period": "Q4",
        "profitloss": -3142000000,
        "salesrevenuenet": -10509000000,
        "costofrevenue": 3575000000,
        "sellinggeneralandadministrativeexpense": 1445000000,
        "researchdevelopmentandrelatedexpenses": 388000000,
        "costsandexpenses": 5408000000,
        "operatingincomeloss": -2220000000,
        "interestanddebtexpense": 50000000,
        "othernonoperatingincome": 11000000,
        "nonoperatingincomeexpense": -39000000,
        "incomelossfromcontinuingoperationsbeforeincometaxesminorityinterestandincomelossfromequitymethodinvestments": 1262000000,
        "incometaxexpensebenefit": 319000000,
        "netincomelossattributabletononcontrollinginterest": 15000000,
        "netincomeloss": 928000000,
        "weightedaveragenumberofsharesoutstandingbasic": -1426600000,
        "earningspersharebasic": 1.2899999999999996,
        "weightedaveragenumberofdilutedsharesoutstanding": -1448900000,
        "earningspersharediluted": 1.2699999999999996,
        "commonstockdividendspersharecashpaid": 0.5250000000000002
    },
    {
        "date": "2010-09-29",
        "symbol": "MMM",
        "period": "Q3",
        "salesrevenuenet": -106000000,
        "costofrevenue": 3583000000,
        "sellinggeneralandadministrativeexpense": 1361000000,
        "researchdevelopmentandrelatedexpenses": 354000000,
        "costsandexpenses": 5298000000,
        "operatingincomeloss": -24000000,
        "interestanddebtexpense": 51000000,
        "othernonoperatingincome": 11000000,
        "nonoperatingincomeexpense": -40000000,
        "incomelossfromcontinuingoperationsbeforeincometaxesminorityinterestandincomelossfromequitymethodinvestments": 1536000000,
        "incometaxexpensebenefit": 411000000,
        "profitloss": 1125000000,
        "netincomelossattributabletononcontrollinginterest": 19000000,
        "netincomeloss": 1106000000,
        "weightedaveragenumberofsharesoutstandingbasic": 714000000,
        "earningspersharebasic": 1.55,
        "weightedaveragenumberofdilutedsharesoutstanding": 725200000,
        "earningspersharediluted": 1.53,
        "commonstockdividendspersharecashpaid": 0.525
    },
    {
        "date": "2010-06-29",
        "symbol": "MMM",
        "period": "Q2",
        "salesrevenuenet": 6731000000,
        "costofrevenue": 3435000000,
        "sellinggeneralandadministrativeexpense": 1350000000,
        "researchdevelopmentandrelatedexpenses": 350000000,
        "costsandexpenses": 5135000000,
        "operatingincomeloss": 1596000000,
        "interestanddebtexpense": 52000000,
        "othernonoperatingincome": 10000000,
        "nonoperatingincomeexpense": -42000000,
        "incomelossfromcontinuingoperationsbeforeincometaxesminorityinterestandincomelossfromequitymethodinvestments": 1554000000,
        "incometaxexpensebenefit": 414000000,
        "profitloss": 1140000000,
        "netincomelossattributabletononcontrollinginterest": 19000000,
        "netincomeloss": 1121000000,
        "weightedaveragenumberofsharesoutstandingbasic": 714500000,
        "earningspersharebasic": 1.57,
        "weightedaveragenumberofdilutedsharesoutstanding": 725700000,
        "earningspersharediluted": 1.54,
        "commonstockdividendspersharecashpaid": 0.525
    },
    {
        "date": "2010-03-30",
        "symbol": "MMM",
        "period": "Q1",
        "salesrevenuenet": 6348000000,
        "costofrevenue": 3238000000,
        "sellinggeneralandadministrativeexpense": 1323000000,
        "researchdevelopmentandrelatedexpenses": 342000000,
        "costsandexpenses": 4903000000,
        "operatingincomeloss": 1445000000,
        "interestanddebtexpense": 48000000,
        "othernonoperatingincome": 6000000,
        "nonoperatingincomeexpense": -42000000,
        "incomelossfromcontinuingoperationsbeforeincometaxesminorityinterestandincomelossfromequitymethodinvestments": 1403000000,
        "incometaxexpensebenefit": 448000000,
        "profitloss": 955000000,
        "netincomelossattributabletononcontrollinginterest": 25000000,
        "netincomeloss": 930000000,
        "weightedaveragenumberofsharesoutstandingbasic": 711800000,
        "earningspersharebasic": 1.31,
        "weightedaveragenumberofdilutedsharesoutstanding": 723500000,
        "earningspersharediluted": 1.29,
        "commonstockdividendspersharecashpaid": 0.525
    },
    {
        "date": "2009-09-29",
        "symbol": "MMM",
        "period": "Q3",
        "salesrevenuenet": 6193000000,
        "costofrevenue": 3171000000,
        "sellinggeneralandadministrativeexpense": 1209000000,
        "researchdevelopmentandrelatedexpenses": 335000000,
        "costsandexpenses": 4715000000,
        "operatingincomeloss": 1478000000,
        "interestanddebtexpense": 55000000,
        "othernonoperatingincome": 8000000,
        "nonoperatingincomeexpense": -47000000,
        "incomelossfromcontinuingoperationsbeforeincometaxesminorityinterestandincomelossfromequitymethodinvestments": 1431000000,
        "incometaxexpensebenefit": 460000000,
        "profitloss": 971000000,
        "netincomelossattributabletononcontrollinginterest": 14000000,
        "netincomeloss": 957000000,
        "weightedaveragenumberofsharesoutstandingbasic": 702800000,
        "earningspersharebasic": 1.36,
        "weightedaveragenumberofdilutedsharesoutstanding": 710800000,
        "earningspersharediluted": 1.35,
        "commonstockdividendspersharecashpaid": 0.51
    },
    {
        "date": "2009-06-29",
        "symbol": "MMM",
        "period": "Q2",
        "salesrevenuenet": 5719000000,
        "costofrevenue": 2977000000,
        "sellinggeneralandadministrativeexpense": 1242000000,
        "researchdevelopmentandrelatedexpenses": 309000000,
        "costsandexpenses": 4528000000,
        "operatingincomeloss": 1191000000,
        "interestanddebtexpense": 55000000,
        "othernonoperatingincome": 7000000,
        "nonoperatingincomeexpense": -48000000,
        "incomelossfromcontinuingoperationsbeforeincometaxesminorityinterestandincomelossfromequitymethodinvestments": 1143000000,
        "incometaxexpensebenefit": 351000000,
        "profitloss": 792000000,
        "netincomelossattributabletononcontrollinginterest": 9000000,
        "netincomeloss": 783000000,
        "weightedaveragenumberofsharesoutstandingbasic": 696800000,
        "earningspersharebasic": 1.12,
        "weightedaveragenumberofdilutedsharesoutstanding": 700300000,
        "earningspersharediluted": 1.12,
        "commonstockdividendspersharecashpaid": 0.51
    }
]