[
    {
        "date": "2024-09-29",
        "symbol": "ABBV",
        "period": "Q3",
        "revenues": 14460000000,
        "costofgoodsandservicessold": -19000000,
        "sellinggeneralandadministrativeexpense": 4205000000,
        "researchanddevelopmentexpenseexcludingacquiredinprocesscost": 2130000000,
        "researchanddevelopmentassetacquiredotherthanthroughbusinesscombinationwrittenoff": 82000000,
        "costsandexpenses": 10629000000,
        "operatingincomeloss": 3831000000,
        "interestincomeexpensenonoperatingnet": 6000000,
        "foreigncurrencytransactiongainlossbeforetax": 3000000,
        "othernonoperatingincomeexpense": -1159000000,
        "incomelossfromcontinuingoperationsbeforeincometaxesextraordinaryitemsnoncontrollinginterest": 2084000000,
        "incometaxexpensebenefit": 5000000,
        "profitloss": 1564000000,
        "netincomelossattributabletononcontrollinginterest": 3000000,
        "netincomeloss": 20000000,
        "earningspersharebasic": 0.88,
        "earningspersharediluted": 0.88,
        "weightedaveragenumberofsharesoutstandingbasic": 1769000000,
        "weightedaveragenumberofdilutedsharesoutstanding": 1772000000,
        "othercomprehensiveincomeforeigncurrencytransactionandtranslationgainlossarisingduringperiodnetoftax": 574000000,
        "othercomprehensiveincomelossnetinvestmenthedgegainlossafterreclassificationandtax": -330000000,
        "othercomprehensiveincomelosspensionandotherpostretirementbenefitplansadjustmentnetoftax": 3000000,
        "othercomprehensiveincomelosscashflowhedgegainlossafterreclassificationandtax": -62000000,
        "othercomprehensiveincomelossnetoftax": 179000000,
        "comprehensiveincomenetoftaxincludingportionattributabletononcontrollinginterest": 1743000000,
        "comprehensiveincomenetoftaxattributabletononcontrollinginterest": 3000000,
        "comprehensiveincomenetoftax": 1740000000,
        "othercomprehensiveincomelossforeigncurrencytranslationadjustmenttax": 25000000,
        "othercomprehensiveincomelossnetinvestmenthedgetax": -91000000,
        "othercomprehensiveincomelosspensionandotherpostretirementbenefitplanstax": 1000000,
        "othercomprehensiveincomelosscashflowhedgegainlossafterreclassificationtax": -8000000
    },
    {
        "date": "2024-03-30",
        "symbol": "ABBV",
        "period": "Q1",
        "revenues": 12310000000,
        "costofgoodsandservicessold": 4094000000,
        "sellinggeneralandadministrativeexpense": 3315000000,
        "researchanddevelopmentexpenseexcludingacquiredinprocesscost": 1939000000,
        "researchanddevelopmentassetacquiredotherthanthroughbusinesscombinationwrittenoff": 164000000,
        "costsandexpenses": 9512000000,
        "operatingincomeloss": 2798000000,
        "interestincomeexpensenonoperatingnet": -453000000,
        "foreigncurrencytransactiongainlossbeforetax": -4000000,
        "othernonoperatingincomeexpense": -586000000,
        "incomelossfromcontinuingoperationsbeforeincometaxesextraordinaryitemsnoncontrollinginterest": 1755000000,
        "incometaxexpensebenefit": 383000000,
        "profitloss": 1372000000,
        "netincomelossattributabletononcontrollinginterest": 3000000,
        "netincomeloss": 1369000000,
        "earningspersharebasic": 0.77,
        "earningspersharediluted": 0.77,
        "weightedaveragenumberofsharesoutstandingbasic": 1769000000,
        "weightedaveragenumberofdilutedsharesoutstanding": 1773000000,
        "othercomprehensiveincomeforeigncurrencytransactionandtranslationgainlossarisingduringperiodnetoftax": -396000000,
        "othercomprehensiveincomelossnetinvestmenthedgegainlossafterreclassificationandtax": 207000000,
        "othercomprehensiveincomelosspensionandotherpostretirementbenefitplansadjustmentnetoftax": -10000000,
        "othercomprehensiveincomelosscashflowhedgegainlossafterreclassificationandtax": 30000000,
        "othercomprehensiveincomelossnetoftax": -149000000,
        "comprehensiveincomenetoftaxincludingportionattributabletononcontrollinginterest": 1223000000,
        "comprehensiveincomenetoftaxattributabletononcontrollinginterest": 3000000,
        "comprehensiveincomenetoftax": 1220000000,
        "othercomprehensiveincomelossforeigncurrencytranslationadjustmenttax": -20000000,
        "othercomprehensiveincomelossnetinvestmenthedgetax": 57000000,
        "othercomprehensiveincomelosspensionandotherpostretirementbenefitplanstax": -1000000,
        "othercomprehensiveincomelosscashflowhedgegainlossafterreclassificationtax": 7000000
    },
    {
        "date": "2023-12-30",
        "symbol": "ABBV",
        "period": "Q4",
        "revenues": 14301000000,
        "costofgoodsandservicessold": 5704000000,
        "sellinggeneralandadministrativeexpense": 3193000000,
        "researchanddevelopmentexpenseexcludingacquiredinprocesscost": 1927000000,
        "researchanddevelopmentassetacquiredotherthanthroughbusinesscombinationwrittenoff": 282000000,
        "costsandexpenses": 11106000000,
        "operatingincomeloss": 3195000000,
        "interestincomeexpensenonoperatingnet": -378000000,
        "foreigncurrencytransactiongainlossbeforetax": -49000000,
        "othernonoperatingincomeexpense": -1556000000,
        "incomelossfromcontinuingoperationsbeforeincometaxesextraordinaryitemsnoncontrollinginterest": 1212000000,
        "incometaxexpensebenefit": 388000000,
        "profitloss": 824000000,
        "netincomelossattributabletononcontrollinginterest": 2000000,
        "netincomeloss": 822000000,
        "earningspersharebasic": 0.4600000000000001,
        "earningspersharediluted": 0.4600000000000005,
        "weightedaveragenumberofsharesoutstandingbasic": 1768000000,
        "weightedaveragenumberofdilutedsharesoutstanding": 1773000000,
        "othercomprehensiveincomeforeigncurrencytransactionandtranslationgainlossarisingduringperiodnetoftax": 686000000,
        "othercomprehensiveincomelossnetinvestmenthedgegainlossafterreclassificationandtax": -488000000,
        "othercomprehensiveincomelosspensionandotherpostretirementbenefitplansadjustmentnetoftax": 68000000,
        "othercomprehensiveincomelosscashflowhedgegainlossafterreclassificationandtax": -82000000,
        "othercomprehensiveincomelossnetoftax": 48000000,
        "comprehensiveincomenetoftaxincludingportionattributabletononcontrollinginterest": 872000000,
        "comprehensiveincomenetoftaxattributabletononcontrollinginterest": 2000000,
        "comprehensiveincomenetoftax": 870000000,
        "othercomprehensiveincomelossforeigncurrencytranslationadjustmenttax": 26000000,
        "othercomprehensiveincomelossnetinvestmenthedgetax": -135000000,
        "othercomprehensiveincomelosspensionandotherpostretirementbenefitplanstax": 17000000,
        "othercomprehensiveincomelosscashflowhedgegainlossafterreclassificationtax": -18000000
    },
    {
        "date": "2023-09-29",
        "symbol": "ABBV",
        "period": "Q3",
        "revenues": 13927000000,
        "costofgoodsandservicessold": 6485000000,
        "sellinggeneralandadministrativeexpense": 3372000000,
        "researchanddevelopmentexpenseexcludingacquiredinprocesscost": 1723000000,
        "researchanddevelopmentassetacquiredotherthanthroughbusinesscombinationwrittenoff": 66000000,
        "otheroperatingincomeexpensenet": 0,
        "costsandexpenses": 11646000000,
        "operatingincomeloss": 2281000000,
        "interestincomeexpensenonoperatingnet": -398000000,
        "foreigncurrencytransactiongainlossbeforetax": -25000000,
        "othernonoperatingincomeexpense": 95000000,
        "incomelossfromcontinuingoperationsbeforeincometaxesextraordinaryitemsnoncontrollinginterest": 1953000000,
        "incometaxexpensebenefit": 172000000,
        "profitloss": 1781000000,
        "netincomelossattributabletononcontrollinginterest": 3000000,
        "netincomeloss": 1778000000,
        "earningspersharebasic": 1,
        "earningspersharediluted": 0.9899999999999999,
        "weightedaveragenumberofsharesoutstandingbasic": -1769000000,
        "weightedaveragenumberofdilutedsharesoutstanding": -1775000000,
        "othercomprehensiveincomeforeigncurrencytransactionandtranslationgainlossarisingduringperiodnetoftax": -457000000,
        "othercomprehensiveincomelossnetinvestmenthedgegainlossafterreclassificationandtax": 302000000,
        "othercomprehensiveincomelosspensionandotherpostretirementbenefitplansadjustmentnetoftax": -2000000,
        "othercomprehensiveincomelosscashflowhedgegainlossafterreclassificationandtax": 52000000,
        "othercomprehensiveincomelossnetoftax": -101000000,
        "comprehensiveincomenetoftaxincludingportionattributabletononcontrollinginterest": 1680000000,
        "comprehensiveincomenetoftaxattributabletononcontrollinginterest": 3000000,
        "comprehensiveincomenetoftax": 1677000000,
        "othercomprehensiveincomelossforeigncurrencytranslationadjustmenttax": -17000000,
        "othercomprehensiveincomelossnetinvestmenthedgetax": 84000000,
        "othercomprehensiveincomelosspensionandotherpostretirementbenefitplanstax": -1000000,
        "othercomprehensiveincomelosscashflowhedgegainlossafterreclassificationtax": 7000000
    },
    {
        "date": "2023-06-29",
        "symbol": "ABBV",
        "period": "Q2",
        "revenues": 13865000000,
        "costofgoodsandservicessold": 4240000000,
        "sellinggeneralandadministrativeexpense": 3268000000,
        "researchanddevelopmentexpenseexcludingacquiredinprocesscost": 1733000000,
        "researchanddevelopmentassetacquiredotherthanthroughbusinesscombinationwrittenoff": 280000000,
        "otheroperatingincomeexpensenet": 169000000,
        "costsandexpenses": 9352000000,
        "operatingincomeloss": 4513000000,
        "interestincomeexpensenonoperatingnet": -454000000,
        "foreigncurrencytransactiongainlossbeforetax": -37000000,
        "othernonoperatingincomeexpense": -1412000000,
        "incomelossfromcontinuingoperationsbeforeincometaxesextraordinaryitemsnoncontrollinginterest": 2610000000,
        "incometaxexpensebenefit": 583000000,
        "profitloss": 2027000000,
        "netincomelossattributabletononcontrollinginterest": 3000000,
        "netincomeloss": 2024000000,
        "earningspersharebasic": 1.14,
        "earningspersharediluted": 1.14,
        "weightedaveragenumberofsharesoutstandingbasic": 1767000000,
        "weightedaveragenumberofdilutedsharesoutstanding": 1771000000,
        "othercomprehensiveincomeforeigncurrencytransactionandtranslationgainlossarisingduringperiodnetoftax": -16000000,
        "othercomprehensiveincomelossnetinvestmenthedgegainlossafterreclassificationandtax": 11000000,
        "othercomprehensiveincomelosspensionandotherpostretirementbenefitplansadjustmentnetoftax": 2000000,
        "othercomprehensiveincomelosscashflowhedgegainlossafterreclassificationandtax": -13000000,
        "othercomprehensiveincomelossnetoftax": -20000000,
        "comprehensiveincomenetoftaxincludingportionattributabletononcontrollinginterest": 2007000000,
        "comprehensiveincomenetoftaxattributabletononcontrollinginterest": 3000000,
        "comprehensiveincomenetoftax": 2004000000,
        "othercomprehensiveincomelossforeigncurrencytranslationadjustmenttax": -6000000,
        "othercomprehensiveincomelossnetinvestmenthedgetax": 2000000,
        "othercomprehensiveincomelosspensionandotherpostretirementbenefitplanstax": 4000000,
        "othercomprehensiveincomelosscashflowhedgegainlossafterreclassificationtax": -4000000
    },
    {
        "date": "2023-03-30",
        "symbol": "ABBV",
        "period": "Q1",
        "revenues": 12225000000,
        "costofgoodsandservicessold": 3986000000,
        "sellinggeneralandadministrativeexpense": 3039000000,
        "researchanddevelopmentexpenseexcludingacquiredinprocesscost": 2292000000,
        "researchanddevelopmentassetacquiredotherthanthroughbusinesscombinationwrittenoff": 150000000,
        "otheroperatingincomeexpensenet": 10000000,
        "costsandexpenses": 9457000000,
        "operatingincomeloss": 2768000000,
        "interestincomeexpensenonoperatingnet": -454000000,
        "foreigncurrencytransactiongainlossbeforetax": -35000000,
        "othernonoperatingincomeexpense": -1804000000,
        "incomelossfromcontinuingoperationsbeforeincometaxesextraordinaryitemsnoncontrollinginterest": 475000000,
        "incometaxexpensebenefit": 234000000,
        "profitloss": 241000000,
        "netincomelossattributabletononcontrollinginterest": 2000000,
        "netincomeloss": 239000000,
        "earningspersharebasic": 0.13,
        "earningspersharediluted": 0.13,
        "weightedaveragenumberofsharesoutstandingbasic": 1770000000,
        "weightedaveragenumberofdilutedsharesoutstanding": 1776000000,
        "othercomprehensiveincomeforeigncurrencytransactionandtranslationgainlossarisingduringperiodnetoftax": 194000000,
        "othercomprehensiveincomelossnetinvestmenthedgegainlossafterreclassificationandtax": -224000000,
        "othercomprehensiveincomelosspensionandotherpostretirementbenefitplansadjustmentnetoftax": -38000000,
        "othercomprehensiveincomelosscashflowhedgegainlossafterreclassificationandtax": -41000000,
        "othercomprehensiveincomelossnetoftax": -33000000,
        "comprehensiveincomenetoftaxincludingportionattributabletononcontrollinginterest": 208000000,
        "comprehensiveincomenetoftaxattributabletononcontrollinginterest": 2000000,
        "comprehensiveincomenetoftax": 206000000,
        "othercomprehensiveincomelossforeigncurrencytranslationadjustmenttax": 12000000,
        "othercomprehensiveincomelossnetinvestmenthedgetax": -60000000,
        "othercomprehensiveincomelosspensionandotherpostretirementbenefitplanstax": -14000000,
        "othercomprehensiveincomelosscashflowhedgegainlossafterreclassificationtax": -4000000
    },
    {
        "date": "2022-12-30",
        "symbol": "ABBV",
        "period": "Q4",
        "revenues": 15121000000,
        "costofgoodsandservicessold": -35000000,
        "sellinggeneralandadministrativeexpense": 3417000000,
        "researchanddevelopmentexpenseexcludingacquiredinprocesscost": 1790000000,
        "researchanddevelopmentassetacquiredotherthanthroughbusinesscombinationwrittenoff": -124000000,
        "costsandexpenses": 9619000000,
        "operatingincomeloss": 5502000000,
        "interestincomeexpensenonoperatingnet": -2000000,
        "foreigncurrencytransactiongainlossbeforetax": -40000000,
        "othernonoperatingincomeexpense": -2021000000,
        "incomelossfromcontinuingoperationsbeforeincometaxesextraordinaryitemsnoncontrollinginterest": 2965000000,
        "incometaxexpensebenefit": 4000000,
        "profitloss": 2472000000,
        "netincomelossattributabletononcontrollinginterest": -1000000,
        "netincomeloss": 38000000,
        "earningspersharebasic": 1.3899999999999997,
        "earningspersharediluted": 1.4000000000000004,
        "weightedaveragenumberofsharesoutstandingbasic": -3541000000,
        "weightedaveragenumberofdilutedsharesoutstanding": -3552000000,
        "othercomprehensiveincomeforeigncurrencytransactionandtranslationgainlossarisingduringperiodnetoftax": 1100000000,
        "othercomprehensiveincomelossnetinvestmenthedgegainlossafterreclassificationandtax": -710000000,
        "othercomprehensiveincomelosspensionandotherpostretirementbenefitplansadjustmentnetoftax": -952000000,
        "othercomprehensiveincomelossnetoftax": 1244000000,
        "comprehensiveincomenetoftaxincludingportionattributabletononcontrollinginterest": 3716000000,
        "comprehensiveincomenetoftaxattributabletononcontrollinginterest": -1000000,
        "comprehensiveincomenetoftax": 3717000000,
        "othercomprehensiveincomelossforeigncurrencytranslationadjustmenttax": 20000000,
        "othercomprehensiveincomelossnetinvestmenthedgetax": -196000000,
        "othercomprehensiveincomelosspensionandotherpostretirementbenefitplanstax": -237000000,
        "othercomprehensiveincomelosscashflowhedgegainlossafterreclassificationtax": -12000000
    },
    {
        "date": "2022-09-29",
        "symbol": "ABBV",
        "period": "Q3",
        "revenues": 14812000000,
        "costofgoodsandservicessold": 5022000000,
        "sellinggeneralandadministrativeexpense": 3304000000,
        "researchanddevelopmentexpenseexcludingacquiredinprocesscost": 1614000000,
        "researchanddevelopmentassetacquiredotherthanthroughbusinesscombinationwrittenoff": 40000000,
        "otheroperatingincomeexpensenet": -229000000,
        "costsandexpenses": 10209000000,
        "operatingincomeloss": 4603000000,
        "interestincomeexpensenonoperatingnet": -497000000,
        "foreigncurrencytransactiongainlossbeforetax": -36000000,
        "othernonoperatingincomeexpense": 330000000,
        "incomelossfromcontinuingoperationsbeforeincometaxesextraordinaryitemsnoncontrollinginterest": 4400000000,
        "incometaxexpensebenefit": 448000000,
        "profitloss": 3952000000,
        "netincomelossattributabletononcontrollinginterest": 3000000,
        "netincomeloss": 3949000000,
        "earningspersharebasic": 2.22,
        "earningspersharediluted": 2.21,
        "weightedaveragenumberofsharesoutstandingbasic": 1771000000,
        "weightedaveragenumberofdilutedsharesoutstanding": 1776000000,
        "othercomprehensiveincomeforeigncurrencytransactionandtranslationgainlossarisingduringperiodnetoftax": -989000000,
        "othercomprehensiveincomelossnetinvestmenthedgegainlossafterreclassificationandtax": 599000000,
        "othercomprehensiveincomelosspensionandotherpostretirementbenefitplansadjustmentnetoftax": -60000000,
        "othercomprehensiveincomelosscashflowhedgegainlossafterreclassificationandtax": 83000000,
        "othercomprehensiveincomelossnetoftax": -247000000,
        "comprehensiveincomenetoftaxincludingportionattributabletononcontrollinginterest": 3705000000,
        "comprehensiveincomenetoftaxattributabletononcontrollinginterest": 3000000,
        "comprehensiveincomenetoftax": 3702000000,
        "othercomprehensiveincomelossforeigncurrencytranslationadjustmenttax": -11000000,
        "othercomprehensiveincomelossnetinvestmenthedgetax": 165000000,
        "othercomprehensiveincomelosspensionandotherpostretirementbenefitplanstax": -14000000,
        "othercomprehensiveincomelosscashflowhedgegainlossafterreclassificationtax": 14000000
    },
    {
        "date": "2022-06-29",
        "symbol": "ABBV",
        "period": "Q2",
        "revenues": 14583000000,
        "costofgoodsandservicessold": 4170000000,
        "sellinggeneralandadministrativeexpense": 5412000000,
        "researchanddevelopmentexpenseexcludingacquiredinprocesscost": 1609000000,
        "researchanddevelopmentassetacquiredotherthanthroughbusinesscombinationwrittenoff": 269000000,
        "otheroperatingincomeexpensenet": 172000000,
        "costsandexpenses": 11288000000,
        "operatingincomeloss": 3295000000,
        "interestincomeexpensenonoperatingnet": -532000000,
        "foreigncurrencytransactiongainlossbeforetax": -47000000,
        "othernonoperatingincomeexpense": -1533000000,
        "incomelossfromcontinuingoperationsbeforeincometaxesextraordinaryitemsnoncontrollinginterest": 1183000000,
        "incometaxexpensebenefit": 255000000,
        "profitloss": 928000000,
        "netincomelossattributabletononcontrollinginterest": 4000000,
        "netincomeloss": 924000000,
        "earningspersharebasic": 0.52,
        "earningspersharediluted": 0.51,
        "weightedaveragenumberofsharesoutstandingbasic": 1770000000,
        "weightedaveragenumberofdilutedsharesoutstanding": 1776000000,
        "othercomprehensiveincomeforeigncurrencytransactionandtranslationgainlossarisingduringperiodnetoftax": -823000000,
        "othercomprehensiveincomelossnetinvestmenthedgegainlossafterreclassificationandtax": 536000000,
        "othercomprehensiveincomelosspensionandotherpostretirementbenefitplansadjustmentnetoftax": -48000000,
        "othercomprehensiveincomelosscashflowhedgegainlossafterreclassificationandtax": 27000000,
        "othercomprehensiveincomelossnetoftax": -212000000,
        "comprehensiveincomenetoftaxincludingportionattributabletononcontrollinginterest": 716000000,
        "comprehensiveincomenetoftaxattributabletononcontrollinginterest": 4000000,
        "comprehensiveincomenetoftax": 712000000,
        "othercomprehensiveincomelossforeigncurrencytranslationadjustmenttax": -12000000,
        "othercomprehensiveincomelossnetinvestmenthedgetax": 146000000,
        "othercomprehensiveincomelosspensionandotherpostretirementbenefitplanstax": -11000000,
        "othercomprehensiveincomelosscashflowhedgegainlossafterreclassificationtax": 5000000
    },
    {
        "date": "2022-03-30",
        "symbol": "ABBV",
        "period": "Q1",
        "revenues": 13538000000,
        "costofgoodsandservicessold": 4052000000,
        "sellinggeneralandadministrativeexpense": 3127000000,
        "researchanddevelopmentexpenseexcludingacquiredinprocesscost": 1497000000,
        "researchanddevelopmentassetacquiredotherthanthroughbusinesscombinationwrittenoff": 145000000,
        "costsandexpenses": 8821000000,
        "operatingincomeloss": 4717000000,
        "interestincomeexpensenonoperatingnet": -539000000,
        "foreigncurrencytransactiongainlossbeforetax": -25000000,
        "othernonoperatingincomeexpense": 776000000,
        "incomelossfromcontinuingoperationsbeforeincometaxesextraordinaryitemsnoncontrollinginterest": 4929000000,
        "incometaxexpensebenefit": 436000000,
        "profitloss": 4493000000,
        "netincomelossattributabletononcontrollinginterest": 3000000,
        "netincomeloss": 4490000000,
        "earningspersharebasic": 2.52,
        "earningspersharediluted": 2.51,
        "weightedaveragenumberofsharesoutstandingbasic": 1771000000,
        "weightedaveragenumberofdilutedsharesoutstanding": 1778000000,
        "othercomprehensiveincomeforeigncurrencytransactionandtranslationgainlossarisingduringperiodnetoftax": -231000000,
        "othercomprehensiveincomelossnetinvestmenthedgegainlossafterreclassificationandtax": 130000000,
        "othercomprehensiveincomelosspensionandotherpostretirementbenefitplansadjustmentnetoftax": -28000000,
        "othercomprehensiveincomelosscashflowhedgegainlossafterreclassificationandtax": -12000000,
        "othercomprehensiveincomelossnetoftax": -85000000,
        "comprehensiveincomenetoftaxincludingportionattributabletononcontrollinginterest": 4408000000,
        "comprehensiveincomenetoftaxattributabletononcontrollinginterest": 3000000,
        "comprehensiveincomenetoftax": 4405000000,
        "othercomprehensiveincomelossforeigncurrencytranslationadjustmenttax": -7000000,
        "othercomprehensiveincomelossnetinvestmenthedgetax": 37000000,
        "othercomprehensiveincomelosspensionandotherpostretirementbenefitplanstax": -10000000,
        "othercomprehensiveincomelosscashflowhedgegainlossafterreclassificationtax": -2000000
    },
    {
        "date": "2021-09-29",
        "symbol": "ABBV",
        "period": "Q3",
        "revenues": 14342000000,
        "costofgoodsandservicessold": 4390000000,
        "sellinggeneralandadministrativeexpense": 3083000000,
        "researchanddevelopmentexpenseexcludingacquiredinprocesscost": 1673000000,
        "researchanddevelopmentassetacquiredotherthanthroughbusinesscombinationwrittenoff": 390000000,
        "otheroperatingincomeexpensenet": -500000000,
        "costsandexpenses": 10036000000,
        "operatingincomeloss": 4306000000,
        "interestincomeexpensenonoperatingnet": -585000000,
        "foreigncurrencytransactiongainlossbeforetax": -12000000,
        "othernonoperatingincomeexpense": -21000000,
        "incomelossfromcontinuingoperationsbeforeincometaxesextraordinaryitemsnoncontrollinginterest": 3688000000,
        "incometaxexpensebenefit": 508000000,
        "profitloss": 3180000000,
        "netincomelossattributabletononcontrollinginterest": 1000000,
        "netincomeloss": 3179000000,
        "earningspersharebasic": 1.78,
        "earningspersharediluted": 1.78,
        "weightedaveragenumberofsharesoutstandingbasic": 1770000000,
        "weightedaveragenumberofdilutedsharesoutstanding": 1777000000,
        "othercomprehensiveincomeforeigncurrencytransactionandtranslationgainlossarisingduringperiodnetoftax": -361000000,
        "othercomprehensiveincomelossnetinvestmenthedgegainlossafterreclassificationandtax": 184000000,
        "othercomprehensiveincomelosspensionandotherpostretirementbenefitplansadjustmentnetoftax": -67000000,
        "othercomprehensiveincomelosscashflowhedgegainlossafterreclassificationandtax": 57000000,
        "othercomprehensiveincomelossnetoftax": -53000000,
        "comprehensiveincomenetoftaxincludingportionattributabletononcontrollinginterest": 3127000000,
        "comprehensiveincomenetoftaxattributabletononcontrollinginterest": 1000000,
        "comprehensiveincomenetoftax": 3126000000,
        "othercomprehensiveincomelossforeigncurrencytranslationadjustmenttax": -8000000,
        "othercomprehensiveincomelossnetinvestmenthedgetax": 51000000,
        "othercomprehensiveincomelosspensionandotherpostretirementbenefitplanstax": -17000000,
        "othercomprehensiveincomelosscashflowhedgegainlossafterreclassificationtax": 13000000
    },
    {
        "date": "2021-06-29",
        "symbol": "ABBV",
        "period": "Q2",
        "revenues": 13959000000,
        "costofgoodsandservicessold": 4523000000,
        "sellinggeneralandadministrativeexpense": 3164000000,
        "researchanddevelopmentexpenseexcludingacquiredinprocesscost": 1802000000,
        "researchanddevelopmentassetacquiredotherthanthroughbusinesscombinationwrittenoff": 97000000,
        "costsandexpenses": 9518000000,
        "operatingincomeloss": 4441000000,
        "interestincomeexpensenonoperatingnet": -606000000,
        "foreigncurrencytransactiongainlossbeforetax": -14000000,
        "othernonoperatingincomeexpense": -2658000000,
        "incomelossfromcontinuingoperationsbeforeincometaxesminorityinterestandincomelossfromequitymethodinvestments": 1163000000,
        "incometaxexpensebenefit": 394000000,
        "profitloss": 769000000,
        "netincomelossattributabletononcontrollinginterest": 3000000,
        "netincomeloss": 766000000,
        "earningspersharebasic": 0.41999999999999993,
        "earningspersharediluted": 0.42000000000000015,
        "weightedaveragenumberofsharesoutstandingbasic": 0,
        "weightedaveragenumberofdilutedsharesoutstanding": 1000000,
        "othercomprehensiveincomeforeigncurrencytransactionandtranslationgainlossarisingduringperiodnetoftax": 244000000,
        "othercomprehensiveincomelossnetinvestmenthedgegainlossafterreclassificationandtax": -114000000,
        "othercomprehensiveincomelosspensionandotherpostretirementbenefitplansadjustmentnetoftax": -50000000,
        "othercomprehensiveincomelossderivativesqualifyingashedgesnetoftax": 12000000,
        "othercomprehensiveincomelossnetoftax": 192000000,
        "comprehensiveincomenetoftaxincludingportionattributabletononcontrollinginterest": 961000000,
        "comprehensiveincomenetoftaxattributabletononcontrollinginterest": 3000000,
        "comprehensiveincomenetoftax": 958000000,
        "othercomprehensiveincomelossforeigncurrencytranslationadjustmenttax": 1000000,
        "othercomprehensiveincomelossnetinvestmenthedgetax": -31000000,
        "othercomprehensiveincomelosspensionandotherpostretirementbenefitplanstax": -14000000,
        "othercomprehensiveincomelosscashflowhedgegainlossafterreclassificationtax": 0
    },
    {
        "date": "2021-03-30",
        "symbol": "ABBV",
        "period": "Q1",
        "revenues": 13010000000,
        "costofgoodsandservicessold": 4213000000,
        "sellinggeneralandadministrativeexpense": 2842000000,
        "researchanddevelopmentexpenseexcludingacquiredinprocesscost": 1782000000,
        "researchanddevelopmentassetacquiredotherthanthroughbusinesscombinationwrittenoff": 70000000,
        "costsandexpenses": 8907000000,
        "operatingincomeloss": 4103000000,
        "interestincomeexpensenonoperatingnet": -622000000,
        "foreigncurrencytransactiongainlossbeforetax": -9000000,
        "othernonoperatingincomeexpense": 395000000,
        "incomelossfromcontinuingoperationsbeforeincometaxesminorityinterestandincomelossfromequitymethodinvestments": 3867000000,
        "incometaxexpensebenefit": 312000000,
        "profitloss": 3555000000,
        "netincomelossattributabletononcontrollinginterest": 2000000,
        "netincomeloss": 3553000000,
        "earningspersharebasic": 2,
        "earningspersharediluted": 1.99,
        "weightedaveragenumberofsharesoutstandingbasic": 1769000000,
        "weightedaveragenumberofdilutedsharesoutstanding": 1775000000,
        "othercomprehensiveincomeforeigncurrencytransactionandtranslationgainlossarisingduringperiodnetoftax": -677000000,
        "othercomprehensiveincomelossnetinvestmenthedgegainlossafterreclassificationandtax": 374000000,
        "othercomprehensiveincomelosspensionandotherpostretirementbenefitplansadjustmentnetoftax": -79000000,
        "othercomprehensiveincomelossderivativesqualifyingashedgesnetoftax": 46000000,
        "othercomprehensiveincomelossnetoftax": -178000000,
        "comprehensiveincomenetoftaxincludingportionattributabletononcontrollinginterest": 3377000000,
        "comprehensiveincomenetoftaxattributabletononcontrollinginterest": 2000000,
        "comprehensiveincomenetoftax": 3375000000,
        "othercomprehensiveincomelossforeigncurrencytranslationadjustmenttax": -25000000,
        "othercomprehensiveincomelossnetinvestmenthedgetax": 103000000,
        "othercomprehensiveincomelosspensionandotherpostretirementbenefitplanstax": -19000000,
        "othercomprehensiveincomelosscashflowhedgegainlossafterreclassificationtax": 3000000
    },
    {
        "date": "2020-12-30",
        "symbol": "ABBV",
        "period": "Q4",
        "revenues": 13858000000,
        "costofgoodsandservicessold": 4684000000,
        "sellinggeneralandadministrativeexpense": 3231000000,
        "researchanddevelopmentexpenseexcludingacquiredinprocesscost": 1890000000,
        "costsandexpenses": 10105000000,
        "operatingincomeloss": 3753000000,
        "interestincomeexpensenonoperatingnet": -618000000,
        "foreigncurrencytransactiongainlossbeforetax": -17000000,
        "othernonoperatingincomeexpense": -4625000000,
        "incomelossfromcontinuingoperationsbeforeincometaxesminorityinterestandincomelossfromequitymethodinvestments": -1507000000,
        "incometaxexpensebenefit": -1545000000,
        "netincomeloss": 36000000,
        "earningspersharebasic": -0.13000000000000012,
        "earningspersharediluted": -0.1299999999999999,
        "weightedaveragenumberofsharesoutstandingbasic": -3230000000,
        "weightedaveragenumberofdilutedsharesoutstanding": -3232000000,
        "comprehensiveincomenetoftax": 178000000
    },
    {
        "date": "2020-09-29",
        "symbol": "ABBV",
        "period": "Q3",
        "othercomprehensiveincomelossforeigncurrencytranslationadjustmenttax": 15000000,
        "othercomprehensiveincomelossnetinvestmenthedgetax": -85000000,
        "othercomprehensiveincomelosspensionandotherpostretirementbenefitplanstax": -10000000,
        "othercomprehensiveincomelosscashflowhedgegainlossafterreclassificationtax": -9000000,
        "profitloss": 2313000000,
        "othercomprehensiveincomeforeigncurrencytransactionandtranslationgainlossarisingduringperiodnetoftax": 512000000,
        "othercomprehensiveincomelossnetinvestmenthedgegainlossafterreclassificationandtax": -314000000,
        "othercomprehensiveincomelosspensionandotherpostretirementbenefitplansadjustmentnetoftax": -35000000,
        "othercomprehensiveincomelossderivativesqualifyingashedgesnetoftax": -57000000,
        "othercomprehensiveincomelossnetoftax": 176000000,
        "comprehensiveincomenetoftaxincludingportionattributabletononcontrollinginterest": 2489000000,
        "comprehensiveincomenetoftaxattributabletononcontrollinginterest": 5000000,
        "comprehensiveincomenetoftax": 2484000000,
        "revenues": 12902000000,
        "costofgoodsandservicessold": 5050000000,
        "sellinggeneralandadministrativeexpense": 2846000000,
        "researchanddevelopmentexpenseexcludingacquiredinprocesscost": 1706000000,
        "researchanddevelopmentassetacquiredotherthanthroughbusinesscombinationwrittenoff": 45000000,
        "costsandexpenses": 9647000000,
        "operatingincomeloss": 3255000000,
        "interestincomeexpensenonoperatingnet": -620000000,
        "foreigncurrencytransactiongainlossbeforetax": -20000000,
        "othernonoperatingincomeexpense": -115000000,
        "incomelossfromcontinuingoperationsbeforeincometaxesminorityinterestandincomelossfromequitymethodinvestments": 2500000000,
        "incometaxexpensebenefit": 187000000,
        "netincomelossattributabletononcontrollinginterest": 5000000,
        "netincomeloss": 2308000000,
        "earningspersharebasic": 1.3,
        "earningspersharediluted": 1.29,
        "weightedaveragenumberofsharesoutstandingbasic": 1769000000,
        "weightedaveragenumberofdilutedsharesoutstanding": 1774000000
    },
    {
        "date": "2020-06-29",
        "symbol": "ABBV",
        "period": "Q2",
        "othercomprehensiveincomelossforeigncurrencytranslationadjustmenttax": 4000000,
        "othercomprehensiveincomelossnetinvestmenthedgetax": -60000000,
        "othercomprehensiveincomelosspensionandotherpostretirementbenefitplanstax": -12000000,
        "othercomprehensiveincomelosscashflowhedgegainlossafterreclassificationtax": -2000000,
        "profitloss": -739000000,
        "othercomprehensiveincomeforeigncurrencytransactionandtranslationgainlossarisingduringperiodnetoftax": 441000000,
        "othercomprehensiveincomelossnetinvestmenthedgegainlossafterreclassificationandtax": -213000000,
        "othercomprehensiveincomelosspensionandotherpostretirementbenefitplansadjustmentnetoftax": -43000000,
        "othercomprehensiveincomelossderivativesqualifyingashedgesnetoftax": -9000000,
        "othercomprehensiveincomelossnetoftax": 262000000,
        "comprehensiveincomenetoftaxincludingportionattributabletononcontrollinginterest": -477000000,
        "comprehensiveincomenetoftaxattributabletononcontrollinginterest": -1000000,
        "comprehensiveincomenetoftax": -476000000,
        "revenues": 10425000000,
        "costofgoodsandservicessold": 3711000000,
        "sellinggeneralandadministrativeexpense": 3527000000,
        "researchanddevelopmentexpenseexcludingacquiredinprocesscost": 1582000000,
        "researchanddevelopmentassetacquiredotherthanthroughbusinesscombinationwrittenoff": 853000000,
        "costsandexpenses": 9673000000,
        "operatingincomeloss": 752000000,
        "interestincomeexpensenonoperatingnet": -614000000,
        "foreigncurrencytransactiongainlossbeforetax": -29000000,
        "othernonoperatingincomeexpense": -802000000,
        "incomelossfromcontinuingoperationsbeforeincometaxesminorityinterestandincomelossfromequitymethodinvestments": -693000000,
        "incometaxexpensebenefit": 46000000,
        "netincomelossattributabletononcontrollinginterest": -1000000,
        "netincomeloss": -738000000,
        "earningspersharebasic": -0.46,
        "earningspersharediluted": -0.46,
        "weightedaveragenumberofsharesoutstandingbasic": 1647000000,
        "weightedaveragenumberofdilutedsharesoutstanding": 1647000000
    },
    {
        "date": "2020-03-30",
        "symbol": "ABBV",
        "period": "Q1",
        "othercomprehensiveincomeforeigncurrencytranslationadjustmenttaxportionattributabletoparent": -8000000,
        "othercomprehensiveincomelossnetinvestmenthedgetaxportionattributabletoparent": 20000000,
        "othercomprehensiveincomedefinedbenefitplanstaxportionattributabletoparent": -15000000,
        "othercomprehensiveincomelosscashflowhedgegainlossafterreclassificationtaxparent": -2000000,
        "netincomeloss": 3010000000,
        "othercomprehensiveincomeforeigncurrencytransactionandtranslationadjustmentnetoftaxportionattributabletoparent": -227000000,
        "othercomprehensiveincomelossnetinvestmenthedgegainlossafterreclassificationandtaxportionattributabletoparent": 72000000,
        "othercomprehensiveincomedefinedbenefitplansadjustmentnetoftaxportionattributabletoparent": -56000000,
        "othercomprehensiveincomelosscashflowhedgegainlossafterreclassificationandtaxparent": -2000000,
        "othercomprehensiveincomelossnetoftaxportionattributabletoparent": -101000000,
        "comprehensiveincomenetoftax": 2909000000,
        "revenues": 8619000000,
        "costofgoodsandservicessold": 1942000000,
        "sellinggeneralandadministrativeexpense": 1695000000,
        "researchanddevelopmentexpenseexcludingacquiredinprocesscost": 1379000000,
        "costsandexpenses": 5016000000,
        "operatingincomeloss": 3603000000,
        "interestincomeexpensenonoperatingnet": -428000000,
        "foreigncurrencytransactiongainlossbeforetax": -5000000,
        "othernonoperatingincomeexpense": -72000000,
        "incomelossfromcontinuingoperationsbeforeincometaxesminorityinterestandincomelossfromequitymethodinvestments": 3098000000,
        "incometaxexpensebenefit": 88000000,
        "earningspersharebasic": 2.02,
        "earningspersharediluted": 2.02,
        "weightedaveragenumberofsharesoutstandingbasic": 1481000000,
        "weightedaveragenumberofdilutedsharesoutstanding": 1484000000
    },
    {
        "date": "2019-12-30",
        "symbol": "ABBV",
        "period": "Q4",
        "netincomeloss": 2801000000,
        "othercomprehensiveincomeforeigncurrencytransactionandtranslationadjustmentnetoftaxportionattributabletoparent": 190000000,
        "othercomprehensiveincomelossnetinvestmenthedgegainlossafterreclassificationandtaxportionattributabletoparent": -110000000,
        "othercomprehensiveincomedefinedbenefitplansadjustmentnetoftaxportionattributabletoparent": 1321000000,
        "othercomprehensiveincomeavailableforsalesecuritiesadjustmentnetoftaxportionattributabletoparent": 0,
        "othercomprehensiveincomelosscashflowhedgegainlossafterreclassificationandtaxparent": 173000000,
        "othercomprehensiveincomelossnetoftaxportionattributabletoparent": -1068000000,
        "comprehensiveincomenetoftax": 1733000000,
        "othercomprehensiveincomeforeigncurrencytranslationadjustmenttaxportionattributabletoparent": 6000000,
        "othercomprehensiveincomelossnetinvestmenthedgetaxportionattributabletoparent": -31000000,
        "othercomprehensiveincomedefinedbenefitplanstaxportionattributabletoparent": 342000000,
        "othercomprehensiveincomelosscashflowhedgegainlossafterreclassificationtaxparent": 61000000,
        "revenues": 8704000000,
        "costofgoodsandservicessold": 2006000000,
        "sellinggeneralandadministrativeexpense": 1951000000,
        "researchanddevelopmentexpenseexcludingacquiredinprocesscost": 1542000000,
        "costsandexpenses": 4748000000,
        "operatingincomeloss": 3956000000,
        "interestincomeexpensenonoperatingnet": -455000000,
        "foreigncurrencytransactiongainlossbeforetax": -11000000,
        "othernonoperatingincomeexpense": -416000000,
        "incomelossfromcontinuingoperationsbeforeincometaxesminorityinterestandincomelossfromequitymethodinvestments": 3074000000,
        "incometaxexpensebenefit": 273000000,
        "earningspersharebasic": 1.8899999999999992,
        "earningspersharediluted": 1.8699999999999997,
        "weightedaveragenumberofsharesoutstandingbasic": 1000000,
        "weightedaveragenumberofdilutedsharesoutstanding": 1000000
    },
    {
        "date": "2019-09-29",
        "symbol": "ABBV",
        "period": "Q3",
        "othercomprehensiveincomeforeigncurrencytranslationadjustmenttaxportionattributabletoparent": -16000000,
        "othercomprehensiveincomelossnetinvestmenthedgetaxportionattributabletoparent": 45000000,
        "othercomprehensiveincomedefinedbenefitplanstaxportionattributabletoparent": -7000000,
        "othercomprehensiveincomelosscashflowhedgegainlossafterreclassificationtaxparent": 18000000,
        "netincomeloss": 1884000000,
        "othercomprehensiveincomeforeigncurrencytransactionandtranslationadjustmentnetoftaxportionattributabletoparent": -256000000,
        "othercomprehensiveincomelossnetinvestmenthedgegainlossafterreclassificationandtaxportionattributabletoparent": 156000000,
        "othercomprehensiveincomedefinedbenefitplansadjustmentnetoftaxportionattributabletoparent": -33000000,
        "othercomprehensiveincomeavailableforsalesecuritiesadjustmentnetoftaxportionattributabletoparent": -1000000,
        "othercomprehensiveincomelosscashflowhedgegainlossafterreclassificationandtaxparent": 31000000,
        "othercomprehensiveincomelossnetoftaxportionattributabletoparent": 30000000,
        "comprehensiveincomenetoftax": 1847000000,
        "revenues": 8479000000,
        "costofgoodsandservicessold": 1920000000,
        "sellinggeneralandadministrativeexpense": 1657000000,
        "researchanddevelopmentexpenseexcludingacquiredinprocesscost": 2285000000,
        "researchanddevelopmentassetacquiredotherthanthroughbusinesscombinationwrittenoff": 0,
        "costsandexpenses": 5862000000,
        "operatingincomeloss": 2617000000,
        "interestincomeexpensenonoperatingnet": -420000000,
        "foreigncurrencytransactiongainlossbeforetax": -19000000,
        "othernonoperatingincomeexpense": -177000000,
        "incomelossfromcontinuingoperationsbeforeincometaxesminorityinterestandincomelossfromequitymethodinvestments": 2001000000,
        "incometaxexpensebenefit": 117000000,
        "earningspersharebasic": 1.27,
        "earningspersharediluted": 1.27,
        "weightedaveragenumberofsharesoutstandingbasic": -1480000000,
        "weightedaveragenumberofdilutedsharesoutstanding": -1484000000
    },
    {
        "date": "2019-06-29",
        "symbol": "ABBV",
        "period": "Q2",
        "othercomprehensiveincomeforeigncurrencytranslationadjustmenttaxportionattributabletoparent": 5000000,
        "othercomprehensiveincomelossnetinvestmenthedgetaxportionattributabletoparent": -11000000,
        "othercomprehensiveincomedefinedbenefitplanstaxportionattributabletoparent": -6000000,
        "othercomprehensiveincomelosscashflowhedgegainlossafterreclassificationtaxparent": -2000000,
        "netincomeloss": 741000000,
        "othercomprehensiveincomeforeigncurrencytransactionandtranslationadjustmentnetoftaxportionattributabletoparent": 71000000,
        "othercomprehensiveincomelossnetinvestmenthedgegainlossafterreclassificationandtaxportionattributabletoparent": -37000000,
        "othercomprehensiveincomedefinedbenefitplansadjustmentnetoftaxportionattributabletoparent": -20000000,
        "othercomprehensiveincomeavailableforsalesecuritiesadjustmentnetoftaxportionattributabletoparent": 4000000,
        "othercomprehensiveincomelosscashflowhedgegainlossafterreclassificationandtaxparent": -33000000,
        "othercomprehensiveincomelossnetoftaxportionattributabletoparent": 25000000,
        "comprehensiveincomenetoftax": 766000000,
        "revenues": 8255000000,
        "costofgoodsandservicessold": 1819000000,
        "sellinggeneralandadministrativeexpense": 1654000000,
        "researchanddevelopmentexpenseexcludingacquiredinprocesscost": 1291000000,
        "researchanddevelopmentassetacquiredotherthanthroughbusinesscombinationwrittenoff": 91000000,
        "costsandexpenses": 4855000000,
        "operatingincomeloss": 3400000000,
        "interestincomeexpensenonoperatingnet": -309000000,
        "foreigncurrencytransactiongainlossbeforetax": -6000000,
        "othernonoperatingincomeexpense": -2278000000,
        "incomelossfromcontinuingoperationsbeforeincometaxesminorityinterestandincomelossfromequitymethodinvestments": 807000000,
        "incometaxexpensebenefit": 66000000,
        "earningspersharebasic": 0.49,
        "earningspersharediluted": 0.49,
        "weightedaveragenumberofsharesoutstandingbasic": 1480000000,
        "weightedaveragenumberofdilutedsharesoutstanding": 1484000000
    },
    {
        "date": "2019-03-30",
        "symbol": "ABBV",
        "period": "Q1",
        "othercomprehensiveincomeforeigncurrencytranslationadjustmenttaxportionattributabletoparent": 1000000,
        "othercomprehensiveincomelossnetinvestmenthedgetaxportionattributabletoparent": 19000000,
        "othercomprehensiveincomedefinedbenefitplanstaxportionattributabletoparent": -6000000,
        "othercomprehensiveincomelosscashflowhedgegainlossafterreclassificationtaxparent": -7000000,
        "netincomeloss": 2456000000,
        "othercomprehensiveincomeforeigncurrencytransactionandtranslationadjustmentnetoftaxportionattributabletoparent": -103000000,
        "othercomprehensiveincomelossnetinvestmenthedgegainlossafterreclassificationandtaxportionattributabletoparent": 65000000,
        "othercomprehensiveincomedefinedbenefitplansadjustmentnetoftaxportionattributabletoparent": -25000000,
        "othercomprehensiveincomeavailableforsalesecuritiesadjustmentnetoftaxportionattributabletoparent": 7000000,
        "othercomprehensiveincomelosscashflowhedgegainlossafterreclassificationandtaxparent": -30000000,
        "othercomprehensiveincomelossnetoftaxportionattributabletoparent": -103000000,
        "comprehensiveincomenetoftax": 2420000000,
        "revenues": 7828000000,
        "costofgoodsandservicessold": 1694000000,
        "sellinggeneralandadministrativeexpense": 1680000000,
        "researchanddevelopmentexpenseexcludingacquiredinprocesscost": 1289000000,
        "researchanddevelopmentassetacquiredotherthanthroughbusinesscombinationwrittenoff": 155000000,
        "costsandexpenses": 4818000000,
        "operatingincomeloss": 3010000000,
        "interestincomeexpensenonoperatingnet": -325000000,
        "foreigncurrencytransactiongainlossbeforetax": -6000000,
        "othernonoperatingincomeexpense": -135000000,
        "incomelossfromcontinuingoperationsbeforeincometaxesminorityinterestandincomelossfromequitymethodinvestments": 2544000000,
        "incometaxexpensebenefit": 88000000,
        "earningspersharebasic": 1.65,
        "earningspersharediluted": 1.65,
        "weightedaveragenumberofsharesoutstandingbasic": 1480000000,
        "weightedaveragenumberofdilutedsharesoutstanding": 1483000000
    },
    {
        "date": "2018-09-29",
        "symbol": "ABBV",
        "period": "Q3",
        "othercomprehensiveincomeforeigncurrencytranslationadjustmenttaxportionattributabletoparent": 3000000,
        "othercomprehensiveincomedefinedbenefitplanstaxportionattributabletoparent": -8000000,
        "netincomeloss": -16000000,
        "othercomprehensiveincomeforeigncurrencytransactionandtranslationadjustmentnetoftaxportionattributabletoparent": 30000000,
        "othercomprehensiveincomedefinedbenefitplansadjustmentnetoftaxportionattributabletoparent": -28000000,
        "othercomprehensiveincomeavailableforsalesecuritiesadjustmentnetoftaxportionattributabletoparent": 0,
        "othercomprehensiveincomelossnetoftaxportionattributabletoparent": 30000000,
        "comprehensiveincomenetoftax": 2827000000,
        "revenues": -34000000,
        "sellinggeneralandadministrativeexpense": 1919000000,
        "researchanddevelopmentexpenseexcludingacquiredinprocesscost": 1268000000,
        "costsandexpenses": 5077000000,
        "operatingincomeloss": 3159000000,
        "interestincomeexpensenonoperatingnet": -302000000,
        "foreigncurrencytransactiongainlossbeforetax": -2000000,
        "othernonoperatingincomeexpense": -94000000,
        "incomelossfromcontinuingoperationsbeforeincometaxesminorityinterestandincomelossfromequitymethodinvestments": 2761000000,
        "earningspersharebasic": 1.8099999999999998,
        "earningspersharediluted": -3,
        "weightedaveragenumberofsharesoutstandingbasic": -23000000,
        "weightedaveragenumberofdilutedsharesoutstanding": -23000000
    },
    {
        "date": "2018-06-29",
        "symbol": "ABBV",
        "period": "Q2",
        "othercomprehensiveincomeforeigncurrencytranslationadjustmenttaxportionattributabletoparent": -16000000,
        "othercomprehensiveincomederivativesqualifyingashedgestaxportionattributabletoparent": 61000000,
        "othercomprehensiveincomedefinedbenefitplanstaxportionattributabletoparent": -7000000,
        "netincomeloss": -8000000,
        "othercomprehensiveincomeforeigncurrencytransactionandtranslationadjustmentnetoftaxportionattributabletoparent": -469000000,
        "othercomprehensiveincomederivativesqualifyingashedgesnetoftaxportionattributabletoparent": 209000000,
        "othercomprehensiveincomedefinedbenefitplansadjustmentnetoftaxportionattributabletoparent": -49000000,
        "othercomprehensiveincomeavailableforsalesecuritiesadjustmentnetoftaxportionattributabletoparent": 5000000,
        "othercomprehensiveincomelossnetoftaxportionattributabletoparent": -469000000,
        "comprehensiveincomenetoftax": 1974000000,
        "revenues": -13000000,
        "costofgoodssold": -5000000,
        "sellinggeneralandadministrativeexpense": 1760000000,
        "researchanddevelopmentexpenseexcludingacquiredinprocesscost": 1322000000,
        "researchanddevelopmentassetacquiredotherthanthroughbusinesscombinationwrittenoff": 0,
        "costsandexpenses": 5516000000,
        "operatingincomeloss": 2762000000,
        "interestincomeexpensenonoperatingnet": -272000000,
        "foreigncurrencytransactiongainlossbeforetax": -8000000,
        "othernonoperatingincomeexpense": -470000000,
        "incomelossfromcontinuingoperationsbeforeincometaxesminorityinterestandincomelossfromequitymethodinvestments": 2012000000,
        "incometaxexpensebenefit": 0,
        "earningspersharebasic": 1.26,
        "earningspersharediluted": 2.9800000000000004,
        "commonstockdividendspersharedeclared": 0.96,
        "weightedaveragenumberofsharesoutstandingbasic": -12000000,
        "weightedaveragenumberofdilutedsharesoutstanding": -12000000
    },
    {
        "date": "2018-03-30",
        "symbol": "ABBV",
        "period": "Q1",
        "othercomprehensiveincomeforeigncurrencytranslationadjustmenttaxportionattributabletoparent": -3000000,
        "othercomprehensiveincomederivativesqualifyingashedgestaxportionattributabletoparent": -30000000,
        "othercomprehensiveincomedefinedbenefitplanstaxportionattributabletoparent": -9000000,
        "netincomeloss": 15000000,
        "othercomprehensiveincomeforeigncurrencytransactionandtranslationadjustmentnetoftaxportionattributabletoparent": 189000000,
        "othercomprehensiveincomederivativesqualifyingashedgesnetoftaxportionattributabletoparent": -104000000,
        "othercomprehensiveincomedefinedbenefitplansadjustmentnetoftaxportionattributabletoparent": -22000000,
        "othercomprehensiveincomeavailableforsalesecuritiesadjustmentnetoftaxportionattributabletoparent": -7000000,
        "othercomprehensiveincomelossnetoftaxportionattributabletoparent": 189000000,
        "comprehensiveincomenetoftax": 2880000000,
        "revenues": 43000000,
        "costofgoodssold": 21000000,
        "sellinggeneralandadministrativeexpense": 1791000000,
        "researchanddevelopmentexpenseexcludingacquiredinprocesscost": 1244000000,
        "researchanddevelopmentassetacquiredotherthanthroughbusinesscombinationwrittenoff": 69000000,
        "costsandexpenses": 5031000000,
        "operatingincomeloss": 2903000000,
        "interestincomeexpensenonoperatingnet": -251000000,
        "foreigncurrencytransactiongainlossbeforetax": -8000000,
        "othernonoperatingincomeexpense": 153000000,
        "incomelossfromcontinuingoperationsbeforeincometaxesminorityinterestandincomelossfromequitymethodinvestments": 2797000000,
        "incometaxexpensebenefit": 7000000,
        "earningspersharebasic": 1.74,
        "earningspersharediluted": 0.01,
        "commonstockdividendspersharedeclared": 0.96,
        "weightedaveragenumberofsharesoutstandingbasic": 1591000000,
        "weightedaveragenumberofdilutedsharesoutstanding": 1596000000
    },
    {
        "date": "2017-09-29",
        "symbol": "ABBV",
        "period": "Q3",
        "othercomprehensiveincomederivativesqualifyingashedgestaxportionattributabletoparent": -52000000,
        "othercomprehensiveincomedefinedbenefitplanstaxportionattributabletoparent": -22000000,
        "othercomprehensiveincomeavailableforsalesecuritiestaxportionattributabletoparent": 4000000,
        "netincomeloss": 1631000000,
        "othercomprehensiveincomeforeigncurrencytransactionandtranslationadjustmentnetoftaxportionattributabletoparent": 183000000,
        "othercomprehensiveincomederivativesqualifyingashedgesnetoftaxportionattributabletoparent": -90000000,
        "othercomprehensiveincomedefinedbenefitplansadjustmentnetoftaxportionattributabletoparent": -8000000,
        "othercomprehensiveincomeavailableforsalesecuritiesadjustmentnetoftaxportionattributabletoparent": -28000000,
        "othercomprehensiveincomelossnetoftaxportionattributabletoparent": 438000000,
        "comprehensiveincomenetoftax": 1566000000,
        "revenues": 88000000,
        "costofgoodssold": 1616000000,
        "sellinggeneralandadministrativeexpense": 1452000000,
        "researchanddevelopmentexpenseexcludingacquiredinprocesscost": 1222000000,
        "costsandexpenses": 4290000000,
        "operatingincomeloss": 2705000000,
        "interestincomeexpensenonoperatingnet": -252000000,
        "foreigncurrencytransactiongainlossbeforetax": -9000000,
        "othernonoperatingincomeexpense": -349000000,
        "incomelossfromcontinuingoperationsbeforeincometaxesminorityinterestandincomelossfromequitymethodinvestments": 2095000000,
        "incometaxexpensebenefit": 464000000,
        "earningspersharebasic": 1.01,
        "earningspersharediluted": 1.02,
        "commonstockdividendspersharedeclared": 0.6399999999999998,
        "weightedaveragenumberofsharesoutstandingbasic": -1596000000,
        "weightedaveragenumberofdilutedsharesoutstanding": -1601000000
    },
    {
        "date": "2017-06-29",
        "symbol": "ABBV",
        "period": "Q2",
        "othercomprehensiveincomeforeigncurrencytranslationadjustmenttaxportionattributabletoparent": 33000000,
        "othercomprehensiveincomederivativesqualifyingashedgestaxportionattributabletoparent": -86000000,
        "othercomprehensiveincomedefinedbenefitplanstaxportionattributabletoparent": 7000000,
        "othercomprehensiveincomeavailableforsalesecuritiestaxportionattributabletoparent": 3000000,
        "netincomeloss": 1915000000,
        "othercomprehensiveincomeforeigncurrencytransactionandtranslationadjustmentnetoftaxportionattributabletoparent": 249000000,
        "othercomprehensiveincomederivativesqualifyingashedgesnetoftaxportionattributabletoparent": -153000000,
        "othercomprehensiveincomedefinedbenefitplansadjustmentnetoftaxportionattributabletoparent": -2000000,
        "othercomprehensiveincomeavailableforsalesecuritiesadjustmentnetoftaxportionattributabletoparent": 18000000,
        "othercomprehensiveincomelossnetoftaxportionattributabletoparent": -6000000,
        "comprehensiveincomenetoftax": 1909000000,
        "revenues": 225000000,
        "costofgoodssold": 1528000000,
        "sellinggeneralandadministrativeexpense": 1504000000,
        "researchanddevelopmentexpenseexcludingacquiredinprocesscost": 1223000000,
        "researchanddevelopmentassetacquiredotherthanthroughbusinesscombinationwrittenoff": 15000000,
        "costsandexpenses": 4270000000,
        "operatingincomeloss": 2674000000,
        "interestincomeexpensenonoperatingnet": -253000000,
        "foreigncurrencytransactiongainlossbeforetax": -6000000,
        "othernonoperatingincomeexpense": -62000000,
        "incomelossfromcontinuingoperationsbeforeincometaxesminorityinterestandincomelossfromequitymethodinvestments": 2353000000,
        "incometaxexpensebenefit": 438000000,
        "earningspersharebasic": 1.2,
        "earningspersharediluted": 1.19,
        "commonstockdividendspersharedeclared": 0.64,
        "weightedaveragenumberofsharesoutstandingbasic": 1595000000,
        "weightedaveragenumberofdilutedsharesoutstanding": 1600000000
    },
    {
        "date": "2017-03-30",
        "symbol": "ABBV",
        "period": "Q1",
        "othercomprehensiveincomederivativesqualifyingashedgestaxportionattributabletoparent": -36000000,
        "othercomprehensiveincomedefinedbenefitplanstaxportionattributabletoparent": -8000000,
        "othercomprehensiveincomeavailableforsalesecuritiestaxportionattributabletoparent": -1000000,
        "netincomeloss": 1711000000,
        "othercomprehensiveincomeforeigncurrencytransactionandtranslationadjustmentnetoftaxportionattributabletoparent": 170000000,
        "othercomprehensiveincomederivativesqualifyingashedgesnetoftaxportionattributabletoparent": -64000000,
        "othercomprehensiveincomedefinedbenefitplansadjustmentnetoftaxportionattributabletoparent": -11000000,
        "othercomprehensiveincomeavailableforsalesecuritiesadjustmentnetoftaxportionattributabletoparent": -8000000,
        "othercomprehensiveincomelossnetoftaxportionattributabletoparent": 170000000,
        "comprehensiveincomenetoftax": 1755000000,
        "revenues": 263000000,
        "costofgoodssold": 1616000000,
        "sellinggeneralandadministrativeexpense": 1368000000,
        "researchanddevelopmentexpenseexcludingacquiredinprocesscost": 1135000000,
        "costsandexpenses": 4119000000,
        "operatingincomeloss": 2419000000,
        "interestincomeexpensenonoperatingnet": -247000000,
        "foreigncurrencytransactiongainlossbeforetax": -13000000,
        "othernonoperatingincomeexpense": -73000000,
        "incomelossfromcontinuingoperationsbeforeincometaxesminorityinterestandincomelossfromequitymethodinvestments": 2086000000,
        "incometaxexpensebenefit": 375000000,
        "earningspersharebasic": 1.07,
        "earningspersharediluted": 1.06,
        "commonstockdividendspersharedeclared": 0.64,
        "weightedaveragenumberofsharesoutstandingbasic": 1597000000,
        "weightedaveragenumberofdilutedsharesoutstanding": 1603000000
    },
    {
        "date": "2016-09-29",
        "symbol": "ABBV",
        "period": "Q3",
        "othercomprehensiveincomeforeigncurrencytranslationadjustmenttaxportionattributabletoparent": 10000000,
        "othercomprehensiveincomedefinedbenefitplanstaxportionattributabletoparent": -8000000,
        "othercomprehensiveincomeavailableforsalesecuritiestaxportionattributabletoparent": 1000000,
        "othercomprehensiveincomederivativesqualifyingashedgestaxportionattributabletoparent": 1000000,
        "netincomeloss": 1598000000,
        "othercomprehensiveincomeforeigncurrencytransactionandtranslationadjustmentnetoftaxportionattributabletoparent": 31000000,
        "othercomprehensiveincomedefinedbenefitplansadjustmentnetoftaxportionattributabletoparent": -15000000,
        "othercomprehensiveincomeavailableforsalesecuritiesadjustmentnetoftaxportionattributabletoparent": 12000000,
        "othercomprehensiveincomederivativesqualifyingashedgesnetoftaxportionattributabletoparent": -8000000,
        "othercomprehensiveincomelossnetoftaxportionattributabletoparent": 50000000,
        "comprehensiveincomenetoftax": 1648000000,
        "revenues": 6432000000,
        "costofgoodssold": 1504000000,
        "sellinggeneralandadministrativeexpense": 1381000000,
        "researchanddevelopmentexpenseexcludingacquiredinprocesscost": 1106000000,
        "researchanddevelopmentassetacquiredotherthanthroughbusinesscombinationwrittenoff": 80000000,
        "costsandexpenses": 4071000000,
        "operatingincomeloss": 2361000000,
        "interestincomeexpensenonoperatingnet": -250000000,
        "foreigncurrencytransactiongainlossbeforetax": 4000000,
        "othernonoperatingincomeexpense": -101000000,
        "incomelossfromcontinuingoperationsbeforeincometaxesminorityinterestandincomelossfromequitymethodinvestments": 2014000000,
        "incometaxexpensebenefit": 416000000,
        "earningspersharebasic": 0.97,
        "earningspersharediluted": 0.97,
        "commonstockdividendspersharedeclared": 0.57,
        "weightedaveragenumberofsharesoutstandingbasic": 1632000000,
        "weightedaveragenumberofdilutedsharesoutstanding": 1640000000
    },
    {
        "date": "2014-06-29",
        "symbol": "ABBV",
        "period": "Q2",
        "salesrevenuenet": 4926000000,
        "costofgoodssold": 1113000000,
        "sellinggeneralandadministrativeexpense": 1448000000,
        "researchanddevelopmentexpenseexcludingacquiredinprocesscost": 834000000,
        "costsandexpenses": 3411000000,
        "operatingincomeloss": 1515000000,
        "interestincomeexpensenonoperatingnet": -69000000,
        "foreigncurrencytransactiongainlossbeforetax": -5000000,
        "othernonoperatingincomeexpense": -8000000,
        "incomelossfromcontinuingoperationsbeforeincometaxesminorityinterestandincomelossfromequitymethodinvestments": 1433000000,
        "incometaxexpensebenefit": 335000000,
        "netincomelossavailabletocommonstockholdersbasic": 2066000000,
        "earningspersharebasic": 0.6900000000000001,
        "earningspersharediluted": 0.68,
        "commonstockdividendspersharedeclared": 0.42,
        "weightedaveragenumberofsharesoutstandingbasic": -1000000,
        "weightedaveragenumberofdilutedsharesoutstanding": -1000000,
        "othercomprehensiveincomedefinedbenefitplanstaxportionattributabletoparent": 5000000,
        "othercomprehensiveincomederivativesqualifyingashedgestaxportionattributabletoparent": 0,
        "othercomprehensiveincomeforeigncurrencytransactionandtranslationadjustmentnetoftaxportionattributabletoparent": -38000000,
        "othercomprehensiveincomedefinedbenefitplansadjustmentnetoftaxportionattributabletoparent": -11000000,
        "othercomprehensiveincomederivativesqualifyingashedgesnetoftaxportionattributabletoparent": 33000000,
        "othercomprehensiveincomelossnetoftaxportionattributabletoparent": 6000000,
        "comprehensiveincomenetoftax": 1104000000
    },
    {
        "date": "2014-03-30",
        "symbol": "ABBV",
        "period": "Q1",
        "salesrevenuenet": 4563000000,
        "costofgoodssold": 1100000000,
        "sellinggeneralandadministrativeexpense": 1340000000,
        "researchanddevelopmentexpenseexcludingacquiredinprocesscost": 772000000,
        "costsandexpenses": 3212000000,
        "operatingincomeloss": 1351000000,
        "interestincomeexpensenonoperatingnet": -65000000,
        "foreigncurrencytransactiongainlossbeforetax": -3000000,
        "othernonoperatingincomeexpense": 3000000,
        "incomelossfromcontinuingoperationsbeforeincometaxesminorityinterestandincomelossfromequitymethodinvestments": 1286000000,
        "incometaxexpensebenefit": 306000000,
        "netincomelossavailabletocommonstockholdersbasic": 12000000,
        "earningspersharebasic": 0.61,
        "earningspersharediluted": 0.61,
        "commonstockdividendspersharedeclared": 0.42,
        "weightedaveragenumberofsharesoutstandingbasic": 1595000000,
        "weightedaveragenumberofdilutedsharesoutstanding": 1609000000,
        "othercomprehensiveincomedefinedbenefitplanstaxportionattributabletoparent": 4000000,
        "othercomprehensiveincomederivativesqualifyingashedgestaxportionattributabletoparent": 2000000,
        "othercomprehensiveincomeforeigncurrencytransactionandtranslationadjustmentnetoftaxportionattributabletoparent": -29000000,
        "othercomprehensiveincomedefinedbenefitplansadjustmentnetoftaxportionattributabletoparent": -12000000,
        "othercomprehensiveincomederivativesqualifyingashedgesnetoftaxportionattributabletoparent": 33000000,
        "othercomprehensiveincomelossnetoftaxportionattributabletoparent": 16000000,
        "comprehensiveincomenetoftax": 996000000
    },
    {
        "date": "2013-09-29",
        "symbol": "ABBV",
        "period": "Q3",
        "othercomprehensiveincomederivativesqualifyingashedgestaxportionattributabletoparent": -2000000,
        "netincomelossavailabletocommonstockholdersbasic": 964000000,
        "othercomprehensiveincomeforeigncurrencytransactionandtranslationadjustmentnetoftaxportionattributabletoparent": 205000000,
        "othercomprehensiveincomedefinedbenefitplansadjustmentnetoftaxportionattributabletoparent": -42000000,
        "othercomprehensiveincomeavailableforsalesecuritiesadjustmentnetoftaxportionattributabletoparent": 1000000,
        "othercomprehensiveincomederivativesqualifyingashedgesnetoftaxportionattributabletoparent": -60000000,
        "othercomprehensiveincomelossnetoftaxportionattributabletoparent": 188000000,
        "comprehensiveincomenetoftax": 1152000000,
        "salesrevenuenet": 4658000000,
        "costofgoodssold": 1092000000,
        "sellinggeneralandadministrativeexpense": 1261000000,
        "researchanddevelopmentexpenseexcludingacquiredinprocesscost": 714000000,
        "researchanddevelopmentassetacquiredotherthanthroughbusinesscombinationwrittenoff": 45000000,
        "costsandexpenses": 3287000000,
        "operatingincomeloss": 1371000000,
        "interestincomeexpensenonoperatingnet": -69000000,
        "foreigncurrencytransactiongainlossbeforetax": -11000000,
        "othernonoperatingincomeexpense": -5000000,
        "incomelossfromcontinuingoperationsbeforeincometaxesminorityinterestandincomelossfromequitymethodinvestments": 1286000000,
        "incometaxexpensebenefit": 322000000,
        "earningspersharebasic": 0.6,
        "earningspersharediluted": 0.6,
        "commonstockdividendspersharedeclared": 0.4,
        "weightedaveragenumberofsharesoutstandingbasic": 1590000000,
        "weightedaveragenumberofdilutedsharesoutstanding": 1605000000
    },
    {
        "date": "2013-06-29",
        "symbol": "ABBV",
        "period": "Q2",
        "othercomprehensiveincomedefinedbenefitplanstaxportionattributabletoparent": 9000000,
        "othercomprehensiveincomederivativesqualifyingashedgestaxportionattributabletoparent": 0,
        "netincomelossavailabletocommonstockholdersbasic": 2017000000,
        "othercomprehensiveincomeforeigncurrencytransactionandtranslationadjustmentnetoftaxportionattributabletoparent": 50000000,
        "othercomprehensiveincomedefinedbenefitplansadjustmentnetoftaxportionattributabletoparent": -16000000,
        "othercomprehensiveincomeavailableforsalesecuritiesadjustmentnetoftaxportionattributabletoparent": 0,
        "othercomprehensiveincomederivativesqualifyingashedgesnetoftaxportionattributabletoparent": 2000000,
        "othercomprehensiveincomelossnetoftaxportionattributabletoparent": 68000000,
        "comprehensiveincomenetoftax": 1136000000,
        "salesrevenuenet": 4692000000,
        "costofgoodssold": 1054000000,
        "sellinggeneralandadministrativeexpense": 1406000000,
        "researchanddevelopmentexpenseexcludingacquiredinprocesscost": 709000000,
        "costsandexpenses": 3239000000,
        "operatingincomeloss": 1453000000,
        "interestincomeexpensenonoperatingnet": -75000000,
        "foreigncurrencytransactiongainlossbeforetax": -14000000,
        "othernonoperatingincomeexpense": 4000000,
        "incomelossfromcontinuingoperationsbeforeincometaxesminorityinterestandincomelossfromequitymethodinvestments": 2579000000,
        "incometaxexpensebenefit": -253000000,
        "earningspersharebasic": 0.67,
        "earningspersharediluted": 0.67,
        "commonstockdividendspersharedeclared": 0.3999999999999999,
        "weightedaveragenumberofsharesoutstandingbasic": -2000000,
        "weightedaveragenumberofdilutedsharesoutstanding": 0
    },
    {
        "date": "2013-03-30",
        "symbol": "ABBV",
        "period": "Q1",
        "othercomprehensiveincomedefinedbenefitplanstaxportionattributabletoparent": 9000000,
        "othercomprehensiveincomederivativesqualifyingashedgestaxportionattributabletoparent": 2000000,
        "netincomelossavailabletocommonstockholdersbasic": 19000000,
        "othercomprehensiveincomeforeigncurrencytransactionandtranslationadjustmentnetoftaxportionattributabletoparent": -232000000,
        "othercomprehensiveincomedefinedbenefitplansadjustmentnetoftaxportionattributabletoparent": -19000000,
        "othercomprehensiveincomeavailableforsalesecuritiesadjustmentnetoftaxportionattributabletoparent": -1000000,
        "othercomprehensiveincomederivativesqualifyingashedgesnetoftaxportionattributabletoparent": 9000000,
        "othercomprehensiveincomelossnetoftaxportionattributabletoparent": -205000000,
        "comprehensiveincomenetoftax": 763000000,
        "salesrevenuenet": 4329000000,
        "costofgoodssold": 1153000000,
        "sellinggeneralandadministrativeexpense": 1237000000,
        "researchanddevelopmentexpenseexcludingacquiredinprocesscost": 634000000,
        "costsandexpenses": 3024000000,
        "operatingincomeloss": 1305000000,
        "interestincomeexpensenonoperatingnet": -66000000,
        "foreigncurrencytransactiongainlossbeforetax": -15000000,
        "othernonoperatingincomeexpense": 15000000,
        "incomelossfromcontinuingoperationsbeforeincometaxesminorityinterestandincomelossfromequitymethodinvestments": 28000000,
        "incometaxexpensebenefit": 271000000,
        "earningspersharebasic": 0.61,
        "earningspersharediluted": 0.6,
        "commonstockdividendspersharedeclared": 0.8,
        "weightedaveragenumberofsharesoutstandingbasic": 1588000000,
        "weightedaveragenumberofdilutedsharesoutstanding": 1605000000
    }
]