[
    {
        "date": "2024-11-23",
        "symbol": "DRI",
        "period": "Q2",
        "revenuefromcontractwithcustomerexcludingassessedtax": 2890000000,
        "costofgoodsandservicessold": 700000,
        "costdirectlabor": 926800000,
        "marketingexpense": 48800000,
        "generalandadministrativeexpense": 200000,
        "depreciationdepletionandamortization": 127700000,
        "gainlossonsalesofassetsandassetimpairmentcharges": 0,
        "costsandexpenses": 2597900000,
        "operatingincomeloss": 292100000,
        "interestincomeexpensenonoperatingnet": -46200000,
        "incomelossfromcontinuingoperationsbeforeincometaxesextraordinaryitemsnoncontrollinginterest": -200000,
        "incometaxexpensebenefit": 0,
        "incomelossfromcontinuingoperations": 215700000,
        "incomelossfromdiscontinuedoperationsnetoftax": -600000,
        "netincomeloss": -200000,
        "incomelossfromcontinuingoperationsperbasicshare": 1.8399999999999999,
        "earningspersharebasic": 1.83,
        "incomelossfromcontinuingoperationsperdilutedshare": 1.8299999999999998,
        "earningspersharediluted": 1.82,
        "weightedaveragenumberofsharesoutstandingbasic": 118000000,
        "weightedaveragenumberofdilutedsharesoutstanding": 118700000,
        "discontinuedoperationtaxeffectofdiscontinuedoperation": -200000,
        "othercomprehensiveincomelossunrecognizedgainlossonderivativesnetoftaxportionattributabletoparent": 2700000,
        "othercomprehensiveincomedefinedbenefitplansnetunamortizedgainlossarisingduringperiodnetoftax": 200000,
        "othercomprehensiveincomelossnetoftaxportionattributabletoparent": 2900000,
        "comprehensiveincomenetoftax": 218000000,
        "othercomprehensiveincomelossunrecognizedgainlossonderivativestaxportionattributabletoparent": 100000,
        "othercomprehensiveincomedefinedbenefitplansnetunamortizedgainlossarisingduringperiodtax": 0
    },
    {
        "date": "2024-08-24",
        "symbol": "DRI",
        "period": "Q1",
        "revenuefromcontractwithcustomerexcludingassessedtax": 2757000000,
        "costofgoodsandservicessold": 400000,
        "costdirectlabor": 889300000,
        "marketingexpense": 44700000,
        "generalandadministrativeexpense": 200000,
        "depreciationdepletionandamortization": 121500000,
        "gainlossonsalesofassetsandassetimpairmentcharges": -1000000,
        "costsandexpenses": 2487800000,
        "operatingincomeloss": 269200000,
        "interestincomeexpensenonoperatingnet": -37100000,
        "incomelossfromcontinuingoperationsbeforeincometaxesextraordinaryitemsnoncontrollinginterest": -200000,
        "incometaxexpensebenefit": -100000,
        "incomelossfromcontinuingoperations": 207600000,
        "incomelossfromdiscontinuedoperationsnetoftax": -400000,
        "netincomeloss": -100000,
        "incomelossfromcontinuingoperationsperbasicshare": 1.75,
        "earningspersharebasic": 1.75,
        "incomelossfromcontinuingoperationsperdilutedshare": 1.74,
        "earningspersharediluted": 1.74,
        "weightedaveragenumberofsharesoutstandingbasic": 118500000,
        "weightedaveragenumberofdilutedsharesoutstanding": 119200000,
        "discontinuedoperationtaxeffectofdiscontinuedoperation": -400000,
        "othercomprehensiveincomelossunrecognizedgainlossonderivativesnetoftaxportionattributabletoparent": 200000,
        "othercomprehensiveincomedefinedbenefitplansnetunamortizedgainlossarisingduringperiodnetoftax": 100000,
        "othercomprehensiveincomelossnetoftaxportionattributabletoparent": 300000,
        "comprehensiveincomenetoftax": 207500000,
        "othercomprehensiveincomelossunrecognizedgainlossonderivativestaxportionattributabletoparent": 500000,
        "othercomprehensiveincomedefinedbenefitplansnetunamortizedgainlossarisingduringperiodtax": 100000
    },
    {
        "date": "2024-05-25",
        "symbol": "DRI",
        "period": "Q4",
        "revenuefromcontractwithcustomerexcludingassessedtax": 2957300000,
        "costofgoodsandservicessold": 906900000,
        "costdirectlabor": 926000000,
        "marketingexpense": 37300000,
        "generalandadministrativeexpense": 102900000,
        "depreciationdepletionandamortization": 119700000,
        "gainlossonsalesofassetsandassetimpairmentcharges": -1400000,
        "costsandexpenses": 2561900000,
        "operatingincomeloss": 395400000,
        "interestincomeexpensenonoperatingnet": -35400000,
        "incomelossfromcontinuingoperationsbeforeincometaxesextraordinaryitemsnoncontrollinginterest": 360000000,
        "incometaxexpensebenefit": 50000000,
        "incomelossfromcontinuingoperations": 310000000,
        "incomelossfromdiscontinuedoperationsnetoftax": -1900000,
        "netincomeloss": 308100000,
        "incomelossfromcontinuingoperationsperbasicshare": 2.589999999999999,
        "earningspersharebasic": 2.579999999999999,
        "incomelossfromcontinuingoperationsperdilutedshare": 2.5799999999999996,
        "earningspersharediluted": 2.5599999999999996,
        "weightedaveragenumberofsharesoutstandingbasic": 119900000,
        "weightedaveragenumberofdilutedsharesoutstanding": 120800000,
        "discontinuedoperationtaxeffectofdiscontinuedoperation": -700000,
        "othercomprehensiveincomelossunrecognizedgainlossonderivativesnetoftaxportionattributabletoparent": -5300000,
        "othercomprehensiveincomedefinedbenefitplansnetunamortizedgainlossarisingduringperiodnetoftax": 1200000,
        "othercomprehensiveincomelossnetoftaxportionattributabletoparent": -4100000,
        "comprehensiveincomenetoftax": 304000000,
        "othercomprehensiveincomelossunrecognizedgainlossonderivativestaxportionattributabletoparent": 100000
    },
    {
        "date": "2024-02-24",
        "symbol": "DRI",
        "period": "Q3",
        "revenuefromcontractwithcustomerexcludingassessedtax": 2974800000,
        "costofgoodsandservicessold": 920200000,
        "costdirectlabor": 937100000,
        "marketingexpense": 31700000,
        "generalandadministrativeexpense": 108200000,
        "depreciationdepletionandamortization": 117900000,
        "gainlossonsalesofassetsandassetimpairmentcharges": -400000,
        "costsandexpenses": 2587400000,
        "operatingincomeloss": 387400000,
        "interestincomeexpensenonoperatingnet": -36500000,
        "incomelossfromcontinuingoperationsbeforeincometaxesextraordinaryitemsnoncontrollinginterest": 350900000,
        "incometaxexpensebenefit": 37500000,
        "incomelossfromcontinuingoperations": 313400000,
        "incomelossfromdiscontinuedoperationsnetoftax": -500000,
        "netincomeloss": 312900000,
        "incomelossfromcontinuingoperationsperbasicshare": 2.62,
        "earningspersharebasic": 2.6100000000000003,
        "incomelossfromcontinuingoperationsperdilutedshare": 2.5900000000000003,
        "earningspersharediluted": 2.6000000000000005,
        "weightedaveragenumberofsharesoutstandingbasic": 120100000,
        "weightedaveragenumberofdilutedsharesoutstanding": 121000000,
        "discontinuedoperationtaxeffectofdiscontinuedoperation": -600000,
        "othercomprehensiveincomelossunrecognizedgainlossonderivativesnetoftaxportionattributabletoparent": 2000000,
        "othercomprehensiveincomedefinedbenefitplansnetunamortizedgainlossarisingduringperiodnetoftax": 200000,
        "othercomprehensiveincomelossnetoftaxportionattributabletoparent": 2300000,
        "comprehensiveincomenetoftax": 315200000,
        "othercomprehensiveincomelossunrecognizedgainlossonderivativestaxportionattributabletoparent": -100000
    },
    {
        "date": "2023-11-25",
        "symbol": "DRI",
        "period": "Q2",
        "revenuefromcontractwithcustomerexcludingassessedtax": 2727300000,
        "costofgoodsandservicessold": 845800000,
        "costdirectlabor": 880900000,
        "marketingexpense": 36900000,
        "generalandadministrativeexpense": 114800000,
        "depreciationdepletionandamortization": 112500000,
        "gainlossonsalesofassetsandassetimpairmentcharges": -7500000,
        "costsandexpenses": 2448800000,
        "operatingincomeloss": 278500000,
        "interestincomeexpensenonoperatingnet": -37100000,
        "incomelossfromcontinuingoperationsbeforeincometaxesextraordinaryitemsnoncontrollinginterest": 241400000,
        "incometaxexpensebenefit": 29100000,
        "incomelossfromcontinuingoperations": 212300000,
        "incomelossfromdiscontinuedoperationsnetoftax": -200000,
        "netincomeloss": 212100000,
        "incomelossfromcontinuingoperationsperbasicshare": 1.77,
        "earningspersharebasic": 1.77,
        "incomelossfromcontinuingoperationsperdilutedshare": 1.76,
        "earningspersharediluted": 1.76,
        "weightedaveragenumberofsharesoutstandingbasic": 119900000,
        "weightedaveragenumberofdilutedsharesoutstanding": 120800000,
        "discontinuedoperationtaxeffectofdiscontinuedoperation": -300000,
        "othercomprehensiveincomelossunrecognizedgainlossonderivativesnetoftaxportionattributabletoparent": 11300000,
        "othercomprehensiveincomedefinedbenefitplansnetunamortizedgainlossarisingduringperiodnetoftax": 100000,
        "othercomprehensiveincomelossnetoftaxportionattributabletoparent": 11400000,
        "comprehensiveincomenetoftax": 223500000,
        "othercomprehensiveincomelossunrecognizedgainlossonderivativestaxportionattributabletoparent": 4000000,
        "othercomprehensiveincomedefinedbenefitplansnetunamortizedgainlossarisingduringperiodtax": 100000
    },
    {
        "date": "2023-08-26",
        "symbol": "DRI",
        "period": "Q1",
        "revenuefromcontractwithcustomerexcludingassessedtax": 2730600000,
        "costofgoodsandservicessold": 851000000,
        "costdirectlabor": 875300000,
        "marketingexpense": 38600000,
        "generalandadministrativeexpense": 153300000,
        "depreciationdepletionandamortization": 109800000,
        "gainlossonsalesofassetsandassetimpairmentcharges": -3100000,
        "costsandexpenses": 2477700000,
        "operatingincomeloss": 252900000,
        "interestincomeexpensenonoperatingnet": -29700000,
        "incomelossfromcontinuingoperationsbeforeincometaxesextraordinaryitemsnoncontrollinginterest": 223200000,
        "incometaxexpensebenefit": 28400000,
        "incomelossfromcontinuingoperations": 194800000,
        "incomelossfromdiscontinuedoperationsnetoftax": -300000,
        "netincomeloss": 194500000,
        "incomelossfromcontinuingoperationsperbasicshare": 1.61,
        "earningspersharebasic": 1.61,
        "incomelossfromcontinuingoperationsperdilutedshare": 1.6,
        "incomelossfromdiscontinuedoperationsnetoftaxperdilutedshare": -0.01,
        "earningspersharediluted": 1.59,
        "weightedaveragenumberofsharesoutstandingbasic": 120900000,
        "weightedaveragenumberofdilutedsharesoutstanding": 122000000,
        "discontinuedoperationtaxeffectofdiscontinuedoperation": -100000,
        "othercomprehensiveincomelossunrecognizedgainlossonderivativesnetoftaxportionattributabletoparent": 12600000,
        "othercomprehensiveincomedefinedbenefitplansnetunamortizedgainlossarisingduringperiodnetoftax": 200000,
        "othercomprehensiveincomelossnetoftaxportionattributabletoparent": 12800000,
        "comprehensiveincomenetoftax": 207300000,
        "othercomprehensiveincomelossunrecognizedgainlossonderivativestaxportionattributabletoparent": 5400000
    },
    {
        "date": "2023-05-27",
        "symbol": "DRI",
        "period": "Q4",
        "revenuefromcontractwithcustomerexcludingassessedtax": 578300000,
        "costofgoodsandservicessold": 1600000,
        "costdirectlabor": 869800000,
        "marketingexpense": 28700000,
        "generalandadministrativeexpense": 200000,
        "depreciationdepletionandamortization": 10700000,
        "gainlossonsalesofassetsandassetimpairmentcharges": -1700000,
        "costsandexpenses": 2394500000,
        "operatingincomeloss": 374500000,
        "interestincomeexpensenonoperatingnet": -22100000,
        "incomelossfromcontinuingoperationsbeforeincometaxesextraordinaryitemsnoncontrollinginterest": -200000,
        "incomelossfromcontinuingoperations": 315600000,
        "incomelossfromdiscontinuedoperationsnetoftax": -500000,
        "netincomeloss": 0,
        "incomelossfromcontinuingoperationsperbasicshare": 2.6000000000000014,
        "earningspersharebasic": 2.6000000000000005,
        "incomelossfromcontinuingoperationsperdilutedshare": 2.5800000000000005,
        "earningspersharediluted": 2.5800000000000005,
        "weightedaveragenumberofsharesoutstandingbasic": -300000,
        "weightedaveragenumberofdilutedsharesoutstanding": -300000,
        "othercomprehensiveincomelossunrecognizedgainlossonderivativesnetoftaxportionattributabletoparent": 2400000,
        "othercomprehensiveincomedefinedbenefitplansnetunamortizedgainlossarisingduringperiodnetoftax": 700000,
        "othercomprehensiveincomelossnetoftaxportionattributabletoparent": 3100000,
        "comprehensiveincomenetoftax": 318200000,
        "othercomprehensiveincomelossunrecognizedgainlossonderivativestaxportionattributabletoparent": -300000
    },
    {
        "date": "2023-02-25",
        "symbol": "DRI",
        "period": "Q3",
        "revenuefromcontractwithcustomerexcludingassessedtax": 553900000,
        "costofgoodsandservicessold": 2300000,
        "costdirectlabor": 874200000,
        "marketingexpense": 28200000,
        "generalandadministrativeexpense": 200000,
        "depreciationdepletionandamortization": 10300000,
        "gainlossonsalesofassetsandassetimpairmentcharges": -4700000,
        "costsandexpenses": 2436300000,
        "operatingincomeloss": 349900000,
        "interestincomeexpensenonoperatingnet": -19600000,
        "incomelossfromcontinuingoperationsbeforeincometaxesextraordinaryitemsnoncontrollinginterest": -200000,
        "incomelossfromcontinuingoperations": 286800000,
        "incomelossfromdiscontinuedoperationsnetoftax": -200000,
        "netincomeloss": -100000,
        "incomelossfromcontinuingoperationsperbasicshare": 2.36,
        "earningspersharebasic": 2.3599999999999994,
        "incomelossfromcontinuingoperationsperdilutedshare": 2.33,
        "earningspersharediluted": 2.33,
        "weightedaveragenumberofsharesoutstandingbasic": -300000,
        "weightedaveragenumberofdilutedsharesoutstanding": -300000,
        "othercomprehensiveincomelossunrecognizedgainlossonderivativesnetoftaxportionattributabletoparent": -5900000,
        "othercomprehensiveincomedefinedbenefitplansnetunamortizedgainlossarisingduringperiodnetoftax": 100000,
        "othercomprehensiveincomelossnetoftaxportionattributabletoparent": -5900000,
        "comprehensiveincomenetoftax": 280700000,
        "othercomprehensiveincomelossunrecognizedgainlossonderivativestaxportionattributabletoparent": -1300000
    },
    {
        "date": "2022-11-26",
        "symbol": "DRI",
        "period": "Q2",
        "revenuefromcontractwithcustomerexcludingassessedtax": 507300000,
        "costofgoodsandservicessold": -700000,
        "costdirectlabor": 808500000,
        "marketingexpense": 31100000,
        "generalandadministrativeexpense": 100000,
        "depreciationdepletionandamortization": 10400000,
        "gainlossonsalesofassetsandassetimpairmentcharges": 8800000,
        "costsandexpenses": 2253300000,
        "operatingincomeloss": 233200000,
        "interestincomeexpensenonoperatingnet": -19800000,
        "incomelossfromcontinuingoperationsbeforeincometaxesextraordinaryitemsnoncontrollinginterest": -200000,
        "incometaxexpensebenefit": 0,
        "incomelossfromcontinuingoperations": 187500000,
        "incomelossfromdiscontinuedoperationsnetoftax": -300000,
        "netincomeloss": -200000,
        "incomelossfromcontinuingoperationsperbasicshare": 1.5299999999999998,
        "incomelossfromdiscontinuedoperationsnetoftaxperbasicshare": 0,
        "earningspersharebasic": 1.53,
        "incomelossfromcontinuingoperationsperdilutedshare": 1.5299999999999998,
        "earningspersharediluted": 1.52,
        "weightedaveragenumberofsharesoutstandingbasic": -400000,
        "weightedaveragenumberofdilutedsharesoutstanding": -400000,
        "othercomprehensiveincomelossunrecognizedgainlossonderivativesnetoftaxportionattributabletoparent": 5600000,
        "othercomprehensiveincomedefinedbenefitplansnetunamortizedgainlossarisingduringperiodnetoftax": 200000,
        "othercomprehensiveincomelossnetoftaxportionattributabletoparent": 5600000,
        "comprehensiveincomenetoftax": 192800000,
        "othercomprehensiveincomelossunrecognizedgainlossonderivativestaxportionattributabletoparent": -500000,
        "othercomprehensiveincomedefinedbenefitplansnetunamortizedgainlossarisingduringperiodtax": 0
    },
    {
        "date": "2022-08-27",
        "symbol": "DRI",
        "period": "Q1",
        "revenuefromcontractwithcustomerexcludingassessedtax": 527400000,
        "costofgoodsandservicessold": -100000,
        "costdirectlabor": 793800000,
        "marketingexpense": 30300000,
        "generalandadministrativeexpense": 200000,
        "depreciationdepletionandamortization": 9800000,
        "gainlossonsalesofassetsandassetimpairmentcharges": 4900000,
        "costsandexpenses": 2201900000,
        "operatingincomeloss": 244200000,
        "interestincomeexpensenonoperatingnet": -19800000,
        "incomelossfromcontinuingoperationsbeforeincometaxesextraordinaryitemsnoncontrollinginterest": -200000,
        "incometaxexpensebenefit": -100000,
        "incomelossfromcontinuingoperations": 193600000,
        "incomelossfromdiscontinuedoperationsnetoftax": -600000,
        "netincomeloss": -100000,
        "incomelossfromcontinuingoperationsperbasicshare": 1.58,
        "incomelossfromdiscontinuedoperationsnetoftaxperbasicshare": -0.01,
        "earningspersharebasic": 1.57,
        "incomelossfromcontinuingoperationsperdilutedshare": 1.56,
        "earningspersharediluted": 1.56,
        "weightedaveragenumberofsharesoutstandingbasic": 122900000,
        "weightedaveragenumberofdilutedsharesoutstanding": 123900000,
        "othercomprehensiveincomelossunrecognizedgainlossonderivativesnetoftaxportionattributabletoparent": 2200000,
        "othercomprehensiveincomedefinedbenefitplansnetunamortizedgainlossarisingduringperiodnetoftax": 100000,
        "othercomprehensiveincomelossnetoftaxportionattributabletoparent": 2300000,
        "comprehensiveincomenetoftax": 195300000,
        "othercomprehensiveincomelossunrecognizedgainlossonderivativestaxportionattributabletoparent": 600000,
        "othercomprehensiveincomedefinedbenefitplansnetunamortizedgainlossarisingduringperiodtax": 100000
    },
    {
        "date": "2022-05-28",
        "symbol": "DRI",
        "period": "Q4",
        "revenuefromcontractwithcustomerexcludingassessedtax": 551400000,
        "costofgoodsandservicessold": -1100000,
        "costdirectlabor": 829300000,
        "marketingexpense": 20200000,
        "generalandadministrativeexpense": 200000,
        "depreciationdepletionandamortization": 8600000,
        "costsandexpenses": 2265399999.999999,
        "operatingincomeloss": 337500000,
        "interestincomeexpensenonoperatingnet": -18900000,
        "incomelossfromcontinuingoperations": 281700000,
        "incomelossfromdiscontinuedoperationsnetoftax": 0,
        "netincomeloss": 400000,
        "incomelossfromcontinuingoperationsperbasicshare": 2.25,
        "earningspersharebasic": 2.2499999999999996,
        "incomelossfromcontinuingoperationsperdilutedshare": 2.2300000000000004,
        "earningspersharediluted": 2.229999999999999,
        "weightedaveragenumberofsharesoutstandingbasic": -1100000,
        "weightedaveragenumberofdilutedsharesoutstanding": -1100000,
        "othercomprehensiveincomeforeigncurrencytransactionandtranslationadjustmentnetoftaxportionattributabletoparent": 0,
        "othercomprehensiveincomelossunrecognizedgainlossonderivativesnetoftaxportionattributabletoparent": -5900000,
        "othercomprehensiveincomedefinedbenefitplansnetunamortizedgainlossarisingduringperiodnetoftax": 2000000,
        "othercomprehensiveincomelossnetoftaxportionattributabletoparent": -3900000,
        "comprehensiveincomenetoftax": 277800000
    },
    {
        "date": "2022-02-26",
        "symbol": "DRI",
        "period": "Q3",
        "revenuefromcontractwithcustomerexcludingassessedtax": 485400000,
        "costofgoodsandservicessold": -763900000,
        "costdirectlabor": 798700000,
        "marketingexpense": 27200000,
        "generalandadministrativeexpense": 100000,
        "depreciationdepletionandamortization": 10100000,
        "costsandexpenses": 2147900000,
        "operatingincomeloss": 301000000,
        "interestincomeexpensenonoperatingnet": -17500000.000000004,
        "othernonoperatingincomeexpense": -200000,
        "incometaxexpensebenefit": 0,
        "incomelossfromcontinuingoperations": 247900000,
        "incomelossfromdiscontinuedoperationsnetoftax": -900000,
        "netincomeloss": -200000,
        "incomelossfromcontinuingoperationsperbasicshare": 1.9399999999999997,
        "earningspersharebasic": 1.94,
        "incomelossfromcontinuingoperationsperdilutedshare": 1.9299999999999995,
        "earningspersharediluted": 1.9300000000000002,
        "weightedaveragenumberofsharesoutstandingbasic": -900000.0000000149,
        "weightedaveragenumberofdilutedsharesoutstanding": -1000000,
        "othercomprehensiveincomeforeigncurrencytransactionandtranslationadjustmentnetoftaxportionattributabletoparent": 100000,
        "othercomprehensiveincomelossunrecognizedgainlossonderivativesnetoftaxportionattributabletoparent": 1100000,
        "othercomprehensiveincomedefinedbenefitplansnetunamortizedgainlossarisingduringperiodnetoftax": 200000,
        "othercomprehensiveincomelossnetoftaxportionattributabletoparent": 1400000,
        "comprehensiveincomenetoftax": 248400000,
        "othercomprehensiveincomedefinedbenefitplansnetunamortizedgainlossarisingduringperiodtax": 0
    },
    {
        "date": "2021-11-27",
        "symbol": "DRI",
        "period": "Q2",
        "revenuefromcontractwithcustomerexcludingassessedtax": 459100000,
        "costofgoodsandservicessold": 385000000,
        "costdirectlabor": 744800000,
        "marketingexpense": 21900000,
        "generalandadministrativeexpense": 100000,
        "depreciationdepletionandamortization": 6800000,
        "costsandexpenses": 2029300000,
        "operatingincomeloss": 242900000.00000006,
        "interestincomeexpensenonoperatingnet": -16699999.999999996,
        "othernonoperatingincomeexpense": -300000,
        "incometaxexpensebenefit": -100000,
        "incomelossfromcontinuingoperations": 193400000,
        "incomelossfromdiscontinuedoperationsnetoftax": -200000,
        "netincomeloss": -200000,
        "incomelossfromcontinuingoperationsperbasicshare": 1.4999999999999998,
        "incomelossfromdiscontinuedoperationsnetoftaxperbasicshare": 0,
        "earningspersharebasic": 1.5,
        "incomelossfromcontinuingoperationsperdilutedshare": 1.4800000000000002,
        "incomelossfromdiscontinuedoperationsnetoftaxperdilutedshare": 0,
        "earningspersharediluted": 1.48,
        "weightedaveragenumberofsharesoutstandingbasic": -500000,
        "weightedaveragenumberofdilutedsharesoutstanding": -599999.9999999851,
        "discontinuedoperationtaxeffectofdiscontinuedoperation": 0,
        "othercomprehensiveincomeforeigncurrencytransactionandtranslationadjustmentnetoftaxportionattributabletoparent": -100000,
        "othercomprehensiveincomelossunrecognizedgainlossonderivativesnetoftaxportionattributabletoparent": -5300000,
        "othercomprehensiveincomedefinedbenefitplansnetunamortizedgainlossarisingduringperiodnetoftax": 200000,
        "othercomprehensiveincomelossnetoftaxportionattributabletoparent": -5200000,
        "comprehensiveincomenetoftax": 188000000,
        "othercomprehensiveincomedefinedbenefitplansnetunamortizedgainlossarisingduringperiodtax": 100000
    },
    {
        "date": "2021-08-28",
        "symbol": "DRI",
        "period": "Q1",
        "revenuefromcontractwithcustomerexcludingassessedtax": 479700000,
        "costofgoodsandservicessold": 378100000,
        "costdirectlabor": 736000000,
        "marketingexpense": 23900000,
        "generalandadministrativeexpense": 200000,
        "depreciationdepletionandamortization": 5400000,
        "costsandexpenses": 2025200000,
        "operatingincomeloss": 280800000,
        "interestincomeexpensenonoperatingnet": -15600000,
        "othernonoperatingincomeexpense": -200000,
        "incomelossfromcontinuingoperationsbeforeincometaxesminorityinterestandincomelossfromequitymethodinvestments": -300000,
        "incometaxexpensebenefit": -100000,
        "incomelossfromcontinuingoperations": 231700000,
        "incomelossfromdiscontinuedoperationsnetoftax": -800000,
        "netincomeloss": -200000,
        "incomelossfromcontinuingoperationsperbasicshare": 1.78,
        "incomelossfromdiscontinuedoperationsnetoftaxperbasicshare": -0.01,
        "earningspersharebasic": 1.77,
        "incomelossfromcontinuingoperationsperdilutedshare": 1.76,
        "incomelossfromdiscontinuedoperationsnetoftaxperdilutedshare": -0.01,
        "earningspersharediluted": 1.75,
        "weightedaveragenumberofsharesoutstandingbasic": 130300000.00000001,
        "weightedaveragenumberofdilutedsharesoutstanding": 131699999.99999999,
        "discontinuedoperationtaxeffectofdiscontinuedoperation": -500000,
        "othercomprehensiveincomeforeigncurrencytransactionandtranslationadjustmentnetoftaxportionattributabletoparent": -400000,
        "othercomprehensiveincomelossunrecognizedgainlossonderivativesnetoftaxportionattributabletoparent": 1800000,
        "othercomprehensiveincomedefinedbenefitplansnetunamortizedgainlossarisingduringperiodnetoftax": 200000,
        "othercomprehensiveincomelossnetoftaxportionattributabletoparent": 1600000,
        "comprehensiveincomenetoftax": 232500000,
        "othercomprehensiveincomedefinedbenefitplansnetunamortizedgainlossarisingduringperiodtax": 100000
    },
    {
        "date": "2021-05-29",
        "symbol": "DRI",
        "period": "Q4",
        "revenuefromcontractwithcustomerexcludingassessedtax": 6302900000,
        "costofgoodsandservicessold": 2071000000,
        "costdirectlabor": 690700000,
        "marketingexpense": 24300000,
        "generalandadministrativeexpense": 394600000,
        "depreciationdepletionandamortization": 340800000,
        "costsandexpenses": 1955800000,
        "operatingincomeloss": 323400000,
        "interestincomeexpensenonoperatingnet": -17100000,
        "othernonoperatingincomeexpense": -300000,
        "incomelossfromcontinuingoperationsbeforeincometaxesminorityinterestandincomelossfromequitymethodinvestments": 578200000,
        "incometaxexpensebenefit": -55500000,
        "incomelossfromcontinuingoperations": 369000000,
        "incomelossfromdiscontinuedoperationsnetoftax": -500000,
        "netincomeloss": 630600000,
        "incomelossfromcontinuingoperationsperbasicshare": 2.829999999999999,
        "earningspersharebasic": 2.83,
        "incomelossfromcontinuingoperationsperdilutedshare": 2.8,
        "earningspersharediluted": 2.79,
        "weightedaveragenumberofsharesoutstandingbasic": 99999.9999999851,
        "weightedaveragenumberofdilutedsharesoutstanding": 300000,
        "discontinuedoperationtaxeffectofdiscontinuedoperation": -800000,
        "othercomprehensiveincomelossunrecognizedgainlossonderivativesnetoftaxportionattributabletoparent": -100000.00000000186,
        "othercomprehensiveincomedefinedbenefitplansnetunamortizedgainlossarisingduringperiodnetoftax": 3300000,
        "othercomprehensiveincomelossnetoftaxportionattributabletoparent": 3500000,
        "comprehensiveincomenetoftax": 372000000,
        "othercomprehensiveincomelossunrecognizedgainlossonderivativestaxportionattributabletoparent": -100000,
        "othercomprehensiveincomedefinedbenefitplansnetunamortizedgainlossarisingduringperiodtax": 1100000
    },
    {
        "date": "2021-02-27",
        "symbol": "DRI",
        "period": "Q3",
        "revenuefromcontractwithcustomerexcludingassessedtax": 302300000,
        "costofgoodsandservicessold": 200000,
        "costdirectlabor": 559400000,
        "marketingexpense": 19200000,
        "generalandadministrativeexpense": 600000,
        "depreciationdepletionandamortization": 3900000,
        "costsandexpenses": 1585000000,
        "operatingincomeloss": 148000000,
        "interestincomeexpensenonoperatingnet": -15199999.999999998,
        "othernonoperatingincomeexpense": -500000,
        "incomelossfromcontinuingoperationsbeforeincometaxesminorityinterestandincomelossfromequitymethodinvestments": -600000,
        "incometaxexpensebenefit": -100000,
        "incomelossfromcontinuingoperations": 129200000,
        "incomelossfromdiscontinuedoperationsnetoftax": -500000,
        "netincomeloss": -500000,
        "incomelossfromcontinuingoperationsperbasicshare": 0.99,
        "earningspersharebasic": 0.98,
        "incomelossfromcontinuingoperationsperdilutedshare": 0.98,
        "earningspersharediluted": 0.97,
        "weightedaveragenumberofsharesoutstandingbasic": 200000.0000000149,
        "weightedaveragenumberofdilutedsharesoutstanding": 300000.0000000149,
        "discontinuedoperationtaxeffectofdiscontinuedoperation": -800000,
        "othercomprehensiveincomelossunrecognizedgainlossonderivativesnetoftaxportionattributabletoparent": 7100000.000000002,
        "othercomprehensiveincomedefinedbenefitplansnetunamortizedgainlossarisingduringperiodnetoftax": 500000,
        "othercomprehensiveincomelossnetoftaxportionattributabletoparent": 7800000,
        "comprehensiveincomenetoftax": 136500000,
        "othercomprehensiveincomelossunrecognizedgainlossonderivativestaxportionattributabletoparent": 200000,
        "othercomprehensiveincomedefinedbenefitplansnetunamortizedgainlossarisingduringperiodtax": 100000
    },
    {
        "date": "2020-11-28",
        "symbol": "DRI",
        "period": "Q2",
        "revenuefromcontractwithcustomerexcludingassessedtax": 311600000,
        "costofgoodsandservicessold": 400000,
        "costdirectlabor": 535500000,
        "marketingexpense": 18800000,
        "generalandadministrativeexpense": 500000,
        "depreciationdepletionandamortization": 3200000,
        "costsandexpenses": 1535800000,
        "operatingincomeloss": 120700000,
        "interestincomeexpensenonoperatingnet": -14599999.999999998,
        "othernonoperatingincomeexpense": -400000,
        "incomelossfromcontinuingoperationsbeforeincometaxesminorityinterestandincomelossfromequitymethodinvestments": -600000,
        "incometaxexpensebenefit": -200000,
        "incomelossfromcontinuingoperations": 96899999.99999999,
        "incomelossfromdiscontinuedoperationsnetoftax": -900000,
        "netincomeloss": -400000,
        "incomelossfromcontinuingoperationsperbasicshare": 0.74,
        "incomelossfromdiscontinuedoperationsnetoftaxperbasicshare": 0,
        "earningspersharebasic": 0.74,
        "incomelossfromcontinuingoperationsperdilutedshare": 0.74,
        "earningspersharediluted": 0.73,
        "weightedaveragenumberofsharesoutstandingbasic": 100000,
        "weightedaveragenumberofdilutedsharesoutstanding": 299999.9999999851,
        "discontinuedoperationtaxeffectofdiscontinuedoperation": -700000,
        "othercomprehensiveincomeforeigncurrencytransactionandtranslationadjustmentnetoftaxportionattributabletoparent": 0,
        "othercomprehensiveincomelossunrecognizedgainlossonderivativesnetoftaxportionattributabletoparent": 5000000,
        "othercomprehensiveincomedefinedbenefitplansnetunamortizedgainlossarisingduringperiodnetoftax": 400000,
        "othercomprehensiveincomelossnetoftaxportionattributabletoparent": 5400000,
        "comprehensiveincomenetoftax": 101400000,
        "othercomprehensiveincomelossunrecognizedgainlossonderivativestaxportionattributabletoparent": -100000,
        "othercomprehensiveincomedefinedbenefitplansnetunamortizedgainlossarisingduringperiodtax": 200000
    },
    {
        "date": "2020-08-29",
        "symbol": "DRI",
        "period": "Q1",
        "netincomeloss": -400000,
        "othercomprehensiveincomeforeigncurrencytransactionandtranslationadjustmentnetoftaxportionattributabletoparent": 200000,
        "othercomprehensiveincomelossunrecognizedgainlossonderivativesnetoftaxportionattributabletoparent": 4500000,
        "othercomprehensiveincomedefinedbenefitplansnetunamortizedgainlossarisingduringperiodnetoftax": 400000,
        "othercomprehensiveincomelossnetoftaxportionattributabletoparent": 5100000,
        "comprehensiveincomenetoftax": 41200000,
        "othercomprehensiveincomelossunrecognizedgainlossonderivativestaxportionattributabletoparent": 400000,
        "othercomprehensiveincomedefinedbenefitplansnetunamortizedgainlossarisingduringperiodtax": 100000,
        "revenuefromcontractwithcustomerexcludingassessedtax": 279300000,
        "costofgoodsandservicessold": 500000,
        "costdirectlabor": 500700000,
        "marketingexpense": 28800000,
        "generalandadministrativeexpense": 500000,
        "depreciationdepletionandamortization": 3000000,
        "costsandexpenses": 1470800000,
        "operatingincomeloss": 56600000,
        "interestincomeexpensenonoperatingnet": -16600000.000000002,
        "othernonoperatingincomeexpense": -7500000,
        "incomelossfromcontinuingoperationsbeforeincometaxesminorityinterestandincomelossfromequitymethodinvestments": -500000,
        "incometaxexpensebenefit": -100000,
        "incomelossfromcontinuingoperations": 37300000,
        "incomelossfromdiscontinuedoperationsnetoftax": -1200000,
        "incomelossfromcontinuingoperationsperbasicshare": 0.29,
        "incomelossfromdiscontinuedoperationsnetoftaxperbasicshare": -0.01,
        "earningspersharebasic": 0.28,
        "incomelossfromcontinuingoperationsperdilutedshare": 0.28,
        "earningspersharediluted": 0.28,
        "weightedaveragenumberofsharesoutstandingbasic": 130000000,
        "weightedaveragenumberofdilutedsharesoutstanding": 130900000,
        "discontinuedoperationtaxeffectofdiscontinuedoperation": -900000
    },
    {
        "date": "2020-05-30",
        "symbol": "DRI",
        "period": "Q4",
        "netincomeloss": 57500000,
        "othercomprehensiveincomedefinedbenefitplansnetunamortizedgainlossarisingduringperiodnetoftax": -4500000,
        "othercomprehensiveincomelossnetoftaxportionattributabletoparent": -17200000,
        "comprehensiveincomenetoftax": -497200000,
        "revenuefromcontractwithcustomerexcludingassessedtax": 6440700000,
        "costofgoodsandservicessold": 2240700000,
        "costdirectlabor": 532700000,
        "marketingexpense": 31400000,
        "generalandadministrativeexpense": 378800000,
        "depreciationdepletionandamortization": 349800000,
        "gainlossonsalesofassetsandassetimpairmentcharges": -224900000,
        "costsandexpenses": 1862200000,
        "operatingincomeloss": -592100000,
        "interestincomeexpensenonoperatingnet": -19900000,
        "incomelossfromcontinuingoperationsbeforeincometaxesminorityinterestandincomelossfromequitymethodinvestments": -14500000,
        "incometaxexpensebenefit": -75200000,
        "incomelossfromcontinuingoperations": -479700000,
        "incomelossfromdiscontinuedoperationsnetoftax": -300000,
        "incomelossfromcontinuingoperationsperbasicshare": -3.9299999999999997,
        "incomelossfromdiscontinuedoperationsnetoftaxperbasicshare": -3.469446951953614e-18,
        "earningspersharebasic": -3.9299999999999997,
        "incomelossfromcontinuingoperationsperdilutedshare": -3.88,
        "earningspersharediluted": -3.89,
        "weightedaveragenumberofsharesoutstandingbasic": 600000,
        "weightedaveragenumberofdilutedsharesoutstanding": -1000000,
        "discontinuedoperationtaxeffectofdiscontinuedoperation": -2500000
    },
    {
        "date": "2020-02-22",
        "symbol": "DRI",
        "period": "Q3",
        "netincomeloss": 600000,
        "othercomprehensiveincomedefinedbenefitplansnetunamortizedgainlossarisingduringperiodnetoftax": -600000,
        "othercomprehensiveincomelossnetoftaxportionattributabletoparent": 100000,
        "comprehensiveincomenetoftax": 232400000,
        "revenuefromcontractwithcustomerexcludingassessedtax": 478100000,
        "costofgoodsandservicessold": -400000,
        "costdirectlabor": 753800000,
        "marketingexpense": 71600000,
        "generalandadministrativeexpense": -800000,
        "depreciationdepletionandamortization": 2600000,
        "gainlossonsalesofassetsandassetimpairmentcharges": 1000000,
        "costsandexpenses": 2068200000,
        "operatingincomeloss": 278300000,
        "interestincomeexpensenonoperatingnet": -13200000,
        "incomelossfromcontinuingoperationsbeforeincometaxesminorityinterestandincomelossfromequitymethodinvestments": 700000,
        "incometaxexpensebenefit": 200000,
        "incomelossfromcontinuingoperations": 233300000,
        "incomelossfromdiscontinuedoperationsnetoftax": -1000000,
        "incomelossfromcontinuingoperationsperbasicshare": 1.92,
        "incomelossfromdiscontinuedoperationsnetoftaxperbasicshare": -0.009999999999999997,
        "earningspersharebasic": 1.91,
        "incomelossfromcontinuingoperationsperdilutedshare": 1.8900000000000001,
        "incomelossfromdiscontinuedoperationsnetoftaxperdilutedshare": 0,
        "earningspersharediluted": 1.8899999999999997,
        "weightedaveragenumberofsharesoutstandingbasic": -123000000,
        "weightedaveragenumberofdilutedsharesoutstanding": -124600000,
        "discontinuedoperationtaxeffectofdiscontinuedoperation": 2100000
    },
    {
        "date": "2019-11-23",
        "symbol": "DRI",
        "period": "Q2",
        "netincomeloss": -110400000,
        "othercomprehensiveincomeforeigncurrencytransactionandtranslationadjustmentnetoftaxportionattributabletoparent": 5500000,
        "othercomprehensiveincomelossunrecognizedgainlossonderivativesnetoftaxportionattributabletoparent": -2700000,
        "othercomprehensiveincomedefinedbenefitplansnetunamortizedgainlossarisingduringperiodnetoftax": 97700000,
        "othercomprehensiveincomelossnetoftaxportionattributabletoparent": 100500000,
        "comprehensiveincomenetoftax": 125200000,
        "othercomprehensiveincomelossunrecognizedgainlossonderivativestaxportionattributabletoparent": 100000,
        "othercomprehensiveincomedefinedbenefitplansnetunamortizedgainlossarisingduringperiodtax": 32500000,
        "revenuefromcontractwithcustomerexcludingassessedtax": 430700000,
        "costofgoodsandservicessold": 100000,
        "costdirectlabor": 692300000,
        "marketingexpense": 66300000,
        "generalandadministrativeexpense": -800000,
        "depreciationdepletionandamortization": 2000000,
        "gainlossonsalesofassetsandassetimpairmentcharges": 1500000,
        "costsandexpenses": 1896200000,
        "operatingincomeloss": 160200000,
        "interestincomeexpensenonoperatingnet": -13100000,
        "othernonoperatingincomeexpense": -153300000,
        "incomelossfromcontinuingoperationsbeforeincometaxesminorityinterestandincomelossfromequitymethodinvestments": -147100000,
        "incometaxexpensebenefit": -36700000,
        "incomelossfromcontinuingoperations": 25400000,
        "incomelossfromdiscontinuedoperationsnetoftax": -700000,
        "incomelossfromcontinuingoperationsperbasicshare": 0.21,
        "incomelossfromdiscontinuedoperationsnetoftaxperbasicshare": -0.01,
        "earningspersharebasic": 0.2,
        "incomelossfromcontinuingoperationsperdilutedshare": 0.21,
        "incomelossfromdiscontinuedoperationsnetoftaxperdilutedshare": -0.01,
        "earningspersharediluted": 0.2,
        "weightedaveragenumberofsharesoutstandingbasic": 122200000,
        "weightedaveragenumberofdilutedsharesoutstanding": 123700000,
        "discontinuedoperationtaxeffectofdiscontinuedoperation": -700000
    },
    {
        "date": "2019-08-24",
        "symbol": "DRI",
        "period": "Q1",
        "netincomeloss": -100000,
        "derivativegainlossonderivativenet": -2900000,
        "othercomprehensiveincomedefinedbenefitplansnetunamortizedgainlossarisingduringperiodnetoftax": 100000,
        "othercomprehensiveincomelossnetoftaxportionattributabletoparent": -2800000,
        "comprehensiveincomenetoftax": 167800000,
        "changeinunrealizedgainlossonhedgediteminfairvaluehedge1": -200000,
        "revenuefromcontractwithcustomerexcludingassessedtax": 457400000,
        "costofgoodsandservicessold": 400000,
        "costdirectlabor": 703800000,
        "marketingexpense": 68700000,
        "generalandadministrativeexpense": -800000,
        "depreciationdepletionandamortization": 1500000,
        "gainlossonsalesofassetsandassetimpairmentcharges": 1400000,
        "costsandexpenses": 1932400000,
        "operatingincomeloss": 201500000,
        "interestincomeexpensenonoperatingnet": -11100000,
        "incomelossfromcontinuingoperationsbeforeincometaxesminorityinterestandincomelossfromequitymethodinvestments": -100000,
        "incometaxexpensebenefit": -100000,
        "incomelossfromcontinuingoperations": 171800000,
        "incomelossfromdiscontinuedoperationsnetoftax": -1200000,
        "incomelossfromcontinuingoperationsperbasicshare": 1.4,
        "incomelossfromdiscontinuedoperationsnetoftaxperbasicshare": -0.01,
        "earningspersharebasic": 1.39,
        "incomelossfromcontinuingoperationsperdilutedshare": 1.38,
        "incomelossfromdiscontinuedoperationsnetoftaxperdilutedshare": -0.01,
        "earningspersharediluted": 1.37,
        "weightedaveragenumberofsharesoutstandingbasic": 122900000,
        "weightedaveragenumberofdilutedsharesoutstanding": 124600000,
        "discontinuedoperationtaxeffectofdiscontinuedoperation": 200000
    },
    {
        "date": "2019-05-25",
        "symbol": "DRI",
        "period": "Q4",
        "netincomeloss": 208000000,
        "othercomprehensiveincomedefinedbenefitplansnetunamortizedgainlossarisingduringperiodnetoftax": -18700000,
        "revenuefromcontractwithcustomerexcludingassessedtax": 7186700000,
        "costofgoodsandservicessold": 2412900000,
        "costdirectlabor": 718000000,
        "marketingexpense": 68400000,
        "generalandadministrativeexpense": 403100000,
        "depreciationdepletionandamortization": 267300000,
        "costsandexpenses": 1999300000,
        "operatingincomeloss": 229800000,
        "interestincomeexpensenonoperatingnet": -11900000,
        "incomelossfromcontinuingoperationsbeforeincometaxesminorityinterestandincomelossfromequitymethodinvestments": 776600000,
        "incometaxexpensebenefit": 63500000,
        "incomelossfromcontinuingoperations": 208700000,
        "incomelossfromdiscontinuedoperationsnetoftax": -700000,
        "incomelossfromcontinuingoperationsperbasicshare": 1.6900000000000006,
        "incomelossfromdiscontinuedoperationsnetoftaxperbasicshare": 0.009999999999999998,
        "earningspersharebasic": 1.7,
        "incomelossfromcontinuingoperationsperdilutedshare": 1.6700000000000006,
        "earningspersharediluted": 1.6600000000000004,
        "weightedaveragenumberofsharesoutstandingbasic": -123700000,
        "discontinuedoperationtaxeffectofdiscontinuedoperation": -600000
    },
    {
        "date": "2019-02-23",
        "symbol": "DRI",
        "period": "Q3",
        "netincomeloss": 223600000,
        "othercomprehensiveincomeforeigncurrencytransactionandtranslationadjustmentnetoftaxportionattributabletoparent": -300000,
        "othercomprehensiveincomederivativesqualifyingashedgesnetoftaxportionattributabletoparent": -1900000,
        "othercomprehensiveincomedefinedbenefitplansnetunamortizedgainlossarisingduringperiodnetoftax": -100000,
        "othercomprehensiveincomelossnetoftaxportionattributabletoparent": -2300000,
        "comprehensiveincomenetoftax": 221300000,
        "othercomprehensiveincomederivativesqualifyingashedgestaxportionattributabletoparent": -100000,
        "revenuefromcontractwithcustomerexcludingassessedtax": 458600000,
        "costofgoodsandservicessold": -500000,
        "costdirectlabor": 711400000,
        "marketingexpense": 62400000,
        "generalandadministrativeexpense": 700000,
        "depreciationdepletionandamortization": 24100000,
        "gainlossonsalesofassetsandassetimpairmentcharges": -2200000,
        "costsandexpenses": 1981000000,
        "operatingincomeloss": 265500000,
        "interestincomeexpensenonoperatingnet": -12400000,
        "incomelossfromcontinuingoperationsbeforeincometaxesminorityinterestandincomelossfromequitymethodinvestments": 500000,
        "incometaxexpensebenefit": 100000,
        "incomelossfromcontinuingoperations": 225100000,
        "incomelossfromdiscontinuedoperationsnetoftax": -1500000,
        "incomelossfromcontinuingoperationsperbasicshare": 1.83,
        "incomelossfromdiscontinuedoperationsnetoftaxperbasicshare": -0.02,
        "earningspersharebasic": 1.81,
        "incomelossfromcontinuingoperationsperdilutedshare": 1.8,
        "incomelossfromdiscontinuedoperationsnetoftaxperdilutedshare": -0.01,
        "earningspersharediluted": 1.79,
        "weightedaveragenumberofsharesoutstandingbasic": 123300000,
        "weightedaveragenumberofdilutedsharesoutstanding": 125000000,
        "discontinuedoperationtaxeffectofdiscontinuedoperation": -800000
    },
    {
        "date": "2018-11-24",
        "symbol": "DRI",
        "period": "Q2",
        "netincomeloss": 115600000,
        "othercomprehensiveincomelossforeigncurrencytransactionandtranslationadjustmentnetoftax": 200000,
        "othercomprehensiveincomelossderivativesqualifyingashedgesnetoftax": -2300000,
        "othercomprehensiveincomedefinedbenefitplansnetunamortizedgainlossarisingduringperiodnetoftax": -200000,
        "othercomprehensiveincomelossnetoftax": -2300000,
        "comprehensiveincomenetoftaxincludingportionattributabletononcontrollinginterest": 113300000,
        "revenuefromcontractwithcustomerexcludingassessedtax": -1196300000,
        "costofgoodsandservicessold": 300000,
        "costdirectlabor": 662400000,
        "marketingexpense": 58000000,
        "generalandadministrativeexpense": 900000,
        "depreciationdepletionandamortization": -35400000,
        "gainlossonsalesofassetsandassetimpairmentcharges": -2400000,
        "costsandexpenses": 1825300000,
        "operatingincomeloss": 148100000,
        "interestincomeexpensenonoperatingnet": -12800000,
        "incomelossfromcontinuingoperationsbeforeincometaxesminorityinterestandincomelossfromequitymethodinvestments": 100000,
        "incometaxexpensebenefit": -7000000,
        "incomelossfromcontinuingoperations": 115900000,
        "incomelossfromdiscontinuedoperationsnetoftax": -300000,
        "incomelossfromcontinuingoperationsperbasicshare": 0.9399999999999997,
        "incomelossfromdiscontinuedoperationsnetoftaxperbasicshare": -0.009999999999999998,
        "earningspersharebasic": 0.9299999999999999,
        "incomelossfromcontinuingoperationsperdilutedshare": 0.9199999999999997,
        "incomelossfromdiscontinuedoperationsnetoftaxperdilutedshare": 0,
        "earningspersharediluted": 0.9200000000000002,
        "weightedaveragenumberofsharesoutstandingbasic": 100000,
        "weightedaveragenumberofdilutedsharesoutstanding": 0,
        "discontinuedoperationtaxeffectofdiscontinuedoperation": 700000
    },
    {
        "date": "2018-08-25",
        "symbol": "DRI",
        "period": "Q1",
        "netincomeloss": 166200000,
        "othercomprehensiveincomelossforeigncurrencytransactionandtranslationadjustmentnetoftax": 400000,
        "othercomprehensiveincomelossderivativesqualifyingashedgesnetoftax": 8600000,
        "othercomprehensiveincomedefinedbenefitplansnetunamortizedgainlossarisingduringperiodnetoftax": -200000,
        "othercomprehensiveincomelossnetoftax": 8800000,
        "comprehensiveincomenetoftaxincludingportionattributabletononcontrollinginterest": 175000000,
        "revenuefromcontractwithcustomerexcludingassessedtax": 2061400000,
        "costofgoodsandservicessold": -200000,
        "costdirectlabor": 679300000,
        "marketingexpense": 66500000,
        "generalandadministrativeexpense": 800000,
        "depreciationdepletionandamortization": 80700000,
        "gainlossonsalesofassetsandassetimpairmentcharges": -100000,
        "costsandexpenses": 1872300000,
        "operatingincomeloss": 189100000,
        "interestincomeexpensenonoperatingnet": -13100000,
        "incomelossfromcontinuingoperationsbeforeincometaxesminorityinterestandincomelossfromequitymethodinvestments": 5100000,
        "incometaxexpensebenefit": 7100000,
        "incomelossfromcontinuingoperations": 168900000,
        "incomelossfromdiscontinuedoperationsnetoftax": -2700000,
        "incomelossfromcontinuingoperationsperbasicshare": 1.36,
        "incomelossfromdiscontinuedoperationsnetoftaxperbasicshare": -0.02,
        "earningspersharebasic": 1.34,
        "incomelossfromcontinuingoperationsperdilutedshare": 1.34,
        "incomelossfromdiscontinuedoperationsnetoftaxperdilutedshare": -0.02,
        "earningspersharediluted": 1.32,
        "weightedaveragenumberofsharesoutstandingbasic": 123800000,
        "weightedaveragenumberofdilutedsharesoutstanding": 125800000,
        "discontinuedoperationtaxeffectofdiscontinuedoperation": -1100000
    },
    {
        "date": "2018-05-26",
        "symbol": "DRI",
        "period": "Q4",
        "netincomeloss": 174500000,
        "othercomprehensiveincomelossforeigncurrencytransactionandtranslationadjustmentnetoftax": 200000,
        "othercomprehensiveincomelossderivativesqualifyingashedgesnetoftax": -3800000,
        "othercomprehensiveincomelossnetoftax": -4800000,
        "comprehensiveincomenetoftaxincludingportionattributabletononcontrollinginterest": 169700000,
        "marketingexpense": 69300000,
        "generalandadministrativeexpense": 102800000,
        "depreciationdepletionandamortization": 226700000,
        "costsandexpenses": 1904100000,
        "operatingincomeloss": 230000000,
        "interestincomeexpensenonoperatingnet": 147800000,
        "incometaxexpensebenefit": 41400000,
        "incomelossfromdiscontinuedoperationsnetoftax": -900000,
        "incomelossfromcontinuingoperationsperbasicshare": 1.4199999999999997,
        "incomelossfromdiscontinuedoperationsnetoftaxperbasicshare": 0,
        "earningspersharebasic": 1.4199999999999997,
        "incomelossfromcontinuingoperationsperdilutedshare": 1.39,
        "incomelossfromdiscontinuedoperationsnetoftaxperdilutedshare": 0,
        "earningspersharediluted": 1.3900000000000006,
        "weightedaveragenumberofsharesoutstandingbasic": -200000,
        "weightedaveragenumberofdilutedsharesoutstanding": -100000,
        "commonstockdividendspersharedeclared": 0.6300000000000002,
        "discontinuedoperationtaxeffectofdiscontinuedoperation": -800000
    },
    {
        "date": "2018-02-24",
        "symbol": "DRI",
        "period": "Q3",
        "netincomeloss": 217800000,
        "othercomprehensiveincomelossforeigncurrencytransactionandtranslationadjustmentnetoftax": -400000,
        "othercomprehensiveincomelossderivativesqualifyingashedgesnetoftax": 3600000,
        "othercomprehensiveincomelossnetoftax": -12200000,
        "comprehensiveincomenetoftaxincludingportionattributabletononcontrollinginterest": 205600000,
        "salesrevenuenet": 438000000,
        "foodandbeveragecostofsales": 603300000,
        "costofgoodssolddirectlabor": 683000000,
        "othercostofservices": 360800000,
        "marketingexpense": 58900000,
        "generalandadministrativeexpense": 110100000,
        "depreciationdepletionandamortization": 21200000,
        "costsandexpenses": 1895000000,
        "operatingincomeloss": 233400000,
        "interestincomeexpensenonoperatingnet": -117400000,
        "incometaxexpensebenefit": -102500000,
        "incomelossfromdiscontinuedoperationsnetoftax": -700000,
        "incomelossfromcontinuingoperationsperbasicshare": 1.7600000000000005,
        "incomelossfromdiscontinuedoperationsnetoftaxperbasicshare": -0.009999999999999995,
        "earningspersharebasic": 1.7500000000000002,
        "incomelossfromcontinuingoperationsperdilutedshare": 1.74,
        "incomelossfromdiscontinuedoperationsnetoftaxperdilutedshare": -0.009999999999999995,
        "earningspersharediluted": 1.7299999999999995,
        "weightedaveragenumberofsharesoutstandingbasic": -200000,
        "weightedaveragenumberofdilutedsharesoutstanding": -300000,
        "commonstockdividendspersharedeclared": 0.6299999999999998,
        "discontinuedoperationtaxeffectofdiscontinuedoperation": -500000
    },
    {
        "date": "2017-11-25",
        "symbol": "DRI",
        "period": "Q2",
        "netincomeloss": 84700000,
        "othercomprehensiveincomelossforeigncurrencytransactionandtranslationadjustmentnetoftax": -200000,
        "othercomprehensiveincomelossderivativesqualifyingashedgesnetoftax": -1800000,
        "othercomprehensiveincomedefinedbenefitplansnetunamortizedgainlossarisingduringperiodnetoftax": 0,
        "othercomprehensiveincomelossnetoftax": -2100000,
        "comprehensiveincomenetoftaxincludingportionattributabletononcontrollinginterest": 82600000,
        "salesrevenuenet": 401800000,
        "foodandbeveragecostofsales": 542900000,
        "costofgoodssolddirectlabor": 622400000,
        "othercostofservices": 351500000,
        "marketingexpense": 58100000,
        "generalandadministrativeexpense": 98900000,
        "depreciationdepletionandamortization": 21100000,
        "gainlossonsalesofassetsandassetimpairmentcharges": 0,
        "costsandexpenses": 1752600000,
        "operatingincomeloss": 128900000,
        "interestincomeexpensenonoperatingnet": -15500000,
        "incomelossfromcontinuingoperationsbeforeincometaxesminorityinterestandincomelossfromequitymethodinvestments": 0,
        "incometaxexpensebenefit": 24800000,
        "incomelossfromcontinuingoperations": 0,
        "incomelossfromdiscontinuedoperationsnetoftax": -3900000,
        "incomelossfromcontinuingoperationsperbasicshare": 0.72,
        "incomelossfromdiscontinuedoperationsnetoftaxperbasicshare": -0.030000000000000002,
        "earningspersharebasic": 0.69,
        "incomelossfromcontinuingoperationsperdilutedshare": 0.71,
        "incomelossfromdiscontinuedoperationsnetoftaxperdilutedshare": -0.030000000000000002,
        "earningspersharediluted": 0.68,
        "weightedaveragenumberofsharesoutstandingbasic": -800000,
        "weightedaveragenumberofdilutedsharesoutstanding": -900000,
        "commonstockdividendspersharedeclared": 0.63,
        "discontinuedoperationtaxeffectofdiscontinuedoperation": -2500000
    },
    {
        "date": "2017-08-26",
        "symbol": "DRI",
        "period": "Q1",
        "netincomeloss": 119000000,
        "othercomprehensiveincomelossforeigncurrencytransactionandtranslationadjustmentnetoftax": -500000,
        "othercomprehensiveincomelossderivativesqualifyingashedgesnetoftax": -2600000,
        "othercomprehensiveincomedefinedbenefitplansnetunamortizedgainlossarisingduringperiodnetoftax": -100000,
        "othercomprehensiveincomelossnetoftax": -3200000,
        "comprehensiveincomenetoftaxincludingportionattributabletononcontrollinginterest": 115800000,
        "salesrevenuenet": 419500000,
        "foodandbeveragecostofsales": 555200000,
        "costofgoodssolddirectlabor": 624200000,
        "othercostofservices": 342900000,
        "marketingexpense": 66000000,
        "generalandadministrativeexpense": 98000000,
        "depreciationdepletionandamortization": 19800000,
        "gainlossonsalesofassetsandassetimpairmentcharges": 800000,
        "costsandexpenses": 1761600000,
        "operatingincomeloss": 174500000,
        "interestincomeexpensenonoperatingnet": -15000000,
        "incomelossfromcontinuingoperationsbeforeincometaxesminorityinterestandincomelossfromequitymethodinvestments": -200000,
        "incometaxexpensebenefit": 38200000,
        "incomelossfromcontinuingoperations": -200000,
        "incomelossfromdiscontinuedoperationsnetoftax": -2300000,
        "incomelossfromcontinuingoperationsperbasicshare": 0.97,
        "incomelossfromdiscontinuedoperationsnetoftaxperbasicshare": -0.02,
        "earningspersharebasic": 0.95,
        "incomelossfromcontinuingoperationsperdilutedshare": 0.95,
        "incomelossfromdiscontinuedoperationsnetoftaxperdilutedshare": -0.02,
        "earningspersharediluted": 0.93,
        "weightedaveragenumberofsharesoutstandingbasic": 125200000,
        "weightedaveragenumberofdilutedsharesoutstanding": 127300000,
        "commonstockdividendspersharedeclared": 0.63,
        "discontinuedoperationtaxeffectofdiscontinuedoperation": -1000000
    },
    {
        "date": "2017-05-27",
        "symbol": "DRI",
        "period": "Q4",
        "netincomeloss": 123800000,
        "othercomprehensiveincomelossderivativesqualifyingashedgesnetoftax": 2200000,
        "othercomprehensiveincomedefinedbenefitplansnetunamortizedgainlossarisingduringperiodnetoftax": 18900000,
        "othercomprehensiveincomelossnetoftax": 21100000,
        "comprehensiveincomenetoftaxincludingportionattributabletononcontrollinginterest": 144900000,
        "salesrevenuenet": 331700000,
        "foodandbeveragecostofsales": 557500000,
        "costofgoodssolddirectlabor": 603100000,
        "othercostofservices": 335800000,
        "marketingexpense": 64300000,
        "generalandadministrativeexpense": 133300000,
        "depreciationdepletionandamortization": 213700000,
        "costsandexpenses": 1764400000,
        "operatingincomeloss": 170200000,
        "interestincomeexpensenonoperatingnet": -11500000,
        "incometaxexpensebenefit": 33300000,
        "incomelossfromcontinuingoperations": 125400000,
        "incomelossfromdiscontinuedoperationsnetoftax": -1600000,
        "incomelossfromcontinuingoperationsperbasicshare": 1,
        "earningspersharebasic": 0.9900000000000001,
        "incomelossfromcontinuingoperationsperdilutedshare": 0.9900000000000001,
        "earningspersharediluted": 0.9800000000000001,
        "weightedaveragenumberofsharesoutstandingbasic": 200000,
        "commonstockdividendspersharedeclared": 0.5600000000000003,
        "discontinuedoperationtaxeffectofdiscontinuedoperation": -2000000
    },
    {
        "date": "2017-02-25",
        "symbol": "DRI",
        "period": "Q3",
        "netincomeloss": 165600000,
        "othercomprehensiveincomelossderivativesqualifyingashedgesnetoftax": -700000,
        "othercomprehensiveincomedefinedbenefitplansnetunamortizedgainlossarisingduringperiodnetoftax": 100000,
        "othercomprehensiveincomelossnetoftax": -700000,
        "comprehensiveincomenetoftaxincludingportionattributabletononcontrollinginterest": 164900000,
        "othercomprehensiveincomedefinedbenefitplansnetunamortizedgainlossarisingduringperiodtax": 100000,
        "salesrevenuenet": 255500000,
        "foodandbeveragecostofsales": 541500000,
        "costofgoodssolddirectlabor": 578300000,
        "othercostofservices": 320400000,
        "marketingexpense": 54600000,
        "generalandadministrativeexpense": 87200000,
        "depreciationdepletionandamortization": 13100000,
        "gainlossonsalesofassetsandassetimpairmentcharges": 0,
        "costsandexpenses": 1649200000,
        "operatingincomeloss": 229500000,
        "interestincomeexpensenonoperatingnet": -9300000,
        "incomelossfromcontinuingoperationsbeforeincometaxesminorityinterestandincomelossfromequitymethodinvestments": 0,
        "incometaxexpensebenefit": 53900000,
        "incomelossfromcontinuingoperations": 166300000,
        "incomelossfromdiscontinuedoperationsnetoftax": -700000,
        "incomelossfromcontinuingoperationsperbasicshare": 1.3399999999999999,
        "earningspersharebasic": 1.33,
        "incomelossfromcontinuingoperationsperdilutedshare": 1.3199999999999998,
        "earningspersharediluted": 1.3099999999999996,
        "weightedaveragenumberofsharesoutstandingbasic": 100000,
        "weightedaveragenumberofdilutedsharesoutstanding": 0,
        "commonstockdividendspersharedeclared": 0.5599999999999998,
        "discontinuedoperationtaxeffectofdiscontinuedoperation": -900000
    },
    {
        "date": "2016-11-26",
        "symbol": "DRI",
        "period": "Q2",
        "netincomeloss": 79500000,
        "othercomprehensiveincomelossderivativesqualifyingashedgesnetoftax": 5300000,
        "othercomprehensiveincomedefinedbenefitplansnetunamortizedgainlossarisingduringperiodnetoftax": 200000,
        "othercomprehensiveincomelossnetoftax": 6100000,
        "comprehensiveincomenetoftaxincludingportionattributabletononcontrollinginterest": 85600000,
        "othercomprehensiveincomedefinedbenefitplansnetunamortizedgainlossarisingduringperiodtax": 100000,
        "salesrevenuenet": -1227800000,
        "foodandbeveragecostofsales": 478100000,
        "costofgoodssolddirectlabor": 538100000,
        "othercostofservices": 305300000,
        "marketingexpense": 57100000,
        "generalandadministrativeexpense": 79500000,
        "depreciationdepletionandamortization": -40300000,
        "gainlossonsalesofassetsandassetimpairmentcharges": -1700000,
        "costsandexpenses": 1526000000,
        "operatingincomeloss": 116500000,
        "interestincomeexpensenonoperatingnet": -9500000,
        "incomelossfromcontinuingoperationsbeforeincometaxesminorityinterestandincomelossfromequitymethodinvestments": -152800000,
        "incometaxexpensebenefit": 27300000,
        "incomelossfromcontinuingoperations": 79700000,
        "incomelossfromdiscontinuedoperationsnetoftax": -200000,
        "incomelossfromcontinuingoperationsperbasicshare": 0.65,
        "incomelossfromdiscontinuedoperationsnetoftaxperbasicshare": 0,
        "earningspersharebasic": 0.65,
        "incomelossfromcontinuingoperationsperdilutedshare": 0.64,
        "incomelossfromdiscontinuedoperationsnetoftaxperdilutedshare": 0,
        "earningspersharediluted": 0.64,
        "weightedaveragenumberofsharesoutstandingbasic": -900000,
        "weightedaveragenumberofdilutedsharesoutstanding": -900000,
        "commonstockdividendspersharedeclared": 0.56,
        "discontinuedoperationtaxeffectofdiscontinuedoperation": -600000
    },
    {
        "date": "2016-08-27",
        "symbol": "DRI",
        "period": "Q1",
        "netincomeloss": 110200000,
        "othercomprehensiveincomelossderivativesqualifyingashedgesnetoftax": -2500000,
        "othercomprehensiveincomedefinedbenefitplansnetunamortizedgainlossarisingduringperiodnetoftax": 100000,
        "othercomprehensiveincomelossnetoftax": -2400000,
        "comprehensiveincomenetoftaxincludingportionattributabletononcontrollinginterest": 107800000,
        "othercomprehensiveincomedefinedbenefitplansnetunamortizedgainlossarisingduringperiodtax": 100000,
        "salesrevenuenet": 1714400000,
        "foodandbeveragecostofsales": 493200000,
        "costofgoodssolddirectlabor": 545800000,
        "othercostofservices": 303700000,
        "marketingexpense": 63700000,
        "generalandadministrativeexpense": 87700000,
        "depreciationdepletionandamortization": 66800000,
        "gainlossonsalesofassetsandassetimpairmentcharges": 7800000,
        "costsandexpenses": 1553100000,
        "operatingincomeloss": 161300000,
        "interestincomeexpensenonoperatingnet": -9900000,
        "incomelossfromcontinuingoperationsbeforeincometaxesminorityinterestandincomelossfromequitymethodinvestments": 151400000,
        "incometaxexpensebenefit": 40300000,
        "incomelossfromcontinuingoperations": 111100000,
        "incomelossfromdiscontinuedoperationsnetoftax": -900000,
        "incomelossfromcontinuingoperationsperbasicshare": 0.89,
        "incomelossfromdiscontinuedoperationsnetoftaxperbasicshare": -0.01,
        "earningspersharebasic": 0.88,
        "incomelossfromcontinuingoperationsperdilutedshare": 0.88,
        "incomelossfromdiscontinuedoperationsnetoftaxperdilutedshare": -0.01,
        "earningspersharediluted": 0.87,
        "weightedaveragenumberofsharesoutstandingbasic": 124900000,
        "weightedaveragenumberofdilutedsharesoutstanding": 126700000,
        "commonstockdividendspersharedeclared": 0.56,
        "discontinuedoperationtaxeffectofdiscontinuedoperation": -700000
    },
    {
        "date": "2016-05-28",
        "symbol": "DRI",
        "period": "Q4",
        "netincomeloss": 139600000,
        "othercomprehensiveincomelossderivativesqualifyingashedgesnetoftax": 300000,
        "othercomprehensiveincomedefinedbenefitplansnetunamortizedgainlossarisingduringperiodnetoftax": -23600000,
        "othercomprehensiveincomelossnetoftax": -23700000,
        "comprehensiveincomenetoftaxincludingportionattributabletononcontrollinginterest": 115900000,
        "salesrevenuenet": 263500000,
        "foodandbeveragecostofsales": 517000000,
        "costofgoodssolddirectlabor": 556900000,
        "othercostofservices": 308400000,
        "marketingexpense": 63400000,
        "generalandadministrativeexpense": 90700000,
        "depreciationdepletionandamortization": 236600000,
        "assetimpairmentcharges": -600000,
        "costsandexpenses": 1605100000,
        "operatingincomeloss": 185100000,
        "incomelossfromcontinuingoperations": 140400000,
        "incomelossfromdiscontinuedoperationsnetoftax": -800000,
        "incomelossfromcontinuingoperationsperbasicshare": 1.0999999999999996,
        "incomelossfromdiscontinuedoperationsnetoftaxperbasicshare": 6.938893903907228e-18,
        "earningspersharebasic": 1.0999999999999996,
        "incomelossfromcontinuingoperationsperdilutedshare": 1.0899999999999999,
        "incomelossfromdiscontinuedoperationsnetoftaxperdilutedshare": -0.010000000000000002,
        "earningspersharediluted": 1.0799999999999996,
        "weightedaveragenumberofdilutedsharesoutstanding": -300000,
        "commonstockdividendspersharedeclared": 0.5,
        "discontinuedoperationtaxeffectofdiscontinuedoperation": 500000
    },
    {
        "date": "2016-02-27",
        "symbol": "DRI",
        "period": "Q3",
        "netincomeloss": 105800000,
        "othercomprehensiveincomelossforeigncurrencytransactionandtranslationadjustmentnetoftax": 0,
        "othercomprehensiveincomelossderivativesqualifyingashedgesnetoftax": 1800000,
        "othercomprehensiveincomedefinedbenefitplansnetunamortizedgainlossarisingduringperiodnetoftax": -100000,
        "othercomprehensiveincomelossnetoftax": 1700000,
        "comprehensiveincomenetoftaxincludingportionattributabletononcontrollinginterest": 107500000,
        "othercomprehensiveincomelossderivativesqualifyingashedgestax": 0,
        "salesrevenuenet": 256100000,
        "foodandbeveragecostofsales": 537800000,
        "costofgoodssolddirectlabor": 572500000,
        "othercostofservices": 305200000,
        "marketingexpense": 50700000,
        "generalandadministrativeexpense": 95200000,
        "depreciationdepletionandamortization": 12800000,
        "assetimpairmentcharges": 100000,
        "costsandexpenses": 1626300000,
        "operatingincomeloss": 221200000,
        "interestincomeexpensenonoperatingnet": 0,
        "incomelossfromcontinuingoperationsbeforeincometaxesminorityinterestandincomelossfromequitymethodinvestments": 0,
        "incometaxexpensebenefit": 0,
        "incomelossfromcontinuingoperations": 108200000,
        "incomelossfromdiscontinuedoperationsnetoftax": -2400000,
        "incomelossfromcontinuingoperationsperbasicshare": 0.85,
        "incomelossfromdiscontinuedoperationsnetoftaxperbasicshare": -0.02000000000000001,
        "earningspersharebasic": 0.8300000000000002,
        "incomelossfromcontinuingoperationsperdilutedshare": 0.83,
        "incomelossfromdiscontinuedoperationsnetoftaxperdilutedshare": -0.010000000000000002,
        "earningspersharediluted": 0.8200000000000002,
        "weightedaveragenumberofsharesoutstandingbasic": 0,
        "weightedaveragenumberofdilutedsharesoutstanding": -100000,
        "commonstockdividendspersharedeclared": 0.5,
        "discontinuedoperationtaxeffectofdiscontinuedoperation": -300000
    },
    {
        "date": "2015-11-28",
        "symbol": "DRI",
        "period": "Q2",
        "netincomeloss": 43200000,
        "othercomprehensiveincomelossforeigncurrencytransactionandtranslationadjustmentnetoftax": 100000,
        "othercomprehensiveincomelossderivativesqualifyingashedgesnetoftax": 20200000,
        "othercomprehensiveincomedefinedbenefitplansnetunamortizedgainlossarisingduringperiodnetoftax": -100000,
        "othercomprehensiveincomelossnetoftax": 20200000,
        "comprehensiveincomenetoftaxincludingportionattributabletononcontrollinginterest": 63400000,
        "othercomprehensiveincomelossderivativesqualifyingashedgestax": 13800000,
        "othercomprehensiveincomedefinedbenefitplansnetunamortizedgainlossarisingduringperiodtax": 0,
        "salesrevenuenet": 228300000,
        "foodandbeveragecostofsales": 482100000,
        "costofgoodssolddirectlabor": 523800000,
        "othercostofservices": 278000000,
        "marketingexpense": 58300000,
        "generalandadministrativeexpense": 101900000,
        "depreciationdepletionandamortization": 12500000,
        "assetimpairmentcharges": 7700000,
        "costsandexpenses": 1527100000,
        "operatingincomeloss": 81700000,
        "interestincomeexpensenonoperatingnet": -36100000,
        "incomelossfromcontinuingoperationsbeforeincometaxesminorityinterestandincomelossfromequitymethodinvestments": -36100000,
        "incometaxexpensebenefit": -13800000,
        "incomelossfromcontinuingoperations": 30100000,
        "incomelossfromdiscontinuedoperationsnetoftax": 13100000,
        "incomelossfromcontinuingoperationsperbasicshare": 0.22999999999999998,
        "incomelossfromdiscontinuedoperationsnetoftaxperbasicshare": 0.1,
        "earningspersharebasic": 0.32999999999999996,
        "incomelossfromcontinuingoperationsperdilutedshare": 0.22999999999999998,
        "incomelossfromdiscontinuedoperationsnetoftaxperdilutedshare": 0.1,
        "earningspersharediluted": 0.32999999999999996,
        "weightedaveragenumberofsharesoutstandingbasic": 300000,
        "weightedaveragenumberofdilutedsharesoutstanding": 400000,
        "commonstockdividendspersharedeclared": 0.55,
        "discontinuedoperationtaxeffectofdiscontinuedoperation": 100000
    },
    {
        "date": "2015-08-29",
        "symbol": "DRI",
        "period": "Q1",
        "netincomeloss": 86400000,
        "othercomprehensiveincomelossforeigncurrencytransactionandtranslationadjustmentnetoftax": 800000,
        "othercomprehensiveincomelossderivativesqualifyingashedgesnetoftax": 700000,
        "othercomprehensiveincomedefinedbenefitplansnetunamortizedgainlossarisingduringperiodnetoftax": -100000,
        "othercomprehensiveincomelossnetoftax": 1400000,
        "comprehensiveincomenetoftaxincludingportionattributabletononcontrollinginterest": 87800000,
        "othercomprehensiveincomelossderivativesqualifyingashedgestax": 500000,
        "othercomprehensiveincomedefinedbenefitplansnetunamortizedgainlossarisingduringperiodtax": -100000,
        "salesrevenuenet": 245200000,
        "foodandbeveragecostofsales": 502800000,
        "costofgoodssolddirectlabor": 536000000,
        "othercostofservices": 271900000,
        "marketingexpense": 65600000,
        "generalandadministrativeexpense": 97100000,
        "depreciationdepletionandamortization": 12500000,
        "assetimpairmentcharges": -1200000,
        "costsandexpenses": 1552800000,
        "operatingincomeloss": 134200000,
        "interestincomeexpensenonoperatingnet": -1300000,
        "incomelossfromcontinuingoperationsbeforeincometaxesminorityinterestandincomelossfromequitymethodinvestments": 800000,
        "incometaxexpensebenefit": -500000,
        "incomelossfromcontinuingoperations": 81000000,
        "incomelossfromdiscontinuedoperationsnetoftax": 5400000,
        "incomelossfromcontinuingoperationsperbasicshare": 0.64,
        "incomelossfromdiscontinuedoperationsnetoftaxperbasicshare": 0.04,
        "earningspersharebasic": 0.68,
        "incomelossfromcontinuingoperationsperdilutedshare": 0.63,
        "incomelossfromdiscontinuedoperationsnetoftaxperdilutedshare": 0.04,
        "earningspersharediluted": 0.67,
        "weightedaveragenumberofsharesoutstandingbasic": 127400000,
        "weightedaveragenumberofdilutedsharesoutstanding": 129300000,
        "commonstockdividendspersharedeclared": 0.55,
        "discontinuedoperationtaxeffectofdiscontinuedoperation": 3100000
    },
    {
        "date": "2015-05-30",
        "symbol": "DRI",
        "period": "Q4",
        "netincomeloss": 711900000,
        "othercomprehensiveincomelossforeigncurrencytransactionandtranslationadjustmentnetoftax": -500000,
        "othercomprehensiveincomelossderivativesqualifyingashedgesnetoftax": 900000,
        "othercomprehensiveincomedefinedbenefitplansnetunamortizedgainlossarisingduringperiodnetoftax": -9200000,
        "othercomprehensiveincomelossnetoftax": -8800000,
        "comprehensiveincomenetoftaxincludingportionattributabletononcontrollinginterest": 96500000,
        "othercomprehensiveincomelossderivativesqualifyingashedgestax": 500000,
        "salesrevenuenet": -3956100000,
        "foodandbeveragecostofsales": 566900000,
        "costofgoodssolddirectlabor": 584900000,
        "othercostofservices": 295100000,
        "depreciationdepletionandamortization": -214200000,
        "assetimpairmentcharges": -23000000,
        "costsandexpenses": 1559500000,
        "interestincomeexpensenonoperatingnet": -1300000,
        "incomelossfromcontinuingoperationsbeforeincometaxesminorityinterestandincomelossfromequitymethodinvestments": -1400000,
        "incometaxexpensebenefit": -500000,
        "incomelossfromcontinuingoperations": 118100000,
        "incomelossfromdiscontinuedoperationsnetoftax": -12800000,
        "incomelossfromcontinuingoperationsperbasicshare": 0.89,
        "incomelossfromdiscontinuedoperationsnetoftaxperbasicshare": 0.04999999999999938,
        "earningspersharebasic": 0.9399999999999991,
        "incomelossfromcontinuingoperationsperdilutedshare": 0.88,
        "incomelossfromdiscontinuedoperationsnetoftaxperdilutedshare": -0.010000000000000231,
        "earningspersharediluted": 0.8699999999999997,
        "weightedaveragenumberofsharesoutstandingbasic": -256800000,
        "weightedaveragenumberofdilutedsharesoutstanding": -257100000,
        "commonstockdividendspersharedeclared": 0.55,
        "discontinuedoperationtaxeffectofdiscontinuedoperation": 22500000
    },
    {
        "date": "2015-02-21",
        "symbol": "DRI",
        "period": "Q3",
        "netincomeloss": -1600000,
        "othercomprehensiveincomelossforeigncurrencytransactionandtranslationadjustmentnetoftax": -2000000,
        "othercomprehensiveincomelossderivativesqualifyingashedgesnetoftax": 3000000,
        "othercomprehensiveincomedefinedbenefitplansnetunamortizedgainlossarisingduringperiodnetoftax": 1000000,
        "othercomprehensiveincomelossnetoftax": 2000000,
        "comprehensiveincomenetoftaxincludingportionattributabletononcontrollinginterest": 135800000,
        "othercomprehensiveincomelossderivativesqualifyingashedgestax": 1000000,
        "othercomprehensiveincomedefinedbenefitplansnetunamortizedgainlossarisingduringperiodtax": 600000,
        "salesrevenuenet": 1730900000,
        "foodandbeveragecostofsales": 530700000,
        "costofgoodssolddirectlabor": 535600000,
        "othercostofservices": 276000000,
        "costofgoodsandservicessold": 1342300000,
        "sellinggeneralandadministrativeexpense": 134200000,
        "depreciationdepletionandamortization": 79600000,
        "interestincomeexpensenonoperatingnet": -2500000,
        "assetimpairmentcharges": 300000,
        "costsandexpenses": 1583800000,
        "incomelossfromcontinuingoperationsbeforeincometaxesminorityinterestandincomelossfromequitymethodinvestments": -2500000,
        "incometaxexpensebenefit": -900000,
        "incomelossfromcontinuingoperations": 128400000,
        "incomelossfromdiscontinuedoperationsnetoftax": 5400000,
        "incomelossfromcontinuingoperationsperbasicshare": 1.03,
        "incomelossfromdiscontinuedoperationsnetoftaxperbasicshare": 0.04,
        "earningspersharebasic": 1.07,
        "incomelossfromcontinuingoperationsperdilutedshare": 1.01,
        "incomelossfromdiscontinuedoperationsnetoftaxperdilutedshare": 0.04,
        "earningspersharediluted": 1.05,
        "weightedaveragenumberofsharesoutstandingbasic": 124600000,
        "weightedaveragenumberofdilutedsharesoutstanding": 126900000,
        "commonstockdividendspersharedeclared": 0.55,
        "costofgoodssolddepreciationandamortization": 73800000,
        "discontinuedoperationtaxeffectofdiscontinuedoperation": 3100000
    },
    {
        "date": "2014-11-22",
        "symbol": "DRI",
        "period": "Q2",
        "netincomeloss": -500000,
        "othercomprehensiveincomelossforeigncurrencytransactionandtranslationadjustmentnetoftax": 4000000,
        "othercomprehensiveincomelossavailableforsalesecuritiesadjustmentnetoftax": 100000,
        "othercomprehensiveincomelossderivativesqualifyingashedgesnetoftax": 3500000,
        "othercomprehensiveincomedefinedbenefitplansnetunamortizedgainlossarisingduringperiodnetoftax": 15100000,
        "othercomprehensiveincomelossnetoftax": 22700000,
        "comprehensiveincomenetoftaxincludingportionattributabletononcontrollinginterest": -10100000,
        "othercomprehensiveincomelossderivativesqualifyingashedgestax": 500000,
        "othercomprehensiveincomedefinedbenefitplansnetunamortizedgainlossarisingduringperiodtax": 9300000,
        "salesrevenuenet": 1559000000,
        "foodandbeveragecostofsales": 485500000,
        "costofgoodssolddirectlabor": 506800000,
        "othercostofservices": 277400000,
        "costofgoodsandservicessold": 1269700000,
        "sellinggeneralandadministrativeexpense": 190400000,
        "depreciationdepletionandamortization": 80100000,
        "interestincomeexpensenonoperatingnet": -1400000,
        "assetimpairmentcharges": 28300000,
        "costsandexpenses": 1613600000,
        "incomelossfromcontinuingoperationsbeforeincometaxesminorityinterestandincomelossfromequitymethodinvestments": -1400000,
        "incometaxexpensebenefit": -600000,
        "incomelossfromcontinuingoperations": -30800000,
        "incomelossfromdiscontinuedoperationsnetoftax": -2000000,
        "incomelossfromcontinuingoperationsperbasicshare": -0.24,
        "incomelossfromdiscontinuedoperationsnetoftaxperbasicshare": -0.02,
        "earningspersharebasic": -0.26,
        "incomelossfromcontinuingoperationsperdilutedshare": -0.24,
        "incomelossfromdiscontinuedoperationsnetoftaxperdilutedshare": -0.02,
        "earningspersharediluted": -0.26,
        "weightedaveragenumberofsharesoutstandingbasic": 127700000,
        "weightedaveragenumberofdilutedsharesoutstanding": 127700000,
        "commonstockdividendspersharedeclared": 0.55,
        "costofgoodssolddepreciationandamortization": 73400000,
        "discontinuedoperationtaxeffectofdiscontinuedoperation": -1500000
    },
    {
        "date": "2014-08-23",
        "symbol": "DRI",
        "period": "Q1",
        "netincomeloss": -300000,
        "othercomprehensiveincomelossforeigncurrencytransactionandtranslationadjustmentnetoftax": 1500000,
        "othercomprehensiveincomelossavailableforsalesecuritiesadjustmentnetoftax": -100000,
        "othercomprehensiveincomelossderivativesqualifyingashedgesnetoftax": 23900000,
        "othercomprehensiveincomedefinedbenefitplansnetunamortizedgainlossarisingduringperiodnetoftax": 300000,
        "othercomprehensiveincomelossnetoftax": 25600000,
        "comprehensiveincomenetoftaxincludingportionattributabletononcontrollinginterest": 528800000,
        "othercomprehensiveincomelossderivativesqualifyingashedgestax": 15400000,
        "othercomprehensiveincomedefinedbenefitplansnetunamortizedgainlossarisingduringperiodtax": 500000,
        "salesrevenuenet": 1595800000,
        "foodandbeveragecostofsales": 502000000,
        "costofgoodssolddirectlabor": 508300000,
        "othercostofservices": 272300000,
        "costofgoodsandservicessold": 1282600000,
        "sellinggeneralandadministrativeexpense": -900000,
        "depreciationdepletionandamortization": 78700000,
        "interestincomeexpensenonoperatingnet": -40500000,
        "assetimpairmentcharges": 6900000,
        "costsandexpenses": 1639500000,
        "incomelossfromcontinuingoperationsbeforeincometaxesminorityinterestandincomelossfromequitymethodinvestments": -41400000,
        "incometaxexpensebenefit": -15500000,
        "incomelossfromcontinuingoperations": -19300000,
        "incomelossfromdiscontinuedoperationsnetoftax": 522500000,
        "incomelossfromcontinuingoperationsperbasicshare": -0.14,
        "incomelossfromdiscontinuedoperationsnetoftaxperbasicshare": 3.95,
        "earningspersharebasic": 3.81,
        "incomelossfromcontinuingoperationsperdilutedshare": -0.14,
        "incomelossfromdiscontinuedoperationsnetoftaxperdilutedshare": 3.95,
        "earningspersharediluted": 3.81,
        "weightedaveragenumberofsharesoutstandingbasic": 132200000,
        "weightedaveragenumberofdilutedsharesoutstanding": 132200000,
        "commonstockdividendspersharedeclared": 0.55,
        "costofgoodssolddepreciationandamortization": 72600000,
        "discontinuedoperationtaxeffectofdiscontinuedoperation": 320700000
    },
    {
        "date": "2014-02-22",
        "symbol": "DRI",
        "period": "Q3",
        "netincomeloss": -1100000,
        "othercomprehensiveincomelossforeigncurrencytransactionandtranslationadjustmentnetoftax": -1700000,
        "othercomprehensiveincomelossderivativesqualifyingashedgesnetoftax": 0,
        "othercomprehensiveincomedefinedbenefitplansnetunamortizedgainlossarisingduringperiodnetoftax": 1600000,
        "othercomprehensiveincomelossnetoftax": -100000,
        "comprehensiveincomenetoftaxincludingportionattributabletononcontrollinginterest": 109600000,
        "othercomprehensiveincomelossderivativesqualifyingashedgestax": -1300000,
        "othercomprehensiveincomedefinedbenefitplansnetunamortizedgainlossarisingduringperiodtax": 1000000,
        "salesrevenuenet": 2233100000,
        "foodandbeveragecostofsales": 697200000,
        "costofgoodssolddirectlabor": 702900000,
        "othercostofservices": 360800000,
        "costofgoodsandservicessold": -800000,
        "sellinggeneralandadministrativeexpense": -200000,
        "depreciationdepletionandamortization": 108500000,
        "interestincomeexpensenonoperatingnet": -2600000,
        "costsandexpenses": 2111800000,
        "incomelossfromcontinuingoperationsbeforeincometaxesminorityinterestandincomelossfromequitymethodinvestments": -1800000,
        "incometaxexpensebenefit": -1000000,
        "incomelossfromcontinuingoperations": 109500000,
        "incomelossfromcontinuingoperationsperbasicshare": 0.8400000000000001,
        "earningspersharebasic": 0.8400000000000001,
        "incomelossfromcontinuingoperationsperdilutedshare": 0.8200000000000001,
        "earningspersharediluted": 0.8200000000000001,
        "weightedaveragenumberofsharesoutstandingbasic": 300000,
        "weightedaveragenumberofdilutedsharesoutstanding": 200000,
        "commonstockdividendspersharedeclared": 0.5499999999999998,
        "costofgoodssolddepreciationandamortization": 103000000
    },
    {
        "date": "2013-11-23",
        "symbol": "DRI",
        "period": "Q2",
        "netincomeloss": -1900000,
        "othercomprehensiveincomelossforeigncurrencytransactionandtranslationadjustmentnetoftax": -900000,
        "othercomprehensiveincomelossavailableforsalesecuritiesadjustmentnetoftax": 0,
        "othercomprehensiveincomelossderivativesqualifyingashedgesnetoftax": 5800000,
        "othercomprehensiveincomedefinedbenefitplansnetunamortizedgainlossarisingduringperiodnetoftax": 1600000,
        "othercomprehensiveincomelossnetoftax": 6500000,
        "comprehensiveincomenetoftaxincludingportionattributabletononcontrollinginterest": 26300000,
        "othercomprehensiveincomelossavailableforsalesecuritiestax": 0,
        "othercomprehensiveincomelossderivativesqualifyingashedgestax": -1100000,
        "othercomprehensiveincomedefinedbenefitplansnetunamortizedgainlossarisingduringperiodtax": 1000000,
        "salesrevenuenet": 2049900000,
        "foodandbeveragecostofsales": 642800000,
        "costofgoodssolddirectlabor": 678000000,
        "othercostofservices": 349300000,
        "costofgoodsandservicessold": 900000,
        "sellinggeneralandadministrativeexpense": 1400000,
        "depreciationdepletionandamortization": 107600000,
        "interestincomeexpensenonoperatingnet": -2600000,
        "costsandexpenses": 2031800000,
        "incomelossfromcontinuingoperationsbeforeincometaxesminorityinterestandincomelossfromequitymethodinvestments": -2900000,
        "incometaxexpensebenefit": -1000000,
        "incomelossfromcontinuingoperations": 19800000,
        "incomelossfromdiscontinuedoperationsnetoftax": 0,
        "incomelossfromcontinuingoperationsperbasicshare": 0.1499999999999999,
        "earningspersharebasic": 0.1499999999999999,
        "incomelossfromcontinuingoperationsperdilutedshare": 0.15000000000000002,
        "earningspersharediluted": 0.15000000000000002,
        "weightedaveragenumberofsharesoutstandingbasic": 200000,
        "weightedaveragenumberofdilutedsharesoutstanding": 100000,
        "commonstockdividendspersharedeclared": 0.55,
        "costofgoodssolddepreciationandamortization": 102200000,
        "discontinuedoperationtaxeffectofdiscontinuedoperation": 0
    },
    {
        "date": "2013-08-24",
        "symbol": "DRI",
        "period": "Q1",
        "netincomeloss": -2300000,
        "othercomprehensiveincomelossforeigncurrencytransactionandtranslationadjustmentnetoftax": -1000000,
        "othercomprehensiveincomelossavailableforsalesecuritiesadjustmentnetoftax": -100000,
        "othercomprehensiveincomelossderivativesqualifyingashedgesnetoftax": -2100000,
        "othercomprehensiveincomedefinedbenefitplansnetunamortizedgainlossarisingduringperiodnetoftax": 1600000,
        "othercomprehensiveincomelossnetoftax": -1600000,
        "comprehensiveincomenetoftaxincludingportionattributabletononcontrollinginterest": 68600000,
        "othercomprehensiveincomelossavailableforsalesecuritiestax": -100000,
        "othercomprehensiveincomelossderivativesqualifyingashedgestax": -1000000,
        "othercomprehensiveincomedefinedbenefitplansnetunamortizedgainlossarisingduringperiodtax": 1000000,
        "salesrevenuenet": 2158500000,
        "foodandbeveragecostofsales": 659000000,
        "costofgoodssolddirectlabor": 688900000,
        "othercostofservices": 353400000,
        "costofgoodsandservicessold": -200000,
        "sellinggeneralandadministrativeexpense": -700000,
        "depreciationdepletionandamortization": 105800000,
        "interestincomeexpensenonoperatingnet": -2600000,
        "costsandexpenses": 2069800000,
        "incomelossfromcontinuingoperationsbeforeincometaxesminorityinterestandincomelossfromequitymethodinvestments": -3400000,
        "incometaxexpensebenefit": -1000000,
        "incomelossfromcontinuingoperations": 70300000,
        "incomelossfromdiscontinuedoperationsnetoftax": -100000,
        "incomelossfromcontinuingoperationsperbasicshare": 0.54,
        "earningspersharebasic": 0.54,
        "incomelossfromcontinuingoperationsperdilutedshare": 0.53,
        "earningspersharediluted": 0.53,
        "weightedaveragenumberofsharesoutstandingbasic": 130200000,
        "weightedaveragenumberofdilutedsharesoutstanding": 132600000,
        "commonstockdividendspersharedeclared": 0.55,
        "costofgoodssolddepreciationandamortization": 100400000,
        "discontinuedoperationtaxeffectofdiscontinuedoperation": -100000
    },
    {
        "date": "2013-02-23",
        "symbol": "DRI",
        "period": "Q3",
        "netincomeloss": 134400000,
        "othercomprehensiveincomelossforeigncurrencytransactionandtranslationadjustmentnetoftax": -600000,
        "othercomprehensiveincomelossderivativesqualifyingashedgesnetoftax": -3700000,
        "othercomprehensiveincomedefinedbenefitplansnetunamortizedgainlossarisingduringperiodnetoftax": 1700000,
        "othercomprehensiveincomelossnetoftax": -2600000,
        "comprehensiveincomenetoftaxincludingportionattributabletononcontrollinginterest": 131800000,
        "othercomprehensiveincomelossderivativesqualifyingashedgestax": 1000000,
        "othercomprehensiveincomedefinedbenefitplansnetunamortizedgainlossarisingduringperiodtax": 1100000,
        "salesrevenuenet": 2258200000,
        "foodandbeveragecostofsales": 695200000,
        "costofgoodssolddirectlabor": 709000000,
        "othercostofservices": 348100000,
        "costofgoodsandservicessold": 1752300000,
        "sellinggeneralandadministrativeexpense": 199900000,
        "depreciationdepletionandamortization": 101000000,
        "interestincomeexpensenonoperatingnet": -31900000,
        "costsandexpenses": 2085100000,
        "incomelossfromcontinuingoperationsbeforeincometaxesminorityinterestandincomelossfromequitymethodinvestments": 173100000,
        "incometaxexpensebenefit": 38600000,
        "incomelossfromcontinuingoperations": 134500000,
        "incomelossfromdiscontinuedoperationsnetoftax": -100000,
        "incomelossfromcontinuingoperationsperbasicshare": 1.04,
        "earningspersharebasic": 1.0499999999999998,
        "incomelossfromcontinuingoperationsperdilutedshare": 1.0299999999999998,
        "earningspersharediluted": 1.02,
        "weightedaveragenumberofsharesoutstandingbasic": 200000,
        "weightedaveragenumberofdilutedsharesoutstanding": 0,
        "commonstockdividendspersharedeclared": 0.5,
        "costofgoodssolddepreciationandamortization": 95700000,
        "discontinuedoperationtaxeffectofdiscontinuedoperation": -100000
    },
    {
        "date": "2012-11-24",
        "symbol": "DRI",
        "period": "Q2",
        "netincomeloss": 33600000,
        "othercomprehensiveincomelossforeigncurrencytransactionandtranslationadjustmentnetoftax": -100000,
        "othercomprehensiveincomelossavailableforsalesecuritiesadjustmentnetoftax": 0,
        "othercomprehensiveincomelossderivativesqualifyingashedgesnetoftax": -1600000,
        "othercomprehensiveincomedefinedbenefitplansnetunamortizedgainlossarisingduringperiodnetoftax": 1800000,
        "othercomprehensiveincomelossnetoftax": 100000,
        "comprehensiveincomenetoftaxincludingportionattributabletononcontrollinginterest": 33700000,
        "othercomprehensiveincomelossderivativesqualifyingashedgestax": -4300000,
        "othercomprehensiveincomedefinedbenefitplansnetunamortizedgainlossarisingduringperiodtax": 1000000,
        "salesrevenuenet": 1960000000,
        "foodandbeveragecostofsales": 607500000,
        "costofgoodssolddirectlabor": 635800000,
        "othercostofservices": 325400000,
        "costofgoodsandservicessold": 1568700000,
        "sellinggeneralandadministrativeexpense": 216000000,
        "depreciationdepletionandamortization": 99200000,
        "interestincomeexpensenonoperatingnet": -32900000,
        "costsandexpenses": 1916800000,
        "incomelossfromcontinuingoperationsbeforeincometaxesminorityinterestandincomelossfromequitymethodinvestments": 43200000,
        "incometaxexpensebenefit": 9400000,
        "incomelossfromcontinuingoperations": 33800000,
        "incomelossfromdiscontinuedoperationsnetoftax": -200000,
        "incomelossfromcontinuingoperationsperbasicshare": 0.2599999999999999,
        "incomelossfromdiscontinuedoperationsnetoftaxperbasicshare": 0,
        "earningspersharebasic": 0.2600000000000001,
        "incomelossfromcontinuingoperationsperdilutedshare": 0.2500000000000001,
        "earningspersharediluted": 0.2500000000000001,
        "weightedaveragenumberofsharesoutstandingbasic": 400000,
        "weightedaveragenumberofdilutedsharesoutstanding": 400000,
        "commonstockdividendspersharedeclared": 0.5,
        "costofgoodssolddepreciationandamortization": 94100000,
        "discontinuedoperationtaxeffectofdiscontinuedoperation": -400000
    },
    {
        "date": "2012-08-25",
        "symbol": "DRI",
        "period": "Q1",
        "netincomeloss": 110800000,
        "othercomprehensiveincomelossforeigncurrencytransactionandtranslationadjustmentnetoftax": 800000,
        "othercomprehensiveincomelossavailableforsalesecuritiesadjustmentnetoftax": -100000,
        "othercomprehensiveincomelossderivativesqualifyingashedgesnetoftax": -3600000,
        "othercomprehensiveincomedefinedbenefitplansnetunamortizedgainlossarisingduringperiodnetoftax": 1700000,
        "othercomprehensiveincomelossnetoftax": -1200000,
        "comprehensiveincomenetoftaxincludingportionattributabletononcontrollinginterest": 109600000,
        "othercomprehensiveincomelossderivativesqualifyingashedgestax": 1700000,
        "othercomprehensiveincomedefinedbenefitplansnetunamortizedgainlossarisingduringperiodtax": 1100000,
        "salesrevenuenet": 2034800000,
        "foodandbeveragecostofsales": 618800000,
        "costofgoodssolddirectlabor": 626700000,
        "othercostofservices": 304300000,
        "costofgoodsandservicessold": 1549800000,
        "sellinggeneralandadministrativeexpense": 218200000,
        "depreciationdepletionandamortization": 92600000,
        "interestincomeexpensenonoperatingnet": -27900000,
        "costsandexpenses": 1888500000,
        "incomelossfromcontinuingoperationsbeforeincometaxesminorityinterestandincomelossfromequitymethodinvestments": 146300000,
        "incometaxexpensebenefit": 35300000,
        "incomelossfromcontinuingoperations": 111000000,
        "incomelossfromdiscontinuedoperationsnetoftax": -200000,
        "incomelossfromcontinuingoperationsperbasicshare": 0.87,
        "incomelossfromdiscontinuedoperationsnetoftaxperbasicshare": -0.01,
        "earningspersharebasic": 0.86,
        "incomelossfromcontinuingoperationsperdilutedshare": 0.85,
        "earningspersharediluted": 0.85,
        "weightedaveragenumberofsharesoutstandingbasic": 128100000,
        "weightedaveragenumberofdilutedsharesoutstanding": 131000000,
        "commonstockdividendspersharedeclared": 0.5,
        "costofgoodssolddepreciationandamortization": 87400000,
        "discontinuedoperationtaxeffectofdiscontinuedoperation": 100000
    },
    {
        "date": "2012-02-25",
        "symbol": "DRI",
        "period": "Q3",
        "stockholdersequity": -2976400000,
        "netincomeloss": 164000000,
        "othercomprehensiveincomeforeigncurrencytransactionandtranslationadjustmentnetoftaxperiodincreasedecrease": 900000,
        "othercomprehensiveincomederivativesqualifyingashedgesnetoftaxperiodincreasedecrease": 1700000,
        "othercomprehensiveincomedefinedbenefitplansnetunamortizedgainlossarisingduringperiodnetoftax": 1800000,
        "comprehensiveincomenetoftax": 168400000,
        "dividendscash": 55300000,
        "stockissuedduringperiodvaluestockoptionsexercised": 15000000,
        "adjustmentstoadditionalpaidincapitalsharebasedcompensationrequisiteserviceperiodrecognitionvalue": 6200000,
        "esopnotereceivablerepayments": 300000,
        "adjustmentstoadditionalpaidincapitaltaxeffectfromsharebasedcompensation": 3700000,
        "treasurystockvalueacquiredcostmethod": 77900000,
        "stockissuedduringperiodvalueemployeestockpurchaseplan": 5100000,
        "othercomprehensiveincomederivativesqualifyingashedgestaxeffectperiodincreasedecrease": 300000,
        "othercomprehensiveincomereclassificationofdefinedbenefitplansnetgainlossrecognizedinnetperiodicbenefitcosttax": 1100000,
        "stockissuedduringperiodsharesstockoptionsexercised": 500000,
        "treasurystocksharesacquired": 1800000,
        "salesrevenuenet": 2159800000,
        "foodandbeveragecostofsales": 661800000,
        "costofgoodssolddirectlabor": 657300000,
        "costofgoodsandservicessold": 1627300000,
        "sellinggeneralandadministrativeexpense": 198100000,
        "depreciationdepletionandamortization": 89000000,
        "costsandexpenses": 1942000000,
        "incomelossfromcontinuingoperationsbeforeincometaxesminorityinterestandincomelossfromequitymethodinvestments": 217800000,
        "incometaxexpensebenefit": 53600000,
        "incomelossfromcontinuingoperations": 164200000,
        "incomelossfromdiscontinuedoperationsnetoftax": -200000,
        "incomelossfromcontinuingoperationsperbasicshare": 1.2700000000000002,
        "earningspersharebasic": 1.2700000000000002,
        "incomelossfromcontinuingoperationsperdilutedshare": 1.2400000000000004,
        "earningspersharediluted": 1.2299999999999998,
        "weightedaveragenumberofsharesoutstandingbasic": -1300000,
        "weightedaveragenumberofdilutedsharesoutstanding": -1400000,
        "commonstockdividendspersharedeclared": 0.4300000000000001,
        "costofgoodssolddepreciationandamortization": 83200000,
        "discontinuedoperationtaxeffectofdiscontinuedoperation": 0
    },
    {
        "date": "2011-11-26",
        "symbol": "DRI",
        "period": "Q2",
        "stockholdersequity": 2977100000,
        "netincomeloss": 53700000,
        "othercomprehensiveincomeforeigncurrencytransactionandtranslationadjustmentnetoftaxperiodincreasedecrease": -1100000,
        "othercomprehensiveincomederivativesqualifyingashedgesnetoftaxperiodincreasedecrease": -14400000,
        "othercomprehensiveincomedefinedbenefitplansnetunamortizedgainlossarisingduringperiodnetoftax": 1800000,
        "comprehensiveincomenetoftax": 39900000,
        "dividendscash": 171500000,
        "stockissuedduringperiodvaluestockoptionsexercised": 5000000,
        "adjustmentstoadditionalpaidincapitalsharebasedcompensationrequisiteserviceperiodrecognitionvalue": 7600000,
        "esopnotereceivablerepayments": 400000,
        "adjustmentstoadditionalpaidincapitaltaxeffectfromsharebasedcompensation": 900000,
        "treasurystockvalueacquiredcostmethod": 187800000,
        "stockissuedduringperiodvalueemployeestockpurchaseplan": -1100000,
        "othercomprehensiveincomederivativesqualifyingashedgestaxeffectperiodincreasedecrease": 8400000,
        "othercomprehensiveincomereclassificationofdefinedbenefitplansnetgainlossrecognizedinnetperiodicbenefitcosttax": 1100000,
        "stockissuedduringperiodsharesstockoptionsexercised": 100000,
        "treasurystocksharesacquired": 4200000,
        "stockissuedduringperiodsharesemployeestockpurchaseplans": 0,
        "salesrevenuenet": 1831400000,
        "foodandbeveragecostofsales": 573200000,
        "costofgoodssolddirectlabor": 594200000,
        "costofgoodsandservicessold": 1460600000,
        "sellinggeneralandadministrativeexpense": 187400000,
        "depreciationdepletionandamortization": 85700000,
        "costsandexpenses": 1758900000,
        "incomelossfromcontinuingoperationsbeforeincometaxesminorityinterestandincomelossfromequitymethodinvestments": 72500000,
        "incometaxexpensebenefit": 18500000,
        "incomelossfromcontinuingoperations": 54000000,
        "incomelossfromdiscontinuedoperationsnetoftax": -300000,
        "incomelossfromcontinuingoperationsperbasicshare": 0.41999999999999993,
        "earningspersharebasic": 0.4099999999999999,
        "incomelossfromcontinuingoperationsperdilutedshare": 0.4099999999999999,
        "earningspersharediluted": 0.4099999999999999,
        "weightedaveragenumberofsharesoutstandingbasic": -1800000,
        "weightedaveragenumberofdilutedsharesoutstanding": -2000000,
        "commonstockdividendspersharedeclared": 0.43,
        "costofgoodssolddepreciationandamortization": 80600000,
        "discontinuedoperationtaxeffectofdiscontinuedoperation": 300000
    },
    {
        "date": "2011-08-27",
        "symbol": "DRI",
        "period": "Q1",
        "stockholdersequity": -8600000,
        "netincomeloss": 106600000,
        "othercomprehensiveincomeforeigncurrencytransactionandtranslationadjustmentnetoftaxperiodincreasedecrease": -300000,
        "othercomprehensiveincomederivativesqualifyingashedgesnetoftaxperiodincreasedecrease": -29800000,
        "othercomprehensiveincomedefinedbenefitplansnetunamortizedgainlossarisingduringperiodnetoftax": 1800000,
        "comprehensiveincomenetoftax": 78300000,
        "dividendscash": -57800000,
        "stockissuedduringperiodvaluestockoptionsexercised": 19900000,
        "adjustmentstoadditionalpaidincapitalsharebasedcompensationrequisiteserviceperiodrecognitionvalue": 6700000,
        "esopnotereceivablerepayments": 800000,
        "adjustmentstoadditionalpaidincapitaltaxeffectfromsharebasedcompensation": 7400000,
        "treasurystockvalueacquiredcostmethod": 91300000,
        "stockissuedduringperiodvalueemployeestockpurchaseplan": 1600000,
        "othercomprehensiveincomederivativesqualifyingashedgestaxeffectperiodincreasedecrease": 16300000,
        "othercomprehensiveincomereclassificationofdefinedbenefitplansnetgainlossrecognizedinnetperiodicbenefitcosttax": 1100000,
        "stockissuedduringperiodsharesstockoptionsexercised": 800000,
        "treasurystocksharesacquired": 1900000,
        "stockissuedduringperiodsharesemployeestockpurchaseplans": 100000,
        "salesrevenuenet": 1942000000,
        "foodandbeveragecostofsales": 593500000,
        "costofgoodssolddirectlabor": 613100000,
        "restaurantexpenses": 299800000,
        "costofgoodsandservicessold": 1506400000,
        "sellinggeneralandadministrativeexpense": 182800000,
        "depreciationdepletionandamortization": 84100000,
        "netinterestincomeexpense": -21700000,
        "costsandexpenses": 1795000000,
        "incomelossfromcontinuingoperationsbeforeincometaxesminorityinterestandincomelossfromequitymethodinvestments": 147000000,
        "incometaxexpensebenefit": 40200000,
        "incomelossfromcontinuingoperations": 106800000,
        "incomelossfromdiscontinuedoperationsnetoftax": -200000,
        "incomelossfromcontinuingoperationsperbasicshare": 0.8,
        "earningspersharebasic": 0.8,
        "incomelossfromcontinuingoperationsperdilutedshare": 0.78,
        "earningspersharediluted": 0.78,
        "weightedaveragenumberofsharesoutstandingbasic": 133800000,
        "weightedaveragenumberofdilutedsharesoutstanding": 137200000,
        "commonstockdividendspersharedeclared": 0.43,
        "costofgoodssolddepreciationandamortization": 78400000,
        "discontinuedoperationtaxeffectofdiscontinuedoperation": 100000
    },
    {
        "date": "2011-02-26",
        "symbol": "DRI",
        "period": "Q3",
        "salesrevenuenet": 1976900000,
        "foodandbeveragecostofsales": 571300000,
        "costofgoodssolddirectlabor": 621200000,
        "restaurantexpenses": 285900000,
        "costofgoodsandservicessold": 1478400000,
        "sellinggeneralandadministrativeexpense": 195000000,
        "depreciationdepletionandamortization": 80500000,
        "netinterestincomeexpense": -24000000,
        "costsandexpenses": 1777900000,
        "incomelossfromcontinuingoperationsbeforeincometaxesminorityinterestandincomelossfromequitymethodinvestments": 199000000,
        "incometaxexpensebenefit": 47200000,
        "incomelossfromcontinuingoperations": 151800000,
        "incomelossfromdiscontinuedoperationsnetoftax": -600000,
        "netincomeloss": 151200000,
        "incomelossfromcontinuingoperationsperbasicshare": 1.1099999999999999,
        "earningspersharebasic": 1.1,
        "incomelossfromcontinuingoperationsperdilutedshare": 1.0799999999999998,
        "earningspersharediluted": 1.0699999999999998,
        "weightedaveragenumberofsharesoutstandingbasic": -600000,
        "weightedaveragenumberofdilutedsharesoutstanding": -500000,
        "costofgoodsandservicessolddepreciationandamortization": 74500000,
        "discontinuedoperationtaxeffectofdiscontinuedoperation": 300000,
        "stockholdersequity": -104200000,
        "othercomprehensiveincomeforeigncurrencytransactionandtranslationadjustmentnetoftaxperiodincreasedecrease": 1100000,
        "othercomprehensiveincomederivativesqualifyingashedgesnetoftaxperiodincreasedecrease": 6400000,
        "othercomprehensiveincomedefinedbenefitplansnetunamortizedgainlossarisingduringperiodnetoftax": 1600000,
        "comprehensiveincomenetoftax": 160200000,
        "dividendscash": 44000000,
        "stockissuedduringperiodvaluestockoptionsexercised": 800000,
        "adjustmentstoadditionalpaidincapitalsharebasedcompensationrequisiteserviceperiodrecognitionvalue": 8800000,
        "esopnotereceivablerepayments": 700000,
        "adjustmentstoadditionalpaidincapitaltaxeffectfromsharebasedcompensation": 5300000,
        "treasurystockvalueacquiredcostmethod": 105200000,
        "stockissuedduringperiodvalueemployeestockpurchaseplan": 200000,
        "othercomprehensiveincomederivativesqualifyingashedgestaxeffectperiodincreasedecrease": -3000000,
        "othercomprehensiveincomereclassificationofdefinedbenefitplansnetgainlossrecognizedinnetperiodicbenefitcosttax": 1100000,
        "stockissuedduringperiodsharesstockoptionsexercised": 700000,
        "treasurystocksharesacquired": 2300000
    },
    {
        "date": "2010-11-27",
        "symbol": "DRI",
        "period": "Q2",
        "salesrevenuenet": 1726200000,
        "foodandbeveragecostofsales": 494700000,
        "costofgoodssolddirectlabor": 571900000,
        "restaurantexpenses": 274900000,
        "costofgoodsandservicessold": 1341500000,
        "sellinggeneralandadministrativeexpense": 180000000,
        "depreciationdepletionandamortization": 78000000,
        "netinterestincomeexpense": -23500000,
        "costsandexpenses": 1623000000,
        "incomelossfromcontinuingoperationsbeforeincometaxesminorityinterestandincomelossfromequitymethodinvestments": 103200000,
        "incometaxexpensebenefit": 27500000,
        "incomelossfromcontinuingoperations": 75700000,
        "incomelossfromdiscontinuedoperationsnetoftax": -1200000,
        "netincomeloss": 74500000,
        "incomelossfromcontinuingoperationsperbasicshare": 0.5500000000000002,
        "earningspersharebasic": 0.5400000000000001,
        "incomelossfromcontinuingoperationsperdilutedshare": 0.54,
        "earningspersharediluted": 0.53,
        "weightedaveragenumberofsharesoutstandingbasic": -500000,
        "weightedaveragenumberofdilutedsharesoutstanding": -200000,
        "costofgoodsandservicessolddepreciationandamortization": 72800000,
        "discontinuedoperationtaxeffectofdiscontinuedoperation": 800000,
        "stockholdersequity": -74000000,
        "othercomprehensiveincomeforeigncurrencytransactionandtranslationadjustmentnetoftaxperiodincreasedecrease": 800000,
        "othercomprehensiveincomeavailableforsalesecuritiesadjustmentnetoftaxperiodincreasedecrease": 0,
        "othercomprehensiveincomederivativesqualifyingashedgesnetoftaxperiodincreasedecrease": 9500000,
        "othercomprehensiveincomedefinedbenefitplansnetunamortizedgainlossarisingduringperiodnetoftax": 1600000,
        "comprehensiveincomenetoftax": 86400000,
        "dividendscash": 44100000,
        "stockissuedduringperiodvaluestockoptionsexercised": 700000,
        "adjustmentstoadditionalpaidincapitalsharebasedcompensationrequisiteserviceperiodrecognitionvalue": 8800000,
        "esopnotereceivablerepayments": 500000,
        "adjustmentstoadditionalpaidincapitaltaxeffectfromsharebasedcompensation": 6600000,
        "treasurystockvalueacquiredcostmethod": 75100000,
        "stockissuedduringperiodvalueemployeestockpurchaseplan": 400000,
        "othercomprehensiveincomeavailableforsalesecuritiestax": 0,
        "othercomprehensiveincomederivativesqualifyingashedgestaxeffectperiodincreasedecrease": -3600000,
        "othercomprehensiveincomereclassificationofdefinedbenefitplansnetgainlossrecognizedinnetperiodicbenefitcosttax": 900000,
        "stockissuedduringperiodsharesstockoptionsexercised": 900000,
        "treasurystocksharesacquired": 1600000,
        "stockissuedduringperiodsharesemployeestockpurchaseplans": 0
    },
    {
        "date": "2010-08-28",
        "symbol": "DRI",
        "period": "Q1",
        "salesrevenuenet": 1806700000,
        "foodandbeveragecostofsales": 507500000,
        "costofgoodssolddirectlabor": 578800000,
        "restaurantexpenses": 279100000,
        "costofgoodsandservicessold": 1365400000,
        "sellinggeneralandadministrativeexpense": 180900000,
        "depreciationdepletionandamortization": 76700000,
        "netinterestincomeexpense": -24600000,
        "costsandexpenses": 1647600000,
        "incomelossfromcontinuingoperationsbeforeincometaxesminorityinterestandincomelossfromequitymethodinvestments": 159100000,
        "incometaxexpensebenefit": 45800000,
        "incomelossfromcontinuingoperations": 113300000,
        "incomelossfromdiscontinuedoperationsnetoftax": -200000,
        "netincomeloss": 113100000,
        "incomelossfromcontinuingoperationsperbasicshare": 0.82,
        "earningspersharebasic": 0.82,
        "incomelossfromcontinuingoperationsperdilutedshare": 0.8,
        "earningspersharediluted": 0.8,
        "weightedaveragenumberofsharesoutstandingbasic": 138600000,
        "weightedaveragenumberofdilutedsharesoutstanding": 141700000,
        "costofgoodsandservicessolddepreciationandamortization": 71700000,
        "discontinuedoperationtaxeffectofdiscontinuedoperation": 100000,
        "stockholdersequity": -3038500000,
        "othercomprehensiveincomeforeigncurrencytransactionandtranslationadjustmentnetoftaxperiodincreasedecrease": -200000,
        "othercomprehensiveincomeavailableforsalesecuritiesadjustmentnetoftaxperiodincreasedecrease": 200000,
        "othercomprehensiveincomederivativesqualifyingashedgesnetoftaxperiodincreasedecrease": -12700000,
        "othercomprehensiveincomedefinedbenefitplansnetunamortizedgainlossarisingduringperiodnetoftax": 1500000,
        "comprehensiveincomenetoftax": 101900000,
        "dividendscash": 44400000,
        "stockissuedduringperiodvaluestockoptionsexercised": 300000,
        "adjustmentstoadditionalpaidincapitalsharebasedcompensationrequisiteserviceperiodrecognitionvalue": 7700000,
        "esopnotereceivablerepayments": 300000,
        "adjustmentstoadditionalpaidincapitaltaxeffectfromsharebasedcompensation": 800000,
        "treasurystockvalueacquiredcostmethod": 95600000,
        "stockissuedduringperiodvalueemployeestockpurchaseplan": 300000,
        "othercomprehensiveincomeavailableforsalesecuritiestax": 100000,
        "othercomprehensiveincomederivativesqualifyingashedgestaxeffectperiodincreasedecrease": 7700000,
        "othercomprehensiveincomereclassificationofdefinedbenefitplansnetgainlossrecognizedinnetperiodicbenefitcosttax": 1000000,
        "stockissuedduringperiodsharesstockoptionsexercised": 200000,
        "treasurystocksharesacquired": 2400000,
        "stockissuedduringperiodsharesemployeestockpurchaseplans": 100000
    }
]