[
    {
        "date": "2024-03-29",
        "symbol": "TDG",
        "period": "Q2",
        "revenues": 1919000000,
        "costofgoodsandservicessold": 768000000,
        "grossprofit": 1151000000,
        "sellinggeneralandadministrativeexpense": 247000000,
        "amortizationofintangibleassets": 37000000,
        "operatingincomeloss": 867000000,
        "interestincomeexpensenet": -326000000,
        "othernonoperatingincomeexpense": 7000000,
        "incomelossfromcontinuingoperationsbeforeincometaxesextraordinaryitemsnoncontrollinginterest": 520000000,
        "incometaxexpensebenefit": 116000000,
        "profitloss": 404000000,
        "netincomeloss": 403000000,
        "netincomelossavailabletocommonstockholdersbasicandvestedoptionsdeemedparticipatingsecurities": 403000000,
        "earningspersharebasic": 6.96,
        "earningspersharediluted": 6.96,
        "commonstockdividendspersharecashpaid": 0,
        "weightedaveragenumberofsharesoutstandingbasic": 57800000,
        "weightedaveragenumberofdilutedsharesoutstanding": 57800000,
        "othercomprehensiveincomeforeigncurrencytransactionandtranslationadjustmentnetoftaxportionattributabletoparent": -60000000,
        "othercomprehensiveincomelosscashflowhedgegainlossafterreclassificationtaxparent": -2000000,
        "othercomprehensiveincomelossnetoftax": -58000000,
        "comprehensiveincomenetoftax": 345000000
    },
    {
        "date": "2023-12-29",
        "symbol": "TDG",
        "period": "Q1",
        "revenues": 1789000000,
        "costofgoodsandservicessold": 747000000,
        "grossprofit": 1042000000,
        "sellinggeneralandadministrativeexpense": 220000000,
        "amortizationofintangibleassets": 35000000,
        "operatingincomeloss": 787000000,
        "interestincomeexpensenet": -300000000,
        "othernonoperatingincomeexpense": 1000000,
        "incomelossfromcontinuingoperationsbeforeincometaxesextraordinaryitemsnoncontrollinginterest": 488000000,
        "incometaxexpensebenefit": 106000000,
        "profitloss": 382000000,
        "netincomeloss": 382000000,
        "netincomelossavailabletocommonstockholdersbasicandvestedoptionsdeemedparticipatingsecurities": 281000000,
        "earningspersharebasic": 4.87,
        "earningspersharediluted": 4.87,
        "commonstockdividendspersharecashpaid": 35,
        "weightedaveragenumberofsharesoutstandingbasic": 57700000,
        "weightedaveragenumberofdilutedsharesoutstanding": 57700000,
        "othercomprehensiveincomeforeigncurrencytransactionandtranslationadjustmentnetoftaxportionattributabletoparent": 91000000,
        "othercomprehensiveincomelosscashflowhedgegainlossafterreclassificationtaxparent": 53000000,
        "othercomprehensiveincomelossnetoftax": 38000000,
        "comprehensiveincomenetoftax": 420000000
    },
    {
        "date": "2023-09-29",
        "symbol": "TDG",
        "period": "Q4",
        "revenues": 6458000000,
        "costofgoodsandservicessold": 760000000,
        "grossprofit": 1092000000,
        "sellinggeneralandadministrativeexpense": 202000000,
        "amortizationofintangibleassets": 34000000,
        "operatingincomeloss": 856000000,
        "interestincomeexpensenet": 292000000,
        "refinancingcosts": 15000000,
        "othernonoperatingincomeexpense": 1000000,
        "incomelossfromcontinuingoperationsbeforeincometaxesextraordinaryitemsnoncontrollinginterest": 550000000,
        "incometaxexpensebenefit": 136000000,
        "incomelossfromcontinuingoperationsincludingportionattributabletononcontrollinginterest": 414000000,
        "profitloss": 414000000,
        "netincomeloss": 415000000,
        "netincomelossavailabletocommonstockholdersbasicandvestedoptionsdeemedparticipatingsecurities": 415000000,
        "incomelossfromcontinuingoperationsperbasicshare": 7.24,
        "incomelossfromcontinuingoperationsperdilutedshare": 7.24,
        "earningspersharebasic": 7.24,
        "earningspersharediluted": 7.24,
        "othercomprehensiveincomeforeigncurrencytransactionandtranslationadjustmentnetoftaxportionattributabletoparent": -74000000,
        "othercomprehensiveincomelosscashflowhedgegainlossafterreclassificationtaxparent": 6000000,
        "othercomprehensiveincomelossnetoftax": -68000000,
        "comprehensiveincomenetoftax": 347000000
    },
    {
        "date": "2023-06-30",
        "symbol": "TDG",
        "period": "Q3",
        "revenues": 48000000,
        "costofgoodsandservicessold": 715000000,
        "grossprofit": 1029000000,
        "sellinggeneralandadministrativeexpense": 209000000,
        "amortizationofintangibleassets": 37000000,
        "operatingincomeloss": 783000000,
        "interestincomeexpensenet": 291000000,
        "refinancingcosts": 32000000,
        "othernonoperatingincomeexpense": 9000000,
        "incomelossfromcontinuingoperationsbeforeincometaxesextraordinaryitemsnoncontrollinginterest": 469000000,
        "incometaxexpensebenefit": 117000000,
        "incomelossfromcontinuingoperationsincludingportionattributabletononcontrollinginterest": 352000000,
        "profitloss": 352000000,
        "netincomelossattributabletononcontrollinginterest": 1000000,
        "netincomeloss": 351000000,
        "netincomelossavailabletocommonstockholdersbasicandvestedoptionsdeemedparticipatingsecurities": 351000000,
        "incomelossfromcontinuingoperationsperbasicshare": 6.14,
        "incomelossfromcontinuingoperationsperdilutedshare": 6.14,
        "earningspersharebasic": 6.14,
        "earningspersharediluted": 6.14,
        "weightedaveragenumberofsharesoutstandingbasic": 57200000,
        "weightedaveragenumberofdilutedsharesoutstanding": 57200000,
        "othercomprehensiveincomeforeigncurrencytransactionandtranslationadjustmentnetoftaxportionattributabletoparent": 31000000,
        "othercomprehensiveincomelosscashflowhedgegainlossafterreclassificationtaxparent": -35000000,
        "othercomprehensiveincomelossnetoftax": 66000000,
        "comprehensiveincomenetoftax": 417000000
    },
    {
        "date": "2023-03-31",
        "symbol": "TDG",
        "period": "Q2",
        "revenues": 44000000,
        "costofgoodsandservicessold": 664000000,
        "grossprofit": 928000000,
        "sellinggeneralandadministrativeexpense": 200000000,
        "amortizationofintangibleassets": 34000000,
        "operatingincomeloss": 694000000,
        "interestincomeexpensenet": 295000000,
        "refinancingcosts": 5000000,
        "othernonoperatingincomeexpense": 2000000,
        "incomelossfromcontinuingoperationsbeforeincometaxesextraordinaryitemsnoncontrollinginterest": 396000000,
        "incometaxexpensebenefit": 92000000,
        "incomelossfromcontinuingoperationsincludingportionattributabletononcontrollinginterest": 304000000,
        "profitloss": 304000000,
        "netincomelossattributabletononcontrollinginterest": 0,
        "netincomeloss": 304000000,
        "netincomelossavailabletocommonstockholdersbasicandvestedoptionsdeemedparticipatingsecurities": 304000000,
        "incomelossfromcontinuingoperationsperbasicshare": 5.32,
        "incomelossfromcontinuingoperationsperdilutedshare": 5.32,
        "earningspersharebasic": 5.32,
        "earningspersharediluted": 5.32,
        "weightedaveragenumberofsharesoutstandingbasic": 0,
        "weightedaveragenumberofdilutedsharesoutstanding": 0,
        "othercomprehensiveincomeforeigncurrencytransactionandtranslationadjustmentnetoftaxportionattributabletoparent": 43000000,
        "othercomprehensiveincomelosscashflowhedgegainlossafterreclassificationtaxparent": 31000000,
        "othercomprehensiveincomelossnetoftax": 12000000,
        "comprehensiveincomenetoftax": 316000000
    },
    {
        "date": "2022-12-30",
        "symbol": "TDG",
        "period": "Q1",
        "revenues": 35000000,
        "costofgoodsandservicessold": 604000000,
        "grossprofit": 793000000,
        "sellinggeneralandadministrativeexpense": 169000000,
        "amortizationofintangibleassets": 34000000,
        "operatingincomeloss": 590000000,
        "interestincomeexpensenet": 286000000,
        "refinancingcosts": 4000000,
        "othernonoperatingincomeexpense": 1000000,
        "incomelossfromcontinuingoperationsbeforeincometaxesextraordinaryitemsnoncontrollinginterest": 301000000,
        "incometaxexpensebenefit": 72000000,
        "incomelossfromcontinuingoperationsincludingportionattributabletononcontrollinginterest": 229000000,
        "profitloss": 229000000,
        "netincomelossattributabletononcontrollinginterest": 1000000,
        "netincomeloss": 228000000,
        "netincomelossavailabletocommonstockholdersbasicandvestedoptionsdeemedparticipatingsecurities": 190000000,
        "incomelossfromcontinuingoperationsperbasicshare": 3.33,
        "incomelossfromcontinuingoperationsperdilutedshare": 3.33,
        "earningspersharebasic": 3.33,
        "earningspersharediluted": 3.33,
        "weightedaveragenumberofsharesoutstandingbasic": 57100000,
        "weightedaveragenumberofdilutedsharesoutstanding": 57100000,
        "othercomprehensiveincomeforeigncurrencytransactionandtranslationadjustmentnetoftaxportionattributabletoparent": 137000000,
        "othercomprehensiveincomelosscashflowhedgegainlossafterreclassificationtaxparent": -22000000,
        "othercomprehensiveincomelossnetoftax": 159000000,
        "comprehensiveincomenetoftax": 387000000
    },
    {
        "date": "2022-09-29",
        "symbol": "TDG",
        "period": "Q4",
        "revenues": 46000000,
        "costofgoodsandservicessold": 624000000,
        "grossprofit": 886000000,
        "sellinggeneralandadministrativeexpense": 211000000,
        "amortizationofintangibleassets": 34000000,
        "operatingincomeloss": 641000000,
        "interestincomeexpensenet": -1875000000,
        "othernonoperatingincomeexpense": -3000000,
        "incomelossfromcontinuingoperationsbeforeincometaxesextraordinaryitemsnoncontrollinginterest": 361000000,
        "incometaxexpensebenefit": 96000000,
        "incomelossfromcontinuingoperationsincludingportionattributabletononcontrollinginterest": 265000000,
        "profitloss": 265000000,
        "netincomeloss": 266000000,
        "netincomelossavailabletocommonstockholdersbasicandvestedoptionsdeemedparticipatingsecurities": 226000000,
        "othercomprehensiveincomeforeigncurrencytransactionandtranslationadjustmentnetoftaxportionattributabletoparent": -171000000,
        "othercomprehensiveincomelosscashflowhedgegainlossafterreclassificationtaxparent": 604000000,
        "othercomprehensiveincomelossnetoftax": -69000000,
        "comprehensiveincomenetoftax": 197000000
    },
    {
        "date": "2022-07-01",
        "symbol": "TDG",
        "period": "Q3",
        "revenues": 41000000,
        "costofgoodsandservicessold": 582000000,
        "grossprofit": 816000000,
        "sellinggeneralandadministrativeexpense": 184000000,
        "amortizationofintangibleassets": 33000000,
        "operatingincomeloss": 599000000,
        "interestincomeexpensenet": 269000000,
        "othernonoperatingincomeexpense": -23000000,
        "incomelossfromcontinuingoperationsbeforeincometaxesextraordinaryitemsnoncontrollinginterest": 313000000,
        "incometaxexpensebenefit": 74000000,
        "incomelossfromcontinuingoperationsincludingportionattributabletononcontrollinginterest": 239000000,
        "profitloss": 239000000,
        "netincomeloss": 238000000,
        "netincomelossavailabletocommonstockholdersbasicandvestedoptionsdeemedparticipatingsecurities": 238000000,
        "othercomprehensiveincomeforeigncurrencytransactionandtranslationadjustmentnetoftaxportionattributabletoparent": -155000000,
        "othercomprehensiveincomelosscashflowhedgegainlossafterreclassificationtaxparent": -24000000,
        "othercomprehensiveincomelossnetoftax": -125000000,
        "comprehensiveincomenetoftax": 113000000
    },
    {
        "date": "2022-04-01",
        "symbol": "TDG",
        "period": "Q2",
        "revenues": 40000000,
        "costofgoodsandservicessold": 591000000,
        "grossprofit": 736000000,
        "sellinggeneralandadministrativeexpense": 183000000,
        "amortizationofintangibleassets": 33000000,
        "operatingincomeloss": 520000000,
        "interestincomeexpensenet": 266000000,
        "othernonoperatingincomeexpense": 6000000,
        "incomelossfromcontinuingoperationsbeforeincometaxesextraordinaryitemsnoncontrollinginterest": 260000000,
        "incometaxexpensebenefit": 61000000,
        "incomelossfromcontinuingoperationsincludingportionattributabletononcontrollinginterest": 199000000,
        "incomelossfromdiscontinuedoperationsnetoftaxattributabletoreportingentity": 0,
        "profitloss": 199000000,
        "netincomelossattributabletononcontrollinginterest": 0,
        "netincomeloss": 199000000,
        "netincomelossavailabletocommonstockholdersbasicandvestedoptionsdeemedparticipatingsecurities": 199000000,
        "othercomprehensiveincomeforeigncurrencytransactionandtranslationadjustmentnetoftaxportionattributabletoparent": -43000000,
        "othercomprehensiveincomelosscashflowhedgegainlossafterreclassificationtaxparent": -286000000,
        "othercomprehensiveincomelossnetoftax": 127000000,
        "comprehensiveincomenetoftax": 326000000
    },
    {
        "date": "2021-12-31",
        "symbol": "TDG",
        "period": "Q1",
        "revenues": 38000000,
        "costofgoodsandservicessold": 533000000,
        "grossprofit": 661000000,
        "sellinggeneralandadministrativeexpense": 170000000,
        "amortizationofintangibleassets": 36000000,
        "operatingincomeloss": 455000000,
        "interestincomeexpensenet": 264000000,
        "othernonoperatingincomeexpense": 2000000,
        "incomelossfromcontinuingoperationsbeforeincometaxesextraordinaryitemsnoncontrollinginterest": 193000000,
        "incometaxexpensebenefit": 30000000,
        "incomelossfromcontinuingoperationsincludingportionattributabletononcontrollinginterest": 163000000,
        "incomelossfromdiscontinuedoperationsnetoftaxattributabletoreportingentity": 1000000,
        "profitloss": 164000000,
        "netincomelossattributabletononcontrollinginterest": 1000000,
        "netincomeloss": 163000000,
        "netincomelossavailabletocommonstockholdersbasicandvestedoptionsdeemedparticipatingsecurities": 117000000,
        "incomelossfromcontinuingoperationsperbasicanddilutedshare": 1.96,
        "discontinuedoperationincomelossfromdiscontinuedoperationnetoftaxperbasicanddilutedshare": 0.02,
        "earningspersharebasicanddiluted": 1.98,
        "weightedaveragenumberofshareoutstandingbasicanddiluted": 59200000,
        "othercomprehensiveincomeforeigncurrencytransactionandtranslationadjustmentnetoftaxportionattributabletoparent": -10000000,
        "othercomprehensiveincomelossforeigncurrencytransactionandtranslationadjustmentnetoftax": -10000000,
        "othercomprehensiveincomelosscashflowhedgegainlossafterreclassificationtaxparent": 58000000,
        "othercomprehensiveincomelossnetoftax": 48000000,
        "comprehensiveincomenetoftax": 211000000
    },
    {
        "date": "2021-09-29",
        "symbol": "TDG",
        "period": "Q4",
        "revenues": 43000000,
        "costofgoodsandservicessold": 554000000,
        "grossprofit": 725000000,
        "sellinggeneralandadministrativeexpense": 154000000,
        "amortizationofintangibleassets": 36000000,
        "operatingincomeloss": 535000000,
        "interestincomeexpensenet": 261000000,
        "othernonoperatingincomeexpense": 14000000,
        "incomelossfromcontinuingoperationsbeforeincometaxesextraordinaryitemsnoncontrollinginterest": 287000000,
        "incometaxexpensebenefit": 79000000,
        "incomelossfromcontinuingoperationsincludingportionattributabletononcontrollinginterest": 208000000,
        "profitloss": 208000000,
        "netincomeloss": 209000000,
        "netincomelossavailabletocommonstockholdersbasicandvestedoptionsdeemedparticipatingsecurities": 209000000,
        "incomelossfromcontinuingoperationsperbasicanddilutedshare": 3.5800000000000005,
        "earningspersharebasicanddiluted": 3.5800000000000005,
        "othercomprehensiveincomelossnetoftax": -26000000,
        "comprehensiveincomenetoftax": 183000000
    },
    {
        "date": "2021-07-02",
        "symbol": "TDG",
        "period": "Q3",
        "revenues": 1218000000,
        "costofgoodsandservicessold": 562000000,
        "grossprofit": 656000000,
        "sellinggeneralandadministrativeexpense": 173000000,
        "amortizationofintangibleassets": 36000000,
        "operatingincomeloss": 447000000,
        "interestincomeexpensenet": -263000000,
        "othernonoperatingincomeexpense": 4000000,
        "incomelossfromcontinuingoperationsbeforeincometaxesextraordinaryitemsnoncontrollinginterest": 245000000,
        "incometaxexpensebenefit": -73000000,
        "incomelossfromcontinuingoperationsincludingportionattributabletononcontrollinginterest": 318000000,
        "profitloss": 318000000,
        "netincomeloss": 317000000,
        "netincomelossavailabletocommonstockholdersbasicandvestedoptionsdeemedparticipatingsecurities": 317000000,
        "incomelossfromcontinuingoperationsperbasicanddilutedshare": 5.43,
        "earningspersharebasicanddiluted": 5.43,
        "weightedaveragenumberofshareoutstandingbasicanddiluted": 0,
        "othercomprehensiveincomelossderivativesqualifyingashedgesnetoftax": 2000000,
        "othercomprehensiveincomelossnetoftax": 12000000,
        "comprehensiveincomenetoftax": 329000000
    },
    {
        "date": "2021-04-02",
        "symbol": "TDG",
        "period": "Q2",
        "revenues": 1193000000,
        "costofgoodsandservicessold": 602000000,
        "grossprofit": 591000000,
        "sellinggeneralandadministrativeexpense": 161000000,
        "amortizationofintangibleassets": 36000000,
        "operatingincomeloss": 394000000,
        "interestincomeexpensenet": -268000000,
        "othernonoperatingincomeexpense": 28000000,
        "incomelossfromcontinuingoperationsbeforeincometaxesextraordinaryitemsnoncontrollinginterest": 130000000,
        "incometaxexpensebenefit": 25000000,
        "incomelossfromcontinuingoperationsincludingportionattributabletononcontrollinginterest": 105000000,
        "profitloss": 105000000,
        "netincomeloss": 104000000,
        "netincomelossavailabletocommonstockholdersbasicandvestedoptionsdeemedparticipatingsecurities": 104000000,
        "incomelossfromcontinuingoperationsperbasicanddilutedshare": 1.8199999999999998,
        "earningspersharebasicanddiluted": 1.8199999999999998,
        "weightedaveragenumberofshareoutstandingbasicanddiluted": 3700000,
        "othercomprehensiveincomelossforeigncurrencytransactionandtranslationadjustmentnetoftax": 0,
        "othercomprehensiveincomelossderivativesqualifyingashedgesnetoftax": 43000000,
        "othercomprehensiveincomelossnetoftax": 43000000,
        "comprehensiveincomenetoftax": 147000000
    },
    {
        "date": "2021-01-01",
        "symbol": "TDG",
        "period": "Q1",
        "revenues": 1108000000,
        "costofgoodsandservicessold": 567000000,
        "grossprofit": 541000000,
        "sellinggeneralandadministrativeexpense": 197000000,
        "amortizationofintangibleassets": 29000000,
        "operatingincomeloss": 315000000,
        "interestincomeexpensenet": -267000000,
        "othernonoperatingincomeexpense": 5000000,
        "incomelossfromcontinuingoperationsbeforeincometaxesextraordinaryitemsnoncontrollinginterest": 53000000,
        "incometaxexpensebenefit": 3000000,
        "incomelossfromcontinuingoperationsincludingportionattributabletononcontrollinginterest": 50000000,
        "profitloss": 50000000,
        "netincomeloss": 50000000,
        "netincomelossavailabletocommonstockholdersbasicandvestedoptionsdeemedparticipatingsecurities": -23000000,
        "incomelossfromcontinuingoperationsperbasicanddilutedshare": -0.42,
        "earningspersharebasicanddiluted": -0.42,
        "weightedaveragenumberofshareoutstandingbasicanddiluted": 54700000,
        "othercomprehensiveincomelossforeigncurrencytransactionandtranslationadjustmentnetoftax": 111000000,
        "othercomprehensiveincomelossderivativesqualifyingashedgesnetoftax": 13000000,
        "othercomprehensiveincomelossnetoftax": 124000000,
        "comprehensiveincomenetoftax": 174000000
    },
    {
        "date": "2020-09-29",
        "symbol": "TDG",
        "period": "Q4",
        "revenues": 1173000000,
        "costofgoodsandservicessold": 637000000,
        "grossprofit": 536000000,
        "sellinggeneralandadministrativeexpense": 183000000,
        "amortizationofintangibleassets": 41000000,
        "operatingincomeloss": 312000000,
        "interestincomeexpensenet": -267000000,
        "refinancingcosts": 1000000,
        "incomelossfromcontinuingoperationsbeforeincometaxesextraordinaryitemsnoncontrollinginterest": 76000000,
        "incometaxexpensebenefit": -25000000,
        "incomelossfromcontinuingoperationsincludingportionattributabletononcontrollinginterest": 101000000,
        "incomelossfromdiscontinuedoperationsnetoftaxattributabletoreportingentity": -19000000,
        "profitloss": 82000000,
        "netincomeloss": 82000000,
        "netincomelossavailabletocommonstockholdersbasicandvestedoptionsdeemedparticipatingsecurities": 82000000,
        "incomelossfromcontinuingoperationsperbasicanddilutedshare": 1.7600000000000007,
        "discontinuedoperationincomelossfromdiscontinuedoperationnetoftaxperbasicanddilutedshare": -0.32999999999999996,
        "earningspersharebasicanddiluted": 1.4300000000000002,
        "othercomprehensiveincomelossforeigncurrencytransactionandtranslationadjustmentnetoftax": 57000000,
        "othercomprehensiveincomelossderivativesqualifyingashedgesnetoftax": 6000000,
        "othercomprehensiveincomelossnetoftax": 89000000,
        "comprehensiveincomenetoftax": 171000000
    },
    {
        "date": "2020-06-26",
        "symbol": "TDG",
        "period": "Q3",
        "revenues": 1022000000,
        "costofgoodsandservicessold": 531000000,
        "grossprofit": 491000000,
        "sellinggeneralandadministrativeexpense": 163000000,
        "amortizationofintangibleassets": 42000000,
        "operatingincomeloss": 286000000,
        "interestincomeexpensenet": -261000000,
        "refinancingcosts": 1000000,
        "incomelossfromcontinuingoperationsbeforeincometaxesextraordinaryitemsnoncontrollinginterest": 35000000,
        "incometaxexpensebenefit": 39000000,
        "incomelossfromcontinuingoperationsincludingportionattributabletononcontrollinginterest": -4000000,
        "incomelossfromdiscontinuedoperationsnetoftaxattributabletoreportingentity": -2000000,
        "profitloss": -6000000,
        "netincomeloss": -6000000,
        "netincomelossavailabletocommonstockholdersbasicandvestedoptionsdeemedparticipatingsecurities": -6000000,
        "incomelossfromcontinuingoperationsperbasicanddilutedshare": -0.07000000000000017,
        "discontinuedoperationincomelossfromdiscontinuedoperationnetoftaxperbasicanddilutedshare": -0.030000000000000027,
        "earningspersharebasicanddiluted": -0.10000000000000009,
        "othercomprehensiveincomelossforeigncurrencytransactionandtranslationadjustmentnetoftax": 27000000,
        "othercomprehensiveincomelossderivativesqualifyingashedgesnetoftax": -14000000,
        "othercomprehensiveincomelossnetoftax": 13000000,
        "comprehensiveincomenetoftax": 7000000
    },
    {
        "date": "2020-03-27",
        "symbol": "TDG",
        "period": "Q2",
        "profitloss": 319000000,
        "netincomelossattributabletononcontrollinginterest": 0,
        "netincomeloss": 319000000,
        "othercomprehensiveincomelossforeigncurrencytransactionandtranslationadjustmentnetoftax": -106000000,
        "othercomprehensiveincomelossderivativesqualifyingashedgesnetoftax": -145000000,
        "othercomprehensiveincomelosspensionandotherpostretirementbenefitplansadjustmentnetoftax": 0,
        "othercomprehensiveincomelossnetoftax": -251000000,
        "comprehensiveincomenetoftax": 68000000,
        "revenues": 1443000000,
        "costofgoodsandservicessold": 624000000,
        "grossprofit": 819000000,
        "sellinggeneralandadministrativeexpense": 180000000,
        "amortizationofintangibleassets": 46000000,
        "operatingincomeloss": 593000000,
        "interestincomeexpensenet": -253000000,
        "refinancingcosts": 4000000,
        "othernonoperatingincomeexpense": 0,
        "incomelossfromcontinuingoperationsbeforeincometaxesextraordinaryitemsnoncontrollinginterest": 336000000,
        "incometaxexpensebenefit": 14000000,
        "incomelossfromcontinuingoperationsincludingportionattributabletononcontrollinginterest": 322000000,
        "incomelossfromdiscontinuedoperationsnetoftaxattributabletoreportingentity": -3000000,
        "netincomelossavailabletocommonstockholdersbasicandvestedoptionsdeemedparticipatingsecurities": 319000000,
        "incomelossfromcontinuingoperationsperbasicanddilutedshare": 5.62,
        "discontinuedoperationincomelossfromdiscontinuedoperationnetoftaxperbasicanddilutedshare": -0.06000000000000005,
        "earningspersharebasicanddiluted": 5.5600000000000005,
        "commonstockdividendspersharedeclared": 0,
        "weightedaveragenumberofshareoutstandingbasicanddiluted": 0
    },
    {
        "date": "2019-12-27",
        "symbol": "TDG",
        "period": "Q1",
        "profitloss": 305000000,
        "netincomelossattributabletononcontrollinginterest": -1000000,
        "netincomeloss": 304000000,
        "othercomprehensiveincomelossforeigncurrencytransactionandtranslationadjustmentnetoftax": 98000000,
        "othercomprehensiveincomelossderivativesqualifyingashedgesnetoftax": 23000000,
        "othercomprehensiveincomelosspensionandotherpostretirementbenefitplansadjustmentnetoftax": -6000000,
        "othercomprehensiveincomelossnetoftax": 127000000,
        "comprehensiveincomenetoftax": 431000000,
        "revenues": 1465000000,
        "costofgoodsandservicessold": 664000000,
        "grossprofit": 801000000,
        "sellinggeneralandadministrativeexpense": 201000000,
        "amortizationofintangibleassets": 40000000,
        "operatingincomeloss": 560000000,
        "interestincomeexpensenet": -248000000,
        "refinancingcosts": 22000000,
        "othernonoperatingincomeexpense": 3000000,
        "incomelossfromcontinuingoperationsbeforeincometaxesextraordinaryitemsnoncontrollinginterest": 293000000,
        "incometaxexpensebenefit": 59000000,
        "incomelossfromcontinuingoperationsincludingportionattributabletononcontrollinginterest": 234000000,
        "incomelossfromdiscontinuedoperationsnetoftaxattributabletoreportingentity": 71000000,
        "netincomelossavailabletocommonstockholdersbasicandvestedoptionsdeemedparticipatingsecurities": 119000000,
        "incomelossfromcontinuingoperationsperbasicanddilutedshare": 0.83,
        "discontinuedoperationincomelossfromdiscontinuedoperationnetoftaxperbasicanddilutedshare": 1.24,
        "earningspersharebasicanddiluted": 2.07,
        "commonstockdividendspersharedeclared": 32.5,
        "weightedaveragenumberofshareoutstandingbasicanddiluted": 57400000
    },
    {
        "date": "2019-09-29",
        "symbol": "TDG",
        "period": "Q4",
        "netincomeloss": 346870000,
        "othercomprehensiveincomelossforeigncurrencytransactionandtranslationadjustmentnetoftax": -142459000,
        "othercomprehensiveincomelossderivativesqualifyingashedgesnetoftax": -31958000,
        "othercomprehensiveincomelossnetoftax": -363432000,
        "comprehensiveincomenetoftax": 700166000,
        "costofgoodsandservicessold": 999539000,
        "grossprofit": 1370184000,
        "sellinggeneralandadministrativeexpense": 267418000,
        "amortizationofintangibleassets": 69770000,
        "operatingincomeloss": 1032996000,
        "interestincomeexpensenet": -241418000,
        "refinancingcosts": -527000,
        "incomelossfromcontinuingoperationsbeforeincometaxesextraordinaryitemsnoncontrollinginterest": 1110848000,
        "incometaxexpensebenefit": 96688000,
        "netincomelossavailabletocommonstockholdersbasicandvestedoptionsdeemedparticipatingsecurities": 260158000,
        "incomelossfromcontinuingoperationsperbasicanddilutedshare": 3.7199999999999998,
        "earningspersharebasicanddiluted": 4.62,
        "weightedaveragenumberofshareoutstandingbasicanddiluted": -112531000
    },
    {
        "date": "2019-06-28",
        "symbol": "TDG",
        "period": "Q3",
        "profitloss": 144610000,
        "netincomelossattributabletononcontrollinginterest": -160000,
        "netincomeloss": 144450000,
        "othercomprehensiveincomelossforeigncurrencytransactionandtranslationadjustmentnetoftax": 51752000,
        "othercomprehensiveincomelossderivativesqualifyingashedgesnetoftax": -70144000,
        "othercomprehensiveincomelosspensionandotherpostretirementbenefitplansadjustmentnetoftax": 346000,
        "othercomprehensiveincomelossnetoftax": -18738000,
        "comprehensiveincomenetoftax": 125712000,
        "revenues": 1658319000,
        "costofgoodsandservicessold": 896845000,
        "grossprofit": 761474000,
        "sellinggeneralandadministrativeexpense": 274557000,
        "amortizationofintangibleassets": 41889000,
        "operatingincomeloss": 445028000,
        "interestincomeexpensenet": -241292000,
        "refinancingcosts": 106000,
        "othernonoperatingincomeexpense": 1889000,
        "incomelossfromcontinuingoperationsbeforeincometaxesextraordinaryitemsnoncontrollinginterest": 205519000,
        "incometaxexpensebenefit": 60909000,
        "incomelossfromcontinuingoperationsincludingportionattributabletononcontrollinginterest": 144610000,
        "netincomelossavailabletocommonstockholdersbasicandvestedoptionsdeemedparticipatingsecurities": 144450000,
        "incomelossfromcontinuingoperationsperbasicanddilutedshare": 2.57,
        "earningspersharebasicanddiluted": 2.57,
        "weightedaveragenumberofshareoutstandingbasicanddiluted": 56265000
    },
    {
        "date": "2019-03-29",
        "symbol": "TDG",
        "period": "Q2",
        "profitloss": 202632000,
        "incomelossfromcontinuingoperationsattributabletononcontrollingentity": -224000,
        "netincomeloss": 202408000,
        "othercomprehensiveincomelossforeigncurrencytransactionandtranslationadjustmentnetoftax": -12921000,
        "othercomprehensiveincomelossderivativesqualifyingashedgesnetoftax": -63254000,
        "othercomprehensiveincomelosspensionandotherpostretirementbenefitplansadjustmentnetoftax": -131000,
        "othercomprehensiveincomelossnetoftax": -76044000,
        "comprehensiveincomenetoftax": 126364000,
        "salesrevenuenet": 1195938000,
        "costofgoodsandservicessold": 536618000,
        "grossprofit": 659320000,
        "sellinggeneralandadministrativeexpense": 164366000,
        "amortizationofintangibleassets": 23063000,
        "operatingincomeloss": 471891000,
        "interestincomeexpensenet": -201409000,
        "refinancingcosts": 3298000,
        "incomelossfromcontinuingoperationsbeforeincometaxesextraordinaryitemsnoncontrollinginterest": 267184000,
        "incometaxexpensebenefit": 64552000,
        "incomelossfromcontinuingoperationsincludingportionattributabletononcontrollinginterest": 202632000,
        "incomelossfromcontinuingoperations": 202408000,
        "netincomelossavailabletocommonstockholdersbasicandvestedoptionsdeemedparticipatingsecurities": 202408000,
        "incomelossfromcontinuingoperationsperbasicanddilutedshare": 3.6,
        "earningspersharebasicanddiluted": 3.6,
        "weightedaveragenumberofshareoutstandingbasicanddiluted": 56265000
    },
    {
        "date": "2018-12-28",
        "symbol": "TDG",
        "period": "Q1",
        "netincomeloss": 196042000,
        "othercomprehensiveincomelossforeigncurrencytransactionandtranslationadjustmentnetoftax": -11228000,
        "othercomprehensiveincomelossderivativesqualifyingashedgesnetoftax": -73865000,
        "othercomprehensiveincomelossnetoftax": 75133000,
        "comprehensiveincomenetoftax": -445553000,
        "salesrevenuenet": -19070000,
        "costofgoodsandservicessold": -19070000,
        "grossprofit": 18293000,
        "sellinggeneralandadministrativeexpense": 41432000,
        "amortizationofintangibleassets": 230000,
        "operatingincomeloss": -23369000,
        "interestincomeexpensenet": -175634000,
        "refinancingcosts": 136000,
        "incomelossfromcontinuingoperationsbeforeincometaxesextraordinaryitemsnoncontrollinginterest": -520686000,
        "incometaxexpensebenefit": -163000,
        "incomelossfromcontinuingoperations": -520686000,
        "netincomelossavailabletocommonstockholdersbasicandvestedoptionsdeemedparticipatingsecurities": 171733000,
        "incomelossfromcontinuingoperationsperbasicanddilutedshare": 3.05,
        "earningspersharebasicanddiluted": 3.05,
        "weightedaveragenumberofshareoutstandingbasicanddiluted": 56266000
    },
    {
        "date": "2018-06-29",
        "symbol": "TDG",
        "period": "Q3",
        "netincomeloss": 217246000,
        "othercomprehensiveincomelossforeigncurrencytransactionandtranslationadjustmentnetoftax": -32543000,
        "othercomprehensiveincomelossderivativesqualifyingashedgesnetoftax": 2307000,
        "othercomprehensiveincomelossnetoftax": -86846000,
        "comprehensiveincomenetoftax": -1296676000,
        "salesrevenuenet": 0,
        "costofgoodsandservicessold": -441793000,
        "grossprofit": -481956000,
        "sellinggeneralandadministrativeexpense": -35037000,
        "amortizationofintangibleassets": -16776000,
        "operatingincomeloss": -430500000,
        "interestincomeexpensenet": -167577000,
        "refinancingcosts": -1038000,
        "incomelossfromcontinuingoperationsbeforeincometaxesextraordinaryitemsnoncontrollinginterest": -1260739000,
        "incometaxexpensebenefit": -45857000,
        "incomelossfromcontinuingoperations": -1215392000,
        "incomelossfromdiscontinuedoperationsnetoftaxattributabletoreportingentity": -145000,
        "netincomelossavailabletocommonstockholdersbasicandvestedoptionsdeemedparticipatingsecurities": 217246000,
        "incomelossfromcontinuingoperationsperbasicanddilutedshare": 3.910000000000002,
        "discontinuedoperationincomelossfromdiscontinuedoperationnetoftaxperbasicanddilutedshare": 0,
        "earningspersharebasicanddiluted": 3.91,
        "weightedaveragenumberofshareoutstandingbasicanddiluted": -55607000
    },
    {
        "date": "2018-03-30",
        "symbol": "TDG",
        "period": "Q2",
        "netincomeloss": 196278000,
        "othercomprehensiveincomelossforeigncurrencytransactionandtranslationadjustmentnetoftax": 23036000,
        "othercomprehensiveincomelossderivativesqualifyingashedgesnetoftax": 45226000,
        "othercomprehensiveincomelossnetoftax": 68262000,
        "comprehensiveincomenetoftax": 264540000,
        "salesrevenuenet": 2679000,
        "costofgoodsandservicessold": 398996000,
        "grossprofit": 534074000,
        "sellinggeneralandadministrativeexpense": 107526000,
        "amortizationofintangibleassets": 17457000,
        "operatingincomeloss": 409091000,
        "interestincomeexpensenet": -161266000,
        "refinancingcosts": 638000,
        "incomelossfromcontinuingoperationsbeforeincometaxesextraordinaryitemsnoncontrollinginterest": 247187000,
        "incometaxexpensebenefit": 45347000,
        "incomelossfromcontinuingoperations": 201840000,
        "incomelossfromdiscontinuedoperationsnetoftaxattributabletoreportingentity": -5562000,
        "netincomelossavailabletocommonstockholdersbasicandvestedoptionsdeemedparticipatingsecurities": 196278000,
        "incomelossfromcontinuingoperationsperbasicanddilutedshare": 3.63,
        "discontinuedoperationincomelossfromdiscontinuedoperationnetoftaxperbasicanddilutedshare": -0.1,
        "earningspersharebasicanddiluted": 3.53,
        "weightedaveragenumberofshareoutstandingbasicanddiluted": 55605000
    },
    {
        "date": "2017-12-29",
        "symbol": "TDG",
        "period": "Q1",
        "netincomeloss": 314775000,
        "othercomprehensiveincomelossforeigncurrencytransactionandtranslationadjustmentnetoftax": 5152000,
        "othercomprehensiveincomelossderivativesqualifyingashedgesnetoftax": 18248000,
        "othercomprehensiveincomelossnetoftax": -41326000,
        "comprehensiveincomenetoftax": -669596000,
        "salesrevenuenet": 9129000,
        "costofgoodsandservicessold": -17703000,
        "grossprofit": -1357000,
        "sellinggeneralandadministrativeexpense": 2219000,
        "amortizationofintangibleassets": 357000,
        "operatingincomeloss": -3576000,
        "interestincomeexpensenet": -160933000,
        "refinancingcosts": 600000,
        "incomelossfromcontinuingoperationsbeforeincometaxesextraordinaryitemsnoncontrollinginterest": -628270000,
        "incometaxexpensebenefit": -267000,
        "incomelossfromcontinuingoperations": -628270000,
        "incomelossfromdiscontinuedoperationsnetoftaxattributabletoreportingentity": 2764000,
        "netincomelossavailabletocommonstockholdersbasicandvestedoptionsdeemedparticipatingsecurities": 258627000,
        "incomelossfromcontinuingoperationsperbasicanddilutedshare": 4.6,
        "discontinuedoperationincomelossfromdiscontinuedoperationnetoftaxperbasicanddilutedshare": 0.05,
        "earningspersharebasicanddiluted": 4.65,
        "weightedaveragenumberofshareoutstandingbasicanddiluted": 55600000
    },
    {
        "date": "2017-03-31",
        "symbol": "TDG",
        "period": "Q2",
        "netincomeloss": 155505000,
        "othercomprehensiveincomelossforeigncurrencytransactionandtranslationadjustmentnetoftax": 8050000,
        "othercomprehensiveincomelossderivativesqualifyingashedgesnetoftax": 2179000,
        "othercomprehensiveincomelossnetoftax": -12556000,
        "comprehensiveincomenetoftax": -503240000,
        "salesrevenuenet": 479760000,
        "costofgoodsandservicessold": -25313000,
        "grossprofit": 15443000,
        "sellinggeneralandadministrativeexpense": -23936000,
        "amortizationofintangibleassets": 198000,
        "operatingincomeloss": 10761000,
        "interestincomeexpensenet": -147842000,
        "refinancingcosts": 0,
        "incomelossfromcontinuingoperationsbeforeincometaxesextraordinaryitemsnoncontrollinginterest": -490684000,
        "incometaxexpensebenefit": -358000,
        "netincomelossavailabletocommonstockholdersbasicandvestedoptionsdeemedparticipatingsecurities": 155505000,
        "earningspersharebasicanddiluted": 2.76,
        "commonstockdividendspersharecashpaid": 0,
        "weightedaveragenumberofshareoutstandingbasicanddiluted": -313000
    },
    {
        "date": "2016-12-30",
        "symbol": "TDG",
        "period": "Q1",
        "netincomeloss": 118871000,
        "othercomprehensiveincomelossforeigncurrencytransactionandtranslationadjustmentnetoftax": -28052000,
        "othercomprehensiveincomelossderivativesqualifyingashedgesnetoftax": 38775000,
        "othercomprehensiveincomelossnetoftax": 15913000,
        "comprehensiveincomenetoftax": -397946000,
        "salesrevenuenet": 441074000,
        "costofgoodsandservicessold": -15284000,
        "grossprofit": 13364000,
        "sellinggeneralandadministrativeexpense": 24320000,
        "amortizationofintangibleassets": 189000,
        "operatingincomeloss": -11145000,
        "interestincomeexpensenet": -146004000,
        "refinancingcosts": 200000,
        "incomelossfromcontinuingoperationsbeforeincometaxesextraordinaryitemsnoncontrollinginterest": -413859000,
        "incometaxexpensebenefit": -357000,
        "netincomelossavailabletocommonstockholdersbasicandvestedoptionsdeemedparticipatingsecurities": 22900000,
        "earningspersharebasicanddiluted": 0.41,
        "commonstockdividendspersharecashpaid": 24,
        "weightedaveragenumberofshareoutstandingbasicanddiluted": 56524000
    },
    {
        "date": "2016-07-01",
        "symbol": "TDG",
        "period": "Q3",
        "netincomeloss": 140597000,
        "othercomprehensiveincomelossforeigncurrencytransactionandtranslationadjustmentnetoftax": -20257000,
        "othercomprehensiveincomelossderivativesqualifyingashedgesnetoftax": -7435000,
        "othercomprehensiveincomelossnetoftax": -27692000,
        "comprehensiveincomenetoftax": 112905000,
        "salesrevenuenet": 402137000,
        "costofgoodsandservicessold": 354177000,
        "grossprofit": 443515000,
        "sellinggeneralandadministrativeexpense": 94244000,
        "amortizationofintangibleassets": 18629000,
        "operatingincomeloss": 330642000,
        "interestincomeexpensenet": -120812000,
        "refinancingcosts": 15654000,
        "incomelossfromcontinuingoperationsbeforeincometaxesextraordinaryitemsnoncontrollinginterest": 194176000,
        "incometaxexpensebenefit": 53579000,
        "netincomelossavailabletocommonstockholdersbasicandvestedoptionsdeemedparticipatingsecurities": 140597000,
        "earningspersharebasicanddiluted": 2.52,
        "weightedaveragenumberofshareoutstandingbasicanddiluted": 55832000
    },
    {
        "date": "2016-04-01",
        "symbol": "TDG",
        "period": "Q2",
        "netincomeloss": 138627000,
        "othercomprehensiveincomelossforeigncurrencytransactionandtranslationadjustmentnetoftax": 4636000,
        "othercomprehensiveincomelossderivativesqualifyingashedgesnetoftax": -18383000,
        "othercomprehensiveincomelossnetoftax": -13747000,
        "comprehensiveincomenetoftax": 124880000,
        "salesrevenuenet": 405491000,
        "costofgoodsandservicessold": 371140000,
        "grossprofit": 425661000,
        "sellinggeneralandadministrativeexpense": 95064000,
        "amortizationofintangibleassets": 18522000,
        "operatingincomeloss": 312075000,
        "interestincomeexpensenet": -111288000,
        "incomelossfromcontinuingoperationsbeforeincometaxesextraordinaryitemsnoncontrollinginterest": 200787000,
        "incometaxexpensebenefit": 62160000,
        "netincomelossavailabletocommonstockholdersbasicandvestedoptionsdeemedparticipatingsecurities": 138627000,
        "earningspersharebasicanddiluted": 2.47,
        "weightedaveragenumberofshareoutstandingbasicanddiluted": 56134000
    },
    {
        "date": "2016-01-01",
        "symbol": "TDG",
        "period": "Q1",
        "netincomeloss": 114901000,
        "othercomprehensiveincomelossforeigncurrencytransactionandtranslationadjustmentnetoftax": -8950000,
        "othercomprehensiveincomelossderivativesqualifyingashedgesnetoftax": 8858000,
        "othercomprehensiveincomelossnetoftax": 9081000,
        "comprehensiveincomenetoftax": -311792000,
        "othercomprehensiveincomelossderivativesqualifyingashedgestax": 5092000,
        "salesrevenuenet": 347209000,
        "costofgoodsandservicessold": -5695000,
        "grossprofit": 11424000,
        "sellinggeneralandadministrativeexpense": 12816000,
        "amortizationofintangibleassets": 363000,
        "operatingincomeloss": -1755000,
        "interestincomeexpensenet": -111983000,
        "incomelossfromcontinuingoperationsbeforeincometaxesextraordinaryitemsnoncontrollinginterest": -320873000,
        "incometaxexpensebenefit": -26075000,
        "netincomelossavailabletocommonstockholdersbasicandvestedoptionsdeemedparticipatingsecurities": 111901000,
        "earningspersharebasicanddiluted": 1.97,
        "weightedaveragenumberofshareoutstandingbasicanddiluted": 56805000
    },
    {
        "date": "2015-06-26",
        "symbol": "TDG",
        "period": "Q3",
        "salesrevenuenet": 325250000,
        "costofgoodsandservicessold": 331940000,
        "grossprofit": 359455000,
        "sellinggeneralandadministrativeexpense": 81849000,
        "amortizationofintangibleassets": 13910000,
        "operatingincomeloss": 263696000,
        "interestincomeexpensenet": -106796000,
        "refinancingcosts": 18159000,
        "incomelossfromcontinuingoperationsbeforeincometaxesextraordinaryitemsnoncontrollinginterest": 138741000,
        "incometaxexpensebenefit": 39629000,
        "netincomeloss": 99112000,
        "netincomelossavailabletocommonstockholdersbasicandvestedoptionsdeemedparticipatingsecurities": 99112000,
        "earningspersharebasicanddiluted": 1.75,
        "weightedaveragenumberofshareoutstandingbasicanddiluted": 56608000,
        "othercomprehensiveincomelossforeigncurrencytransactionandtranslationadjustmentnetoftax": 17042000,
        "othercomprehensiveincomelossderivativesqualifyingashedgesnetoftax": 8774000,
        "othercomprehensiveincomelossnetoftax": 25816000,
        "comprehensiveincomenetoftax": 124928000,
        "othercomprehensiveincomelossderivativesqualifyingashedgestax": 4906000
    },
    {
        "date": "2015-03-27",
        "symbol": "TDG",
        "period": "Q2",
        "salesrevenuenet": 292220000,
        "costofgoodsandservicessold": 277413000,
        "grossprofit": 341617000,
        "sellinggeneralandadministrativeexpense": 74026000,
        "amortizationofintangibleassets": 11030000,
        "operatingincomeloss": 256561000,
        "interestincomeexpensenet": -99892000,
        "incomelossfromcontinuingoperationsbeforeincometaxesextraordinaryitemsnoncontrollinginterest": 156669000,
        "incometaxexpensebenefit": 45775000,
        "netincomeloss": 110894000,
        "netincomelossavailabletocommonstockholdersbasicandvestedoptionsdeemedparticipatingsecurities": 110894000,
        "earningspersharebasicanddiluted": 1.96,
        "weightedaveragenumberofshareoutstandingbasicanddiluted": 56604000,
        "othercomprehensiveincomelossforeigncurrencytransactionandtranslationadjustmentnetoftax": -24083000,
        "othercomprehensiveincomelossderivativesqualifyingashedgesnetoftax": -13918000,
        "othercomprehensiveincomelossnetoftax": -38001000,
        "comprehensiveincomenetoftax": 72893000,
        "othercomprehensiveincomelossderivativesqualifyingashedgestax": 7800000
    },
    {
        "date": "2014-12-26",
        "symbol": "TDG",
        "period": "Q1",
        "salesrevenuenet": 31568000,
        "costofgoodsandservicessold": 18484000,
        "grossprofit": 13084000,
        "sellinggeneralandadministrativeexpense": 15758000,
        "amortizationofintangibleassets": 347000,
        "operatingincomeloss": -3021000,
        "interestincomeexpensenet": -101418000,
        "incomelossfromcontinuingoperationsbeforeincometaxesextraordinaryitemsnoncontrollinginterest": 61397000,
        "incometaxexpensebenefit": -34136000,
        "netincomeloss": 95533000,
        "netincomelossavailabletocommonstockholdersbasicandvestedoptionsdeemedparticipatingsecurities": 92168000,
        "earningspersharebasicanddiluted": 1.63,
        "weightedaveragenumberofshareoutstandingbasicanddiluted": 56591000,
        "othercomprehensiveincomelossforeigncurrencytransactionandtranslationadjustmentnetoftax": -10748000,
        "othercomprehensiveincomelossderivativesqualifyingashedgesnetoftax": -10538000,
        "othercomprehensiveincomelossnetoftax": -6709000,
        "comprehensiveincomenetoftax": 88824000,
        "othercomprehensiveincomelossderivativesqualifyingashedgestax": 5900000
    },
    {
        "date": "2014-06-27",
        "symbol": "TDG",
        "period": "Q3",
        "salesrevenuenet": 275702000,
        "costofgoodsandservicessold": 283054000,
        "grossprofit": 327528000,
        "sellinggeneralandadministrativeexpense": 71146000,
        "amortizationofintangibleassets": 16402000,
        "operatingincomeloss": 239980000,
        "interestincomeexpensenet": -87613000,
        "refinancingcosts": 131490000,
        "incomelossfromcontinuingoperationsbeforeincometaxesextraordinaryitemsnoncontrollinginterest": 20877000,
        "incometaxexpensebenefit": 4700000,
        "netincomeloss": 16177000,
        "netincomelossavailabletocommonstockholdersbasicandvestedoptionsdeemedparticipatingsecurities": -94726000,
        "earningspersharebasicanddiluted": -1.66,
        "commonstockdividendspersharecashpaid": 25,
        "weightedaveragenumberofshareoutstandingbasicanddiluted": 57170000,
        "othercomprehensiveincomelossforeigncurrencytransactionandtranslationadjustmentnetoftax": 758000,
        "othercomprehensiveincomelossderivativesqualifyingashedgesnetoftax": -6972000,
        "othercomprehensiveincomelossnetoftax": -6214000,
        "comprehensiveincomenetoftax": 9963000
    },
    {
        "date": "2014-03-28",
        "symbol": "TDG",
        "period": "Q2",
        "salesrevenuenet": 308221000,
        "costofgoodsandservicessold": 283179000,
        "grossprofit": 307582000,
        "sellinggeneralandadministrativeexpense": 71488000,
        "amortizationofintangibleassets": 17600000,
        "operatingincomeloss": 218494000,
        "interestincomeexpensenet": -82289000,
        "incomelossfromcontinuingoperationsbeforeincometaxesextraordinaryitemsnoncontrollinginterest": 136205000,
        "incometaxexpensebenefit": 45850000,
        "netincomeloss": 90355000,
        "netincomelossavailabletocommonstockholdersbasicandvestedoptionsdeemedparticipatingsecurities": 84869000,
        "earningspersharebasicanddiluted": 1.49,
        "weightedaveragenumberofshareoutstandingbasicanddiluted": 57068000,
        "othercomprehensiveincomelossforeigncurrencytransactionandtranslationadjustmentnetoftax": 3481000,
        "othercomprehensiveincomelossderivativesqualifyingashedgesnetoftax": -4307000,
        "othercomprehensiveincomelossnetoftax": -826000,
        "comprehensiveincomenetoftax": 89529000
    },
    {
        "date": "2013-12-27",
        "symbol": "TDG",
        "period": "Q1",
        "salesrevenuenet": 254666000,
        "costofgoodsandservicessold": 206624000,
        "grossprofit": 261432000,
        "sellinggeneralandadministrativeexpense": 39069000,
        "amortizationofintangibleassets": 15774000,
        "operatingincomeloss": 206589000,
        "interestincomeexpensenet": -71000,
        "incomelossfromcontinuingoperationsbeforeincometaxesextraordinaryitemsnoncontrollinginterest": 86123000,
        "incometaxexpensebenefit": 80648000,
        "netincomeloss": 86123000,
        "netincomelossavailabletocommonstockholdersbasicandvestedoptionsdeemedparticipatingsecurities": 81984000,
        "earningspersharebasicanddiluted": 1.44,
        "weightedaveragenumberofshareoutstandingbasicanddiluted": 56991000,
        "othercomprehensiveincomelossforeigncurrencytransactionandtranslationadjustmentnetoftax": 2647000,
        "othercomprehensiveincomelossderivativesqualifyingashedgesnetoftax": 4064000,
        "othercomprehensiveincomelossnetoftax": 6711000,
        "comprehensiveincomenetoftax": 92834000,
        "othercomprehensiveincomelossderivativesqualifyingashedgestax": 1800000
    },
    {
        "date": "2013-06-28",
        "symbol": "TDG",
        "period": "Q3",
        "salesrevenuenet": -94582000,
        "costofgoodsandservicessold": 181687000,
        "grossprofit": 250019000,
        "sellinggeneralandadministrativeexpense": 36151000,
        "amortizationofintangibleassets": 8902000,
        "operatingincomeloss": 204966000,
        "interestincomeexpensenet": -745000,
        "incomelossfromcontinuingoperationsbeforeincometaxesminorityinterestandincomelossfromequitymethodinvestments": -149082000,
        "incometaxexpensebenefit": 69138000,
        "netincomeloss": 76655000,
        "netincomelossavailabletocommonstockholdersbasicandvestedoptionsdeemedparticipatingsecurities": 38679000,
        "earningspersharebasicanddiluted": 0.7100000000000001,
        "othercomprehensiveincomelossforeigncurrencytransactionandtranslationadjustmentnetoftax": 1434000,
        "othercomprehensiveincomelossnetoftax": 2316000,
        "comprehensiveincomenetoftax": 78971000
    },
    {
        "date": "2013-03-29",
        "symbol": "TDG",
        "period": "Q2",
        "salesrevenuenet": 410037000,
        "costofgoodsandservicessold": 171347000,
        "grossprofit": 238690000,
        "sellinggeneralandadministrativeexpense": 34864000,
        "amortizationofintangibleassets": 9139000,
        "operatingincomeloss": 194687000,
        "interestincomeexpensenet": -619000,
        "incomelossfromcontinuingoperationsbeforeincometaxesminorityinterestandincomelossfromequitymethodinvestments": 194068000,
        "incometaxexpensebenefit": 64865000,
        "netincomeloss": 67937000,
        "netincomelossavailabletocommonstockholdersbasicandvestedoptionsdeemedparticipatingsecurities": 67937000,
        "earningspersharebasicanddiluted": 1.25,
        "commonstockdividendspersharecashpaid": 0,
        "weightedaveragenumberofshareoutstandingbasicanddiluted": 0,
        "othercomprehensiveincomelossforeigncurrencytransactionandtranslationadjustmentnetoftax": -8995000,
        "othercomprehensiveincomeothernetoftax": 0,
        "othercomprehensiveincomelossnetoftax": -9325000,
        "comprehensiveincomenetoftax": 58612000
    },
    {
        "date": "2012-12-28",
        "symbol": "TDG",
        "period": "Q1",
        "salesrevenuenet": 379870000,
        "costofgoodsandservicessold": 159959000,
        "grossprofit": 219911000,
        "sellinggeneralandadministrativeexpense": 35566000,
        "amortizationofintangibleassets": 9945000,
        "operatingincomeloss": 174400000,
        "interestincomeexpensenet": -624000,
        "incomelossfromcontinuingoperationsbeforeincometaxesminorityinterestandincomelossfromequitymethodinvestments": 173776000,
        "incometaxexpensebenefit": 71971000,
        "netincomeloss": 74170000,
        "netincomelossavailabletocommonstockholdersbasicandvestedoptionsdeemedparticipatingsecurities": 36040000,
        "earningspersharebasicanddiluted": 0.66,
        "commonstockdividendspersharecashpaid": 12.85,
        "weightedaveragenumberofshareoutstandingbasicanddiluted": 54453000,
        "othercomprehensiveincomelossforeigncurrencytransactionandtranslationadjustmentnetoftax": 2052000,
        "othercomprehensiveincomeothernetoftax": -214000,
        "othercomprehensiveincomelossnetoftax": 1838000,
        "comprehensiveincomenetoftax": 76008000
    },
    {
        "date": "2012-06-29",
        "symbol": "TDG",
        "period": "Q3",
        "salesrevenuenet": 461660000,
        "costofgoodsandservicessold": 208358000,
        "grossprofit": 253302000,
        "sellinggeneralandadministrativeexpense": 56097000,
        "amortizationofintangibleassets": 11341000,
        "operatingincomeloss": 185864000,
        "interestincomeexpensenet": -55393000,
        "incomelossfromcontinuingoperationsbeforeincometaxesminorityinterestandincomelossfromequitymethodinvestments": 130471000,
        "incometaxexpensebenefit": 40025000,
        "incomelossfromcontinuingoperations": 90446000,
        "netincomeloss": 90446000,
        "netincomelossavailabletocommonstockholdersbasicandvestedoptionsdeemedparticipatingsecurities": 90446000,
        "incomelossfromcontinuingoperationsperbasicanddilutedshare": 1.68,
        "earningspersharebasicanddiluted": 1.68,
        "weightedaveragenumberofshareoutstandingbasicanddiluted": 53882000
    },
    {
        "date": "2012-03-30",
        "symbol": "TDG",
        "period": "Q2",
        "salesrevenuenet": 24618000,
        "costofgoodsandservicessold": 18528000,
        "grossprofit": 6090000,
        "sellinggeneralandadministrativeexpense": 13484000,
        "finitelivedintangibleassetsamortizationexpense": 156000,
        "operatingincomeloss": -7550000,
        "interestincomeexpensenet": -51800000,
        "incomelossfromcontinuingoperationsbeforeincometaxesminorityinterestandincomelossfromequitymethodinvestments": 62023000,
        "incometaxexpensebenefit": -19529000,
        "incomelossfromcontinuingoperations": 81552000,
        "netincomeloss": 81552000,
        "netincomelossavailabletocommonstockholdersbasicandvestedoptionsdeemedparticipatingsecurities": 81552000,
        "incomelossfromcontinuingoperationsperbasicanddilutedshare": 1.5100000000000002,
        "earningspersharebasicanddiluted": 1.5100000000000002,
        "weightedaveragenumberofsharesoutstandingbasicanddiluted": 0
    },
    {
        "date": "2011-12-30",
        "symbol": "TDG",
        "period": "Q1",
        "salesrevenuenet": 27518000,
        "costofgoodsandservicessold": 11876000,
        "grossprofit": 15642000,
        "sellinggeneralandadministrativeexpense": 14846000,
        "finitelivedintangibleassetsamortizationexpense": 156000,
        "operatingincomeloss": 640000,
        "interestincomeexpensenet": -48546000,
        "incomelossfromcontinuingoperationsbeforeincometaxesminorityinterestandincomelossfromequitymethodinvestments": 46878000,
        "incometaxexpensebenefit": -18227000,
        "incomelossfromcontinuingoperations": 65105000,
        "netincomeloss": 65105000,
        "netincomelossavailabletocommonstockholdersbasicandvestedoptionsdeemedparticipatingsecurities": 61806000,
        "incomelossfromcontinuingoperationsperbasicanddilutedshare": 1.15,
        "earningspersharebasicanddiluted": 1.15,
        "weightedaveragenumberofsharesoutstandingbasicanddiluted": 53882000
    },
    {
        "date": "2011-07-01",
        "symbol": "TDG",
        "period": "Q3",
        "salesrevenuenet": 325209000,
        "costofgoodsandservicessold": 142060000,
        "grossprofit": 183149000,
        "sellinggeneralandadministrativeexpense": 31549000,
        "amortizationofintangibleassetscontinuingoperations": 12445000,
        "operatingincomeloss": 139155000,
        "refinancingcosts": 38000,
        "interestincomeexpensenet": -49860000,
        "incomelossfromcontinuingoperationsbeforeincometaxesminorityinterestandincomelossfromequitymethodinvestments": 89257000,
        "incometaxexpensebenefit": 30889000,
        "incomelossfromcontinuingoperations": 58368000,
        "incomelossfromdiscontinuedoperationsnetoftax": -2088000,
        "netincomeloss": 56280000,
        "netincomelossavailabletocommonstockholdersbasicandvestedoptionsdeemedparticipatingsecurities": 56280000,
        "incomelossfromcontinuingoperationsperbasicanddilutedshare": 1.1,
        "incomelossfromdiscontinuedoperationsnetoftaxperbasicanddilutedshare": -0.04,
        "earningspersharebasicanddiluted": 1.06,
        "weightedaveragenumberbasicdilutedsharesoutstanding": 53333000
    },
    {
        "date": "2011-04-01",
        "symbol": "TDG",
        "period": "Q2",
        "salesrevenuenet": 311345000,
        "costofgoodsandservicessold": 152789000,
        "grossprofit": 158556000,
        "sellinggeneralandadministrativeexpense": 33790000,
        "amoritizationofintangibleassetscontinuingoperations": 11562000,
        "operatingincomeloss": 113204000,
        "refinancingcosts": 1649000,
        "interestincomeexpensenet": -54137000,
        "incomelossfromcontinuingoperationsbeforeincometaxesminorityinterestandincomelossfromequitymethodinvestments": 57418000,
        "incometaxexpensebenefit": 20745000,
        "incomelossfromcontinuingoperations": 36673000,
        "discontinuedoperationincomelossfromdiscontinuedoperationduringphaseoutperiodnetoftax": -1812000,
        "discontinuedoperationgainlossondisposalofdiscontinuedoperationnetoftax": 20956000,
        "incomelossfromdiscontinuedoperationsnetoftax": 19144000,
        "netincomeloss": 55817000,
        "netincomelossavailabletocommonstockholdersbasicandvestedoptionsdeemedparticipatingsecurities": 55817000,
        "incomelossfromcontinuingoperationsperbasicanddilutedshare": 0.69,
        "incomelossfromdiscontinuedoperationsnetoftaxperbasicanddilutedshare": 0.36,
        "earningspersharebasicanddiluted": 1.05,
        "weightedaveragenumberbasicdilutedsharesoutstanding": 53333000
    },
    {
        "date": "2010-12-31",
        "symbol": "TDG",
        "period": "Q1",
        "salesrevenuenet": 240046000,
        "costofgoodsandservicessold": 112314000,
        "grossprofit": 127732000,
        "sellinggeneralandadministrativeexpense": 31030000,
        "amortizationofintangibleassets": 4415000,
        "refinancingcosts": 70730000,
        "operatingexpenses": 106175000,
        "operatingincomeloss": 21557000,
        "interestincomeexpensenet": -32554000,
        "incomelossfromcontinuingoperationsbeforeincometaxesminorityinterestandincomelossfromequitymethodinvestments": -10997000,
        "incometaxexpensebenefit": -3650000,
        "netincomeloss": -7347000,
        "netincomelossavailabletocommonstockholdersbasicandvestedoptionsdeemedparticipatingsecurities": -10157000,
        "earningspersharebasicanddiluted": -0.19,
        "weightedaveragenumberbasicdilutedsharesoutstanding": 53328000
    }
]